{"host":"1c52r9kaxdyo25eq","time":1608668819,"event":{"mods":["AchievementEnabler","BaseMod","Minty Spire (QoL Compilation)","Rare Cards Sparkle","SuperFastMode","everything is the same but u backflip on backflip"],"gold_per_floor":[114,114,130,143,155,155,181,131,200,200,125,139,139,167,167,267,267,277,102,102,117,130,130,130,141,141,117,117,128,160,170,170,273,273,286,306,356,371,67,67,95,95,95,115,145,145,180,212,212,212,212,212,23,50,50],"floor_reached":56,"playtime":1567,"items_purged":["Strike_R","Strike_R","Strike_R"],"score":1676,"play_id":"c9217d79-dfc6-4664-97f2-05c9a6173220","local_time":"20201223052659","is_ascension_mode":true,"campfire_choices":[{"data":"Shockwave","floor":6.0,"key":"SMITH"},{"data":"Shrug It Off","floor":10.0,"key":"SMITH"},{"data":"Spot Weakness","floor":15.0,"key":"SMITH"},{"floor":23.0,"key":"RECALL"},{"floor":28.0,"key":"REST"},{"data":"Dual Wield","floor":32.0,"key":"SMITH"},{"data":"Armaments","floor":40.0,"key":"SMITH"},{"floor":42.0,"key":"REST"},{"floor":46,"key":"REST"},{"data":"Limit Break","floor":49,"key":"SMITH"},{"data":"Feed","floor":52,"key":"SMITH"}],"circlet_count":0,"master_deck":["Strike_R","Defend_R","Defend_R+1","Defend_R+1","Defend_R","Bash","Heavy Blade+1","Shockwave+1","Shrug It Off+1","Spot Weakness+1","Limit Break+1","Limit Break+1","Shrug It Off","Dual Wield+1","Seeing Red+1","Feed+1","Armaments+1","Evolve+1","Inflame"],"relics":["Burning Blood","Oddly Smooth Stone","Incense Burner","Paper Frog","Regal Pillow","Sozu","WingedGreaves","Runic Pyramid","Unceasing Top","ClockworkSouvenir","Mango","Ancient Tea Set","Bronze Scales","Boot","Pocketwatch","Strawberry","Pen Nib"],"acts_visited":["Exordium","TheCity","TheBeyond","TheEnding"],"potions_floor_usage":[55,55],"damage_taken":[{"damage":8.0,"enemies":"Small Slimes","floor":1.0,"turns":5.0},{"damage":0.0,"enemies":"Cultist","floor":3.0,"turns":3.0},{"damage":0.0,"enemies":"2 Louse","floor":4.0,"turns":2.0},{"damage":4.0,"enemies":"Looter","floor":5.0,"turns":3.0},{"damage":27.0,"enemies":"Gremlin Nob","floor":7.0,"turns":4.0},{"damage":5.0,"enemies":"3 Louse","floor":12.0,"turns":3.0},{"damage":4.0,"enemies":"Lagavulin","floor":14.0,"turns":5.0},{"damage":7.0,"enemies":"Slime Boss","floor":16.0,"turns":6.0},{"damage":14.0,"enemies":"Shell Parasite","floor":18.0,"turns":7.0},{"damage":14.0,"enemies":"3 Byrds","floor":21.0,"turns":6.0},{"damage":6.0,"enemies":"Snake Plant","floor":22.0,"turns":4.0},{"damage":17.0,"enemies":"Shelled Parasite and Fungi","floor":25.0,"turns":3.0},{"damage":11.0,"enemies":"Cultist and Chosen","floor":29.0,"turns":7.0},{"damage":26.0,"enemies":"Gremlin Leader","floor":30.0,"turns":5.0},{"damage":9.0,"enemies":"Snake Plant","floor":31.0,"turns":3.0},{"damage":40.0,"enemies":"Automaton","floor":33.0,"turns":6.0},{"damage":18.0,"enemies":"3 Darklings","floor":35.0,"turns":5.0},{"damage":12.0,"enemies":"3 Shapes","floor":36.0,"turns":6.0},{"damage":0.0,"enemies":"Mind Bloom Boss Battle","floor":37.0,"turns":6.0},{"damage":30.0,"enemies":"Jaw Worm Horde","floor":38.0,"turns":4.0},{"damage":36.0,"enemies":"Giant Head","floor":41.0,"turns":7.0},{"damage":7,"enemies":"Writhing Mass","floor":44,"turns":4},{"damage":21,"enemies":"Reptomancer","floor":45,"turns":4},{"damage":5,"enemies":"Nemesis","floor":47,"turns":5},{"damage":0,"enemies":"Reptomancer","floor":48,"turns":2},{"damage":42,"enemies":"Awakened One","floor":50,"turns":7},{"damage":31,"enemies":"Shield and Spear","floor":54,"turns":4},{"damage":69,"enemies":"The Heart","floor":55,"turns":8}],"seed_played":"-504177168061520269","potions_obtained":[{"floor":1.0,"key":"EssenceOfSteel"},{"floor":4.0,"key":"DistilledChaos"},{"floor":12.0,"key":"SteroidPotion"},{"floor":14.0,"key":"BlessingOfTheForge"}],"is_trial":false,"path_per_floor":["M","?","M","M","M","R","E","?","T","R","$","M","?","E","R","B",null,"M","$","?","M","M","R","?","M","T","$","R","M","E","M","R","B",null,"M","M","?","M","$","R","E","R","T","M","E","R","E","E","R","B",null,"R","$","E","B",null],"character_chosen":"IRONCLAD","items_purchased":["Limit Break","Shrug It Off","ClockworkSouvenir","Armaments","Inflame","Strawberry"],"campfire_rested":3,"item_purchase_floors":[19,27,39,39,53,53],"current_hp_per_floor":[70,70,76,80,80,80,59,59,59,59,59,60,44,46,46,45,71,63,63,63,55,55,55,55,44,44,44,80,75,55,52,52,18,65,56,56,65,50,50,50,38,88,88,90,75,122,122,122,122,90,117,117,124,103,40],"gold":50,"neow_bonus":"RANDOM_COMMON_RELIC","is_daily":false,"chose_seed":false,"campfire_upgraded":7,"win_rate":0.0,"timestamp":1608668819,"path_taken":["M","?","M","?","M","R","E","?","T","R","$","M","?","E","R","BOSS","M","$","?","?","M","R","?","M","T","$","R","M","E","?","R","BOSS","M","M","?","M","$","R","E","R","T","M","E","R","E","E","R","BOSS","R","$","E","BOSS"],"items_purchased_type":["Card","Card","Relic","Card","Card","Relic"],"build_version":"2020-12-13","purchased_purges":3,"victory":true,"max_hp_per_floor":[80,80,80,80,80,80,80,80,80,80,80,80,80,80,80,80,80,80,80,80,80,80,80,80,80,80,80,80,80,80,80,80,80,80,83,89,92,101,101,101,119,119,119,122,122,122,122,122,122,126,126,126,133,137,137],"card_choices":[{"not_picked":["Searing Blow","Sword Boomerang"],"picked":"Heavy Blade","floor":1.0},{"not_picked":["Seeing Red","Cleave","Heavy Blade"],"picked":"SKIP","floor":3.0},{"not_picked":["Reckless Charge","Battle Trance"],"picked":"Shockwave","floor":4.0},{"not_picked":["Infernal Blade","Sword Boomerang"],"picked":"Shrug It Off","floor":5.0},{"not_picked":["Warcry","Sword Boomerang","Body Slam"],"picked":"SKIP","floor":7.0},{"not_picked":["Seeing Red","Pommel Strike"],"picked":"Spot Weakness","floor":12.0},{"not_picked":["Disarm","Reaper","Perfected Strike"],"picked":"SKIP","floor":14.0},{"not_picked":["Fiend Fire","Bludgeon"],"picked":"Limit Break","floor":16.0},{"not_picked":["Wild Strike","Anger","Heavy Blade"],"picked":"SKIP","floor":18.0},{"not_picked":["Sword Boomerang","Rupture+1","Pommel Strike"],"picked":"SKIP","floor":21.0},{"not_picked":["Shrug It Off","Berserk","Headbutt+1"],"picked":"SKIP","floor":22.0},{"not_picked":["Havoc","Sword Boomerang","Rupture"],"picked":"SKIP","floor":25.0},{"not_picked":["Clothesline","Armaments+1"],"picked":"Dual Wield","floor":29.0},{"not_picked":["Shockwave","Perfected Strike","Rage+1"],"picked":"SKIP","floor":30.0},{"not_picked":["Seeing Red+1","Dark Embrace","Sword Boomerang"],"picked":"SKIP","floor":31.0},{"not_picked":["Dark Embrace","Sword Boomerang"],"picked":"Seeing Red+1","floor":31.0},{"not_picked":["Limit Break","Exhume"],"picked":"Feed","floor":33.0},{"not_picked":["Combust+1","Armaments","Infernal Blade+1"],"picked":"SKIP","floor":35.0},{"not_picked":["Thunderclap+1","Havoc+1","Clothesline"],"picked":"SKIP","floor":36.0},{"not_picked":["Wild Strike+1","Twin Strike+1","Body Slam"],"picked":"SKIP","floor":38.0},{"not_picked":["Demon Form","Combust","Pommel Strike+1"],"picked":"SKIP","floor":41.0},{"not_picked":["Anger+1","Infernal Blade"],"picked":"Evolve+1","floor":44},{"not_picked":["Pummel","Sever Soul","Exhume"],"picked":"SKIP","floor":45},{"not_picked":["Entrench+1","Rage","Flex"],"picked":"SKIP","floor":47},{"not_picked":["Dual Wield+1","Body Slam","Ghostly Armor"],"picked":"SKIP","floor":48},{"not_picked":["Spot Weakness","Shrug It Off","Inflame"],"picked":"SKIP","floor":54}],"player_experience":507686,"relics_obtained":[{"floor":7.0,"key":"Incense Burner"},{"floor":9.0,"key":"Paper Frog"},{"floor":14.0,"key":"Regal Pillow"},{"floor":30.0,"key":"WingedGreaves"},{"floor":37.0,"key":"Unceasing Top"},{"floor":41.0,"key":"Mango"},{"floor":43.0,"key":"Ancient Tea Set"},{"floor":45,"key":"Bronze Scales"},{"floor":47,"key":"Boot"},{"floor":48,"key":"Pocketwatch"},{"floor":54,"key":"Pen Nib"}],"event_choices":[{"damage_healed":0.0,"max_hp_gain":0.0,"max_hp_loss":0.0,"gold_gain":0.0,"event_name":"Accursed Blacksmith","player_choice":"Forge","floor":2.0,"gold_loss":0.0,"damage_taken":0.0,"cards_upgraded":["Heavy Blade"]},{"cards_removed":["Strike_R"],"damage_healed":0.0,"max_hp_gain":0.0,"max_hp_loss":0.0,"gold_gain":0.0,"event_name":"The Cleric","player_choice":"Card Removal","floor":8.0,"gold_loss":50.0,"damage_taken":0.0},{"damage_healed":0.0,"max_hp_gain":0.0,"max_hp_loss":0.0,"gold_gain":0.0,"event_name":"Shining Light","player_choice":"Entered Light","floor":13.0,"gold_loss":0.0,"damage_taken":16.0,"cards_upgraded":["Defend_R","Defend_R"]},{"damage_healed":0.0,"max_hp_gain":0.0,"max_hp_loss":0.0,"gold_gain":0.0,"event_name":"Upgrade Shrine","player_choice":"Upgraded","floor":20.0,"gold_loss":0.0,"damage_taken":0.0,"cards_upgraded":["Limit Break"]},{"damage_healed":0.0,"max_hp_gain":0.0,"max_hp_loss":0.0,"gold_gain":0.0,"event_name":"Lab","player_choice":"Got Potions","floor":24.0,"gold_loss":0.0,"damage_taken":0.0},{"damage_healed":0.0,"max_hp_gain":0.0,"max_hp_loss":0.0,"gold_gain":0.0,"event_name":"MindBloom","player_choice":"Fight","floor":37.0,"gold_loss":0.0,"damage_taken":0.0}],"is_beta":false,"boss_relics":[{"not_picked":["Cursed Key","Tiny House"],"picked":"Sozu"},{"not_picked":["Velvet Choker","Busted Crown"],"picked":"Runic Pyramid"}],"items_purged_floors":[11,19,39],"is_endless":false,"potions_floor_spawned":[1,4,12,14,16,21,22,29,33,37,38,41,45,47,48,54],"ascension_level":6}}