{"host":"etaq29tqikxfqxk8","time":1608601327,"event":{"mods":["AchievementEnabler","BaseMod","Better Third Choice","BetterRewards","Colored Map","Colored Powertips","Minty Spire (QoL Compilation)","Rare Cards Sparkle","Shop Mod","StSLib","yUi"],"gold_per_floor":[115,115,24,38,38,67,67,82,108,108,126,126,143,177,177,273,273,284,194,40,40,56,56,66,66,66,78,92,105,105,105,105,209,209,221,41,41,61,23,23,50,50,50,50,5,0,0,10,10,10],"floor_reached":51,"playtime":2803,"items_purged":[],"score":733,"play_id":"ad00be66-ba82-4b5e-87e1-616f48aac561","local_time":"20201222024207","is_ascension_mode":false,"campfire_choices":[{"data":"Bane","floor":7,"key":"SMITH"},{"data":"Catalyst","floor":10,"key":"SMITH"},{"floor":12,"key":"REST"},{"floor":15,"key":"REST"},{"floor":23,"key":"REST"},{"floor":25,"key":"REST"},{"data":"Bouncing Flask","floor":32,"key":"SMITH"},{"data":"Bouncing Flask","floor":40,"key":"SMITH"},{"floor":42,"key":"REST"},{"data":"Wraith Form v2","floor":44,"key":"SMITH"},{"data":"Adrenaline","floor":47,"key":"SMITH"},{"floor":49,"key":"REST"}],"circlet_count":0,"master_deck":["Strike_G","Strike_G+1","Strike_G","Strike_G","Strike_G","Defend_G","Defend_G","Defend_G+1","Defend_G","Defend_G","Survivor","Neutralize","Flying Knee+1","Bane+1","Catalyst+1","PiercingWail","Endless Agony","PiercingWail","Adrenaline+1","Backstab","Deadly Poison","Wraith Form v2+1","Poisoned Stab","Bouncing Flask+1","PiercingWail+1","Poisoned Stab","Slice","Poisoned Stab+1","Endless Agony+1","J.A.X.","Die Die Die+1","Poisoned Stab","Infinite Blades","Writhe","Bane+1","Bouncing Flask+1","Backstab+1","Deadly Poison","Bane"],"relics":["Ring of the Serpent","NeowsBlessing","WarpedTongs","Toy Ornithopter","Nunchaku","StoneCalendar","Vajra","Ninja Scroll","SlaversCollar","Oddly Smooth Stone","Whetstone","Bottled Lightning","Red Mask"],"acts_visited":["Exordium","TheCity","TheBeyond"],"potions_floor_usage":[16,33,50,50,50,50,50],"damage_taken":[{"damage":0,"enemies":"Cultist","floor":1,"turns":1},{"damage":0,"enemies":"2 Louse","floor":4,"turns":1},{"damage":3,"enemies":"3 Sentries","floor":6,"turns":2},{"damage":6,"enemies":"Jaw Worm","floor":8,"turns":3},{"damage":8,"enemies":"Exordium Wildlife","floor":11,"turns":5},{"damage":10,"enemies":"Large Slime","floor":13,"turns":8},{"damage":18,"enemies":"Gremlin Nob","floor":14,"turns":5},{"damage":31,"enemies":"Slime Boss","floor":16,"turns":7},{"damage":14,"enemies":"Chosen","floor":18,"turns":5},{"damage":13,"enemies":"Spheric Guardian","floor":22,"turns":4},{"damage":17,"enemies":"Centurion and Healer","floor":24,"turns":5},{"damage":21,"enemies":"Snake Plant","floor":27,"turns":2},{"damage":1,"enemies":"Chosen and Byrds","floor":28,"turns":4},{"damage":4,"enemies":"Cultist and Chosen","floor":29,"turns":5},{"damage":11,"enemies":"Automaton","floor":33,"turns":7},{"damage":19,"enemies":"3 Shapes","floor":35,"turns":3},{"damage":4,"enemies":"3 Darklings","floor":38,"turns":4},{"damage":9,"enemies":"Giant Head","floor":41,"turns":7},{"damage":51,"enemies":"4 Shapes","floor":48,"turns":4},{"damage":23,"enemies":"Donu and Deca","floor":50,"turns":7}],"seed_played":"1521968068901147018","potions_obtained":[{"floor":1,"key":"GhostInAJar"},{"floor":4,"key":"SkillPotion"},{"floor":14,"key":"DistilledChaos"},{"floor":16,"key":"EntropicBrew"},{"floor":22,"key":"DistilledChaos"},{"floor":41,"key":"Fire Potion"}],"is_trial":false,"path_per_floor":["M","?","$","M","?","E","R","M","T","R","M","R","M","E","R","B",null,"M","?","$","?","M","R","M","R","T","M","M","M","?","?","R","B",null,"M","$","?","M","$","R","E","R","T","R","$","?","R","M","R","B",null],"character_chosen":"THE_SILENT","items_purchased":["Bane","Catalyst","Vajra","Oddly Smooth Stone","Infinite Blades","Bouncing Flask","Deadly Poison"],"campfire_rested":6,"item_purchase_floors":[3,3,20,36,36,39,45],"current_hp_per_floor":[70,70,70,70,70,67,67,61,61,61,53,70,60,42,63,37,70,56,56,56,56,43,64,47,68,68,47,46,42,42,70,70,64,70,51,51,69,65,65,65,56,70,70,70,70,70,70,19,40,42],"gold":10,"neow_bonus":"THREE_ENEMY_KILL","is_daily":false,"chose_seed":false,"campfire_upgraded":6,"win_rate":0.0,"timestamp":1608601327,"path_taken":["M","?","$","?","?","E","R","M","T","R","?","R","M","E","R","BOSS","M","?","$","?","M","R","M","R","T","M","M","M","?","?","R","BOSS","M","?","?","M","$","R","E","R","T","R","?","?","R","M","R","BOSS"],"items_purchased_type":["Card","Card","Relic","Relic","Card","Card","Card"],"build_version":"2020-12-13","purchased_purges":0,"victory":true,"max_hp_per_floor":[70,70,70,70,70,70,70,70,70,70,70,70,70,70,70,70,70,70,70,70,70,70,70,70,70,70,70,70,70,70,70,70,70,70,70,70,70,70,70,70,70,70,70,70,70,70,70,70,70,70],"card_choices":[{"not_picked":["Tactician","Predator"],"picked":"Flying Knee","floor":1},{"not_picked":["Catalyst","Skewer"],"picked":"PiercingWail","floor":4},{"not_picked":["Backflip","Acrobatics"],"picked":"Endless Agony","floor":6},{"not_picked":["Acrobatics","Flying Knee"],"picked":"PiercingWail","floor":8},{"not_picked":["Blade Dance","Bane"],"picked":"Adrenaline","floor":11},{"not_picked":["Choke","Skewer"],"picked":"Backstab","floor":13},{"not_picked":["Slice","PiercingWail"],"picked":"Deadly Poison","floor":14},{"not_picked":["A Thousand Cuts","Adrenaline"],"picked":"Wraith Form v2","floor":16},{"not_picked":["Outmaneuver","Deadly Poison"],"picked":"Poisoned Stab","floor":18},{"not_picked":["Underhanded Strike","Dodge and Roll"],"picked":"PiercingWail+1","floor":22},{"not_picked":["Predator","Deadly Poison+1"],"picked":"Poisoned Stab","floor":24},{"not_picked":["Sucker Punch","Masterful Stab+1"],"picked":"Slice","floor":27},{"not_picked":["Deadly Poison","Backflip"],"picked":"Poisoned Stab+1","floor":28},{"not_picked":["Acrobatics","Dagger Spray"],"picked":"Endless Agony+1","floor":29},{"not_picked":["Venomology","Unload"],"picked":"Die Die Die","floor":33},{"not_picked":["PiercingWail","Slice"],"picked":"Poisoned Stab","floor":35},{"not_picked":["Sucker Punch","Eviscerate+1"],"picked":"Bane+1","floor":38},{"not_picked":["Leg Sweep","Underhanded Strike+1"],"picked":"Backstab+1","floor":41},{"not_picked":["Quick Slash","Sucker Punch+1"],"picked":"Bane","floor":48}],"player_experience":20587,"relics_obtained":[{"floor":6,"key":"Toy Ornithopter"},{"floor":9,"key":"Nunchaku"},{"floor":14,"key":"StoneCalendar"},{"floor":26,"key":"Ninja Scroll"},{"floor":41,"key":"Whetstone"},{"floor":43,"key":"Bottled Lightning"}],"event_choices":[{"damage_healed":0,"gold_gain":0,"player_choice":"Upgraded","damage_taken":0,"max_hp_gain":0,"max_hp_loss":0,"event_name":"Upgrade Shrine","floor":2,"gold_loss":0,"cards_upgraded":["Flying Knee"]},{"damage_healed":0,"gold_gain":0,"player_choice":"Rummage","damage_taken":0,"relics_obtained":["WarpedTongs"],"max_hp_gain":0,"max_hp_loss":0,"event_name":"Accursed Blacksmith","floor":5,"gold_loss":0,"cards_obtained":["Pain"]},{"cards_removed":["Pain"],"damage_healed":0,"gold_gain":0,"player_choice":"Upgrade and Remove","damage_taken":0,"max_hp_gain":0,"max_hp_loss":0,"event_name":"Designer","floor":19,"gold_loss":90,"cards_upgraded":["Defend_G"]},{"damage_healed":0,"gold_gain":0,"player_choice":"Read","damage_taken":0,"max_hp_gain":0,"max_hp_loss":0,"event_name":"The Library","floor":21,"gold_loss":0,"cards_obtained":["Bouncing Flask"]},{"damage_healed":0,"gold_gain":0,"player_choice":"Obtain J.A.X.","damage_taken":0,"max_hp_gain":0,"max_hp_loss":0,"event_name":"Drug Dealer","floor":30,"gold_loss":0,"cards_obtained":["J.A.X."]},{"damage_healed":28,"gold_gain":0,"player_choice":"Full Heal","damage_taken":0,"max_hp_gain":0,"max_hp_loss":0,"event_name":"Wheel of Change","floor":31,"gold_loss":0},{"damage_healed":18,"gold_gain":0,"player_choice":"Writhe","damage_taken":0,"max_hp_gain":0,"max_hp_loss":0,"event_name":"Winding Halls","floor":37,"gold_loss":0,"cards_obtained":["Writhe"]},{"damage_healed":0,"gold_gain":0,"player_choice":"Paid","damage_taken":0,"relics_obtained":["Red Mask"],"max_hp_gain":0,"max_hp_loss":0,"event_name":"Tomb of Lord Red Mask","floor":46,"gold_loss":5}],"is_beta":false,"boss_relics":[{"not_picked":["Snecko Eye","HoveringKite"],"picked":"Ring of the Serpent"},{"not_picked":["Sozu","Runic Dome"],"picked":"SlaversCollar"}],"items_purged_floors":[],"is_endless":false,"potions_floor_spawned":[1,4,14,16,18,22,24,29,41,48],"ascension_level":0}}