{"host":"cjhtzh7tp54jdfyv","time":1608680961,"event":{"mods":["AchievementEnabler","BaseMod","Colored Map","Colored Powertips","Downfall","Minty Spire (QoL Compilation)","RNG Fix","Relic Stats","StSLib","ojb\u0027s Better Paths Mod","ojb\u0027s Info Mod"],"gold_per_floor":[99,99,116,128,36,65,65,98,98,115,129,129,157,157,170,170,170,170],"floor_reached":16,"playtime":1006,"items_purged":[],"score":224,"play_id":"9a1970bf-66e2-4be8-8d5f-bf8a4312db14","local_time":"20201222184921","is_ascension_mode":true,"campfire_choices":[{"data":"Slimebound:MassFeed","floor":1.0,"key":"SMITH"},{"floor":9,"key":"REST"},{"data":"Slimebound:GoopSpray","floor":12,"key":"SMITH"}],"circlet_count":0,"master_deck":["Slimebound:Strike_Slimebound","Slimebound:Strike_Slimebound","Slimebound:Tackle","Slimebound:Defend_Slimebound","Slimebound:Defend_Slimebound","Slimebound:Defend_Slimebound","Slimebound:Defend_Slimebound","Slimebound:Split","Slimebound:CorrosiveSpit","Slimebound:MassFeed+1","Slimebound:ViciousTackle","Slimebound:Grow","Slimebound:SpikyOuterGoop","Slimebound:OneTwoCombo","Slimebound:RollThrough","Slimebound:GoopSpray+1","Slimebound:SplitMire","Slimebound:ForwardTackle","Slimebound:SplitAcid"],"relics":["Slimebound:AbsorbEndCombat","Letter Opener","Sundial","Shuriken","Bag of Preparation","downfall:ShatteredFragment"],"acts_visited":["Exordium"],"potions_floor_usage":[10,16],"damage_taken":[{"damage":5.0,"enemies":"Cultist","floor":3.0,"turns":3.0},{"damage":0.0,"enemies":"Small Slimes","floor":4.0,"turns":2.0},{"damage":18.0,"enemies":"downfall:FleeingMerchant","floor":5.0,"turns":4.0},{"damage":40.0,"enemies":"Lagavulin","floor":6.0,"turns":6.0},{"damage":22,"enemies":"Gremlin Nob","floor":8,"turns":3},{"damage":0,"enemies":"2 Louse","floor":10,"turns":1},{"damage":7,"enemies":"Gremlin Gang","floor":11,"turns":3},{"damage":24,"enemies":"Lagavulin","floor":13,"turns":5},{"damage":8,"enemies":"Large Slime","floor":15,"turns":5},{"damage":48,"enemies":"downfall:Defect","floor":16,"turns":4}],"seed_played":"249860364087743001","potions_obtained":[{"floor":8,"key":"Explosive Potion"},{"floor":10,"key":"Slimebound:SpawnSlimePotion"},{"floor":11,"key":"AttackPotion"},{"floor":15,"key":"Strength Potion"}],"is_trial":false,"path_per_floor":["R","?","M","M","$","E","T","E","R","M","M","R","E","?","M","B"],"character_chosen":"SLIMEBOUND","items_purchased":["Slimebound:SpikyOuterGoop"],"campfire_rested":1,"item_purchase_floors":[5],"current_hp_per_floor":[54,54,58,66,58,32,32,18,39,47,56,56,42,24,40,0,0,0],"gold":170,"neow_bonus":"THREE_RARE_CARDS","is_daily":false,"chose_seed":false,"campfire_upgraded":2,"win_rate":0.0,"timestamp":1608680961,"path_taken":["R","?","M","M","$","E","T","E","R","?","M","R","E","?","M","BOSS"],"items_purchased_type":["Card"],"build_version":"2020-12-13","purchased_purges":0,"victory":false,"max_hp_per_floor":[54,54,58,66,66,70,70,70,70,78,86,86,86,86,94,94,94,94],"relic_stats":{"counters":[10,36],"Sundial":[2],"Shuriken":[3],"Bag of Preparation":[4],"Letter Opener":[0],"obtain_stats":[{"downfall:ShatteredFragment":14,"Sundial":7,"Shuriken":8,"Slimebound:AbsorbEndCombat":0,"Bag of Preparation":13,"Letter Opener":6},{"downfall:ShatteredFragment":8,"Sundial":4,"Shuriken":5,"Slimebound:AbsorbEndCombat":0,"Bag of Preparation":8,"Letter Opener":4},{"downfall:ShatteredFragment":27,"Sundial":15,"Shuriken":18,"Slimebound:AbsorbEndCombat":0,"Bag of Preparation":27,"Letter Opener":15}]},"card_choices":[{"not_picked":["Slimebound:OozeBath","Slimebound:TagTeam"],"picked":"Slimebound:MassFeed","floor":0.0},{"not_picked":["Slimebound:SlimeSpikes","Slimebound:SplitMire"],"picked":"Slimebound:ViciousTackle","floor":3.0},{"not_picked":["Slimebound:Dissolve","Slimebound:SamplingLick","Slimebound:ServeAndProtect"],"picked":"SKIP","floor":4.0},{"not_picked":["Slimebound:Replication","Slimebound:SplitBruiser"],"picked":"Slimebound:Grow","floor":5.0},{"not_picked":["Slimebound:FlameTackle","Slimebound:ServeAndProtect"],"picked":"Slimebound:OneTwoCombo","floor":6.0},{"not_picked":["Slimebound:BestDefense","Slimebound:TagTeam"],"picked":"Slimebound:RollThrough","floor":8},{"not_picked":["Slimebound:ForwardTackle","Slimebound:FinishingTackle"],"picked":"Slimebound:GoopSpray","floor":10},{"not_picked":["Slimebound:Repurpose","Slimebound:SplitAcid"],"picked":"Slimebound:SplitMire","floor":11},{"not_picked":["Slimebound:LeechEnergy","Slimebound:SlimeBrawl"],"picked":"Slimebound:ForwardTackle","floor":13},{"not_picked":["Slimebound:LivingWall","Slimebound:TongueLash"],"picked":"Slimebound:SplitAcid","floor":15}],"player_experience":4413307,"relics_obtained":[{"floor":6.0,"key":"Letter Opener"},{"floor":7.0,"key":"Sundial"},{"floor":8,"key":"Shuriken"},{"floor":13,"key":"Bag of Preparation"}],"event_choices":[{"cards_removed":["Slimebound:Strike_Slimebound"],"damage_healed":0.0,"max_hp_gain":0.0,"max_hp_loss":0.0,"gold_gain":0.0,"event_name":"The Cleric","player_choice":"Card Removal","floor":2.0,"gold_loss":0.0,"damage_taken":0.0}],"is_beta":false,"boss_relics":[],"items_purged_floors":[],"is_endless":false,"potions_floor_spawned":[8,10,11,15],"killed_by":"downfall:Defect","ascension_level":4}}