{"host":"lmshf3swj20gmdor","time":1608680424,"event":{"mods":["Aspiration","BaseMod","Conspire","Downfall","Hubris","Mad Scientist","Minty Spire (QoL Compilation)","Replay The Spire","Spikes Relics","StSLib","Synergy Search","The Construct"],"gold_per_floor":[114,114,141,154,154,154,3,3,27,50,50,82,82,82,82,190,190,190,190,190,136,136,136,136,136,136,136,136,136,136,61,61,61,61],"floor_reached":33,"playtime":1391,"items_purged":[],"score":363,"play_id":"c1df6625-971d-4188-8372-15cd8bbcc204","local_time":"20201222234024","is_ascension_mode":true,"campfire_choices":[{"data":"Zap","floor":8,"key":"SMITH"},{"floor":11,"key":"REST"},{"floor":13,"key":"REST"},{"floor":15,"key":"REST"},{"floor":23,"key":"REST"},{"data":"Self Repair","floor":25,"key":"SMITH"},{"data":"Auto Shields","floor":27,"key":"SMITH"},{"floor":32,"key":"REST"}],"circlet_count":0,"master_deck":["Strike_B+1","Strike_B","Strike_B+1","Strike_B","Defend_B+1","Defend_B+1","Defend_B+1","Defend_B","Zap+1","Dualcast+1","hubris:SpecializedCircuitry+1","Cold Snap","Auto Shields+1","Injury","Steam+1","Conserve Battery+1","Seek+1","Self Repair+1","Ball Lightning","Self Repair+1","Leap+1","Redo+1"],"relics":["Cracked Core","Gremlin Food","hubris:Icosahedron","Toxic Egg 2","Chemical X","Replay:Bandana","Iron Hammer","Ectoplasm","Prayer Wheel","Turnip","SpikesRelics:ToyHorsey"],"acts_visited":["Exordium","TheCity"],"potions_floor_usage":[12,16,30],"damage_taken":[{"damage":8,"enemies":"Cultist","floor":1,"turns":4},{"damage":12,"enemies":"Jaw Worm","floor":4,"turns":3},{"damage":13,"enemies":"Small Slimes","floor":10,"turns":4},{"damage":18,"enemies":"Lagavulin","floor":12,"turns":7},{"damage":81,"enemies":"Fading Forest","floor":16,"turns":11},{"damage":24,"enemies":"Spheric Guardian","floor":18,"turns":6},{"damage":5,"enemies":"Chosen","floor":20,"turns":5},{"damage":24,"enemies":"Centurion and Healer","floor":22,"turns":7},{"damage":25,"enemies":"Replay:Snechameleon","floor":24,"turns":7},{"damage":11,"enemies":"Sentry and Sphere","floor":28,"turns":7},{"damage":46,"enemies":"Colosseum Slavers","floor":30,"turns":5},{"damage":20,"enemies":"Colosseum Nobs","floor":30,"turns":4},{"damage":57,"enemies":"hubris:MusketHawk","floor":33,"turns":7}],"seed_played":"-4522114650184879007","potions_obtained":[{"floor":4,"key":"Dexterity Potion"},{"floor":16,"key":"PotionOfCapacity"},{"floor":28,"key":"SmokeBomb"}],"is_trial":false,"path_per_floor":["M","?","T","M","?","?","$","R","T","M","R","E","R","$","R","B",null,"M","?","M","$","M","R","E","R","T","R","M","$","?","?","R","B"],"character_chosen":"DEFECT","items_purchased":["Chemical X","Self Repair+1"],"campfire_rested":5,"item_purchase_floors":[7,21],"current_hp_per_floor":[60,45,45,33,33,33,33,33,33,20,42,24,46,46,68,7,58,34,34,39,39,35,57,49,49,49,49,58,58,32,32,54,0,0],"gold":61,"neow_bonus":"THREE_RARE_CARDS","is_daily":false,"chose_seed":false,"campfire_upgraded":3,"win_rate":0.0,"timestamp":1608680424,"path_taken":["M","?","?","?","?","?","$","R","T","M","R","E","R","?","R","BOSS","M","?","M","$","?","R","E","R","T","R","M","?","?","?","R","BOSS"],"items_purchased_type":["Relic","Card"],"build_version":"2020-12-13","purchased_purges":0,"victory":false,"max_hp_per_floor":[75,75,75,75,75,75,75,75,75,75,75,75,75,75,75,75,75,75,75,75,75,75,75,75,75,75,75,75,75,75,75,75,75,75],"card_choices":[{"not_picked":["hubris:DoWhile","ReplayTheSpireMod:Fabricate Wheel"],"picked":"hubris:SpecializedCircuitry","floor":0},{"not_picked":["RefreshScreen","Scrape"],"picked":"Cold Snap","floor":1},{"not_picked":["Stack","Panic Button"],"picked":"Auto Shields","floor":4},{"not_picked":["Reprogram+1","RefreshScreen"],"picked":"Steam+1","floor":10},{"not_picked":["DiskWipe","Beam Cell"],"picked":"Conserve Battery+1","floor":12},{"not_picked":["Echo Form","All For One"],"picked":"ReplayTheSpireMod:Fabricate Wheel+1","floor":16},{"not_picked":["Beam Cell","ReplayTheSpireMod:Calculation Training+1"],"picked":"Self Repair","floor":18},{"not_picked":["Stack+1","Rebound","Compile Driver+1"],"picked":"SKIP","floor":18},{"not_picked":["Rebound","Panic Button+1"],"picked":"Ball Lightning","floor":20},{"not_picked":["Time Bomb+1","Hologram+1","Ball Lightning"],"picked":"SKIP","floor":20},{"not_picked":["ReplayGash+1","conspire:Rain+1"],"picked":"Leap+1","floor":22},{"not_picked":["Go for the Eyes","Turbo+1","Barrage"],"picked":"SKIP","floor":22},{"not_picked":["Doom and Gloom+1","Gash","Streamline+1"],"picked":"SKIP","floor":24},{"not_picked":["Barrage","Melter"],"picked":"Redo+1","floor":28},{"not_picked":["Go for the Eyes","Streamline","Panic Button+1"],"picked":"SKIP","floor":28}],"player_experience":840651,"relics_obtained":[{"floor":3,"key":"Gremlin Food"},{"floor":9,"key":"Replay:Bandana"},{"floor":12,"key":"Iron Hammer"},{"floor":24,"key":"Turnip"},{"floor":26,"key":"SpikesRelics:ToyHorsey"}],"event_choices":[{"damage_healed":0,"gold_gain":0,"player_choice":"Entered Light","damage_taken":15,"max_hp_gain":0,"max_hp_loss":0,"event_name":"Shining Light","floor":2,"gold_loss":0,"cards_upgraded":["Defend_B","hubris:SpecializedCircuitry"]},{"damage_healed":0,"gold_gain":100,"player_choice":"Pray","damage_taken":0,"max_hp_gain":0,"max_hp_loss":0,"event_name":"Golden Shrine","floor":19,"gold_loss":0},{"damage_healed":0,"gold_gain":0,"player_choice":"Fight","damage_taken":0,"max_hp_gain":0,"max_hp_loss":0,"event_name":"Colosseum","floor":30,"gold_loss":0},{"damage_healed":0,"gold_gain":0,"player_choice":"Fought Nobs","damage_taken":0,"max_hp_gain":0,"max_hp_loss":0,"event_name":"Colosseum","floor":30,"gold_loss":0},{"cards_removed":["Decay"],"damage_healed":0,"gold_gain":0,"player_choice":"Gave Gold","damage_taken":0,"max_hp_gain":0,"max_hp_loss":0,"event_name":"Beggar","floor":31,"gold_loss":75}],"is_beta":false,"boss_relics":[{"not_picked":["Runic Dome","Replay:Drink Me"],"picked":"Ectoplasm"}],"items_purged_floors":[],"is_endless":false,"potions_floor_spawned":[4,16,28,30],"killed_by":"hubris:MusketHawk","ascension_level":8}}