{"host":"f0gpob8hq9vgebej","time":1608612881,"event":{"mods":["AchievementEnabler","BaseMod","Googly Eyes","Minty Spire (QoL Compilation)","Quick Restart","SuperFastMode"],"gold_per_floor":[361,361,86,96,110,110,136,136,136,68,85,85,103,128,128,226,226,244,260,359,129,129,129],"floor_reached":22,"playtime":747,"items_purged":["Decay","Strike_G"],"score":310,"play_id":"9e1fe62a-5134-4d72-b84e-8f9d8ef18192","local_time":"20201222135441","is_ascension_mode":true,"campfire_choices":[{"data":"Crippling Poison","floor":6.0,"key":"SMITH"},{"data":"Accuracy","floor":12.0,"key":"SMITH"},{"data":"Envenom","floor":15.0,"key":"SMITH"}],"circlet_count":0,"master_deck":["AscendersBane","Strike_G","Strike_G","Strike_G","Strike_G","Defend_G","Defend_G","Defend_G","Defend_G","Defend_G","Survivor","Neutralize","Poisoned Stab","Blade Dance","Crippling Poison+1","Backflip","Escape Plan","Accuracy+1","Envenom+1","Envenom","Acrobatics","Footwork"],"relics":["Ring of the Snake","ClockworkSouvenir","Eternal Feather","Lantern","Oddly Smooth Stone","HoveringKite"],"acts_visited":["Exordium","TheCity"],"potions_floor_usage":[22],"damage_taken":[{"damage":7.0,"enemies":"Cultist","floor":1.0,"turns":5.0},{"damage":0.0,"enemies":"2 Louse","floor":4.0,"turns":4.0},{"damage":0.0,"enemies":"Small Slimes","floor":5.0,"turns":3.0},{"damage":8.0,"enemies":"Gremlin Nob","floor":7.0,"turns":3.0},{"damage":1.0,"enemies":"Blue Slaver","floor":11.0,"turns":4.0},{"damage":2.0,"enemies":"Exordium Thugs","floor":13.0,"turns":5.0},{"damage":10.0,"enemies":"Lagavulin","floor":14.0,"turns":5.0},{"damage":16.0,"enemies":"Slime Boss","floor":16.0,"turns":8.0},{"damage":4.0,"enemies":"3 Byrds","floor":18.0,"turns":4.0},{"damage":21,"enemies":"Shell Parasite","floor":19,"turns":8},{"damage":42,"enemies":"Masked Bandits","floor":22,"turns":3}],"seed_played":"-512237316446576889","potions_obtained":[{"floor":5.0,"key":"Fire Potion"},{"floor":8.0,"key":"Regen Potion"},{"floor":8.0,"key":"CultistPotion"},{"floor":16.0,"key":"PowerPotion"}],"is_trial":false,"path_per_floor":["M","?","$","M","M","R","E","?","T","$","M","R","M","E","R","B",null,"M","M","?","$","?"],"character_chosen":"THE_SILENT","items_purchased":["Blade Dance","ClockworkSouvenir","Accuracy","Acrobatics","Footwork"],"campfire_rested":0,"item_purchase_floors":[3,3,10,21,21],"current_hp_per_floor":[56,56,56,56,56,56,48,48,48,48,47,56,54,44,56,55,66,62,41,41,41,0,0],"gold":129,"neow_bonus":"TWO_FIFTY_GOLD","is_daily":false,"chose_seed":false,"campfire_upgraded":3,"win_rate":0.0,"timestamp":1608612881,"path_taken":["M","?","$","M","M","R","E","?","T","$","?","R","M","E","R","BOSS","M","M","?","$","?"],"items_purchased_type":["Card","Relic","Card","Card","Card"],"build_version":"2020-12-13","purchased_purges":2,"victory":false,"max_hp_per_floor":[70,70,70,70,70,70,70,70,70,70,70,70,70,70,70,70,70,70,70,70,70,70,70],"card_choices":[{"not_picked":["Flechettes","Bane"],"picked":"Poisoned Stab","floor":1.0},{"not_picked":["Quick Slash","Outmaneuver"],"picked":"Crippling Poison","floor":4.0},{"not_picked":["Acrobatics","Prepared"],"picked":"Backflip","floor":5.0},{"not_picked":["Terror","Underhanded Strike"],"picked":"Escape Plan","floor":7.0},{"not_picked":["Dagger Throw","Bane","Deflect"],"picked":"SKIP","floor":11.0},{"not_picked":["Dagger Spray","Deadly Poison"],"picked":"Envenom","floor":13.0},{"not_picked":["Dodge and Roll","Dagger Throw","Outmaneuver"],"picked":"SKIP","floor":14.0},{"not_picked":["A Thousand Cuts","Bullet Time"],"picked":"Envenom","floor":16.0},{"not_picked":["Sucker Punch","Leg Sweep","Blur"],"picked":"SKIP","floor":18.0},{"not_picked":["Dagger Throw","Sucker Punch","Backflip"],"picked":"SKIP","floor":19}],"player_experience":184818,"relics_obtained":[{"floor":7.0,"key":"Eternal Feather"},{"floor":9.0,"key":"Lantern"},{"floor":14.0,"key":"Oddly Smooth Stone"}],"event_choices":[{"damage_healed":0.0,"max_hp_gain":0.0,"max_hp_loss":0.0,"gold_gain":0.0,"event_name":"Shining Light","player_choice":"Ignored","floor":2.0,"gold_loss":0.0,"damage_taken":0.0},{"damage_healed":0.0,"max_hp_gain":0.0,"max_hp_loss":0.0,"gold_gain":0.0,"event_name":"Lab","player_choice":"Got Potions","floor":8.0,"gold_loss":0.0,"damage_taken":0.0},{"damage_healed":0,"gold_gain":99,"player_choice":"Stole From Cult","damage_taken":0,"max_hp_gain":0,"max_hp_loss":0,"event_name":"Nest","floor":20,"gold_loss":0},{"damage_healed":0,"gold_gain":0,"player_choice":"Fought Bandits","damage_taken":0,"max_hp_gain":0,"max_hp_loss":0,"event_name":"Masked Bandits","floor":22,"gold_loss":0}],"is_beta":false,"boss_relics":[{"not_picked":["Tiny House","Coffee Dripper"],"picked":"HoveringKite"}],"items_purged_floors":[3,21],"is_endless":false,"potions_floor_spawned":[5,11,13,16],"killed_by":"Masked Bandits","ascension_level":12}}