{"host":"56xwnffi6e9z5l58","time":1608647991,"event":{"mods":["Aspiration","BaseMod","Better Match","Better Note","Better Sensory Stone","BetterRewards","Colored Map","Colored Powertips","Conspire","GifTheSpireLib","Hermit","Highlight Path","Hubris","Infinite Spire","Key Reminder","Minty Spire (QoL Compilation)","Permanent Neow","Quick Restart","Rare Cards Sparkle","Replay The Spire","StSLib","Stuff the Spire","SuperFastMode","Unceasing Turn Reminder"],"gold_per_floor":[20,34,45,64,14,14,64,93,105,117,26,65,77,125,137,151,151],"floor_reached":16,"playtime":391,"items_purged":[],"score":163,"play_id":"14e5c0b8-c595-431c-87d1-d76ec1172c32","local_time":"20201222223951","is_ascension_mode":true,"campfire_choices":[{"data":"Consume","floor":6,"key":"SMITH"},{"floor":13,"key":"REST"}],"circlet_count":0,"master_deck":["AscendersBane","Strike_B","Defend_B","Defend_B","Defend_B","Defend_B","Zap","Dualcast","Rebound","Hologram+1","Consume+1","Redo","StuffTheSpire:Plugnplay","Injury","Regret","Coolheaded","ReplaySolidLightProjector"],"relics":["Cracked Core","Ring of Greed","Ring of Peace","MawBank","Replay:Bandana","Ornamental Fan","Golden Idol","hubris:SoftwareUpdate","StuffTheSpire:Gunfinga"],"acts_visited":["Exordium"],"potions_floor_usage":[14],"damage_taken":[{"damage":13,"enemies":"2 Louse","floor":1,"turns":4},{"damage":12,"enemies":"Jaw Worm","floor":2,"turns":3},{"damage":3,"enemies":"Cultist","floor":3,"turns":4},{"damage":6,"enemies":"Looter","floor":4,"turns":2},{"damage":0,"enemies":"Exordium Thugs","floor":8,"turns":4},{"damage":4,"enemies":"2 Fungi Beasts","floor":12,"turns":3},{"damage":25,"enemies":"Lagavulin","floor":14,"turns":5},{"damage":52,"enemies":"Fading Forest","floor":16,"turns":7}],"seed_played":"782640076858044189","potions_obtained":[{"floor":1,"key":"Fire Potion"},{"floor":3,"key":"LiquidMemories"},{"floor":8,"key":"Ancient Potion"}],"is_trial":false,"path_per_floor":["M","M","M","M","?","R","?","M","T","?","?","M","R","E","R_BF","B"],"character_chosen":"DEFECT","items_purchased":[],"campfire_rested":1,"item_purchase_floors":[],"current_hp_per_floor":[55,43,40,34,34,34,34,34,34,34,34,30,52,27,49,0,0],"gold":151,"neow_bonus":"REMOVE_TWO","is_daily":false,"chose_seed":false,"campfire_upgraded":1,"win_rate":0.0,"timestamp":1608647991,"path_taken":["M","M","M","M","?","R","?","?","T","?","?","M","R","E","R_BF","BOSS"],"items_purchased_type":[],"build_version":"2020-12-13","purchased_purges":0,"victory":false,"max_hp_per_floor":[75,75,75,75,75,75,75,75,75,75,75,75,75,75,75,75,75],"card_choices":[{"not_picked":["Redo","Reinforced Body"],"picked":"Rebound","floor":1},{"not_picked":["ReplayGash","Steam Power"],"picked":"Hologram","floor":2},{"not_picked":["Cold Snap","Melter"],"picked":"Consume","floor":3},{"not_picked":["Barrage","Steam"],"picked":"Redo","floor":4},{"not_picked":["Leap","Steam"],"picked":"StuffTheSpire:Plugnplay","floor":8},{"not_picked":["StuffTheSpire:LoadUp","Compile Driver"],"picked":"Coolheaded","floor":12},{"not_picked":["Stack","Streamline"],"picked":"ReplaySolidLightProjector","floor":14}],"player_experience":945802,"relics_obtained":[{"floor":7,"key":"Ring of Greed"},{"floor":7,"key":"Ring of Peace"},{"floor":7,"key":"MawBank"},{"floor":7,"key":"Replay:Bandana"},{"floor":9,"key":"Ornamental Fan"},{"floor":14,"key":"StuffTheSpire:Gunfinga"}],"event_choices":[{"cards_removed":["Strike_B"],"damage_healed":0,"gold_gain":0,"player_choice":"Card Removal","damage_taken":0,"max_hp_gain":0,"max_hp_loss":0,"event_name":"The Cleric","floor":5,"gold_loss":50},{"damage_healed":0,"gold_gain":0,"player_choice":"Take Wound","damage_taken":0,"relics_obtained":["Golden Idol"],"max_hp_gain":0,"max_hp_loss":0,"event_name":"Golden Idol","floor":10,"gold_loss":0,"cards_obtained":["Injury"]},{"damage_healed":0,"gold_gain":0,"player_choice":"Paid Gold","damage_taken":0,"relics_obtained":["hubris:SoftwareUpdate"],"max_hp_gain":0,"max_hp_loss":0,"event_name":"WeMeetAgain","floor":11,"gold_loss":103}],"is_beta":false,"boss_relics":[],"items_purged_floors":[],"is_endless":false,"potions_floor_spawned":[1,3,8],"killed_by":"Fading Forest","ascension_level":12}}