{"host":"usewcu4ohw2wtmxk","time":1608642308,"event":{"mods":["BaseMod","Minty Spire (QoL Compilation)","Permanent Neow","Quick Restart","Relic Stats","UnlockEverythingMod"],"gold_per_floor":[119,139,155,255,271,271,282,309,357,367,386,386,405,157,157,235,235,248,248,259,259,259],"floor_reached":21,"playtime":2396,"items_purged":["Strike_B"],"score":370,"play_id":"a0c5fc33-56fa-4af0-8f9d-cde0dca934a3","local_time":"20201222210508","is_ascension_mode":true,"campfire_choices":[{"data":"Dualcast","floor":6.0,"key":"SMITH"},{"data":"Coolheaded","floor":12.0,"key":"SMITH"},{"data":"Turbo","floor":15.0,"key":"SMITH"}],"circlet_count":0,"master_deck":["AscendersBane","Strike_B","Strike_B","Strike_B","Defend_B","Defend_B","Defend_B","Defend_B","Zap","Dualcast+1","Echo Form","BootSequence","Glacier","Ball Lightning","Cold Snap","Turbo+1","Coolheaded+1","Buffer+1"],"relics":["Cracked Core","Mango","Omamori","Anchor","Snecko Eye"],"acts_visited":["Exordium","TheCity"],"potions_floor_usage":[],"damage_taken":[{"damage":1.0,"enemies":"Cultist","floor":1.0,"turns":3.0},{"damage":7.0,"enemies":"Jaw Worm","floor":2.0,"turns":3.0},{"damage":0.0,"enemies":"2 Louse","floor":3.0,"turns":3.0},{"damage":16.0,"enemies":"Gremlin Gang","floor":5.0,"turns":6.0},{"damage":15.0,"enemies":"Blue Slaver","floor":7.0,"turns":4.0},{"damage":9.0,"enemies":"Lagavulin","floor":8.0,"turns":10.0},{"damage":4.0,"enemies":"Exordium Thugs","floor":10.0,"turns":5.0},{"damage":0.0,"enemies":"Large Slime","floor":11.0,"turns":6.0},{"damage":0.0,"enemies":"Gremlin Gang","floor":13.0,"turns":5.0},{"damage":16.0,"enemies":"The Guardian","floor":16.0,"turns":15.0},{"damage":24.0,"enemies":"3 Byrds","floor":18.0,"turns":7.0},{"damage":0,"enemies":"2 Thieves","floor":20,"turns":5}],"seed_played":"1996399962083738654","potions_obtained":[{"floor":1.0,"key":"PotionOfCapacity"},{"floor":5.0,"key":"FocusPotion"},{"floor":7.0,"key":"Block Potion"},{"floor":16.0,"key":"AttackPotion"}],"is_trial":false,"path_per_floor":["M","M","M","?","M","R","M","E","T","M","M","R","M","$","R","B",null,"M","?","M","?"],"character_chosen":"DEFECT","items_purchased":["Anchor"],"campfire_rested":0,"item_purchase_floors":[14],"current_hp_per_floor":[63,56,56,56,40,40,25,30,30,26,26,26,26,26,26,10,66,42,42,42,42,42],"gold":259,"neow_bonus":"ONE_RANDOM_RARE_CARD","is_daily":false,"chose_seed":false,"campfire_upgraded":3,"win_rate":0.0,"timestamp":1608642308,"path_taken":["M","?","M","?","M","R","M","E","T","M","M","R","?","$","R","BOSS","M","?","?","?"],"items_purchased_type":["Relic"],"build_version":"2020-12-13","purchased_purges":1,"victory":false,"max_hp_per_floor":[71,71,71,71,71,71,71,85,85,85,85,85,85,85,85,85,85,85,85,85,85,85],"relic_stats":{"counters":[12,72],"Snecko Eye":[22,29,19,16],"obtain_stats":[{"Anchor":14,"Snecko Eye":17,"Mango":8,"Omamori":9,"Cracked Core":0},{"Anchor":9,"Snecko Eye":10,"Mango":6,"Omamori":6,"Cracked Core":0},{"Anchor":45,"Snecko Eye":60,"Mango":29,"Omamori":29,"Cracked Core":0}]},"card_choices":[{"not_picked":["Doom and Gloom","Barrage","Beam Cell"],"picked":"SKIP","floor":1.0},{"not_picked":["Redo","Barrage"],"picked":"BootSequence","floor":2.0},{"not_picked":["Ball Lightning","Coolheaded"],"picked":"Glacier","floor":3.0},{"not_picked":["Fission","Rip and Tear"],"picked":"Ball Lightning","floor":5.0},{"not_picked":["Heatsinks","Leap","Double Energy"],"picked":"SKIP","floor":7.0},{"not_picked":["Redo","Aggregate"],"picked":"Cold Snap","floor":8.0},{"not_picked":["Fusion","Go for the Eyes"],"picked":"Turbo","floor":10.0},{"not_picked":["Gash","Steam Power"],"picked":"Coolheaded","floor":11.0},{"not_picked":["Redo","Reprogram","Streamline"],"picked":"SKIP","floor":13.0},{"not_picked":["Reboot","Meteor Strike"],"picked":"Buffer","floor":16.0},{"not_picked":["Loop","Hologram","Streamline"],"picked":"SKIP","floor":18.0},{"not_picked":["Go for the Eyes+1","Doom and Gloom","Ball Lightning"],"picked":"SKIP","floor":20}],"player_experience":224577,"relics_obtained":[{"floor":8.0,"key":"Mango"},{"floor":9.0,"key":"Omamori"}],"event_choices":[{"damage_healed":0.0,"max_hp_gain":0.0,"max_hp_loss":0.0,"gold_gain":100.0,"event_name":"Wheel of Change","player_choice":"Gold","floor":4.0,"gold_loss":0.0,"damage_taken":0.0},{"damage_healed":0.0,"max_hp_gain":0.0,"max_hp_loss":0.0,"gold_gain":0.0,"event_name":"Accursed Blacksmith","player_choice":"Forge","floor":19.0,"gold_loss":0.0,"damage_taken":0.0,"cards_upgraded":["Buffer"]}],"is_beta":false,"boss_relics":[{"not_picked":["Velvet Choker","Busted Crown"],"picked":"Snecko Eye"}],"items_purged_floors":[14],"is_endless":false,"potions_floor_spawned":[1,5,7,10,16,18],"ascension_level":20}}