{"host":"odz7g4gpgch153rb","time":1608662476,"event":{"mods":["AchievementEnabler","BaseMod","Better Match","Better Third Choice","BetterRewards","GifTheSpireLib","Infinite Spire","Jedi Mod","Minty Spire (QoL Compilation)","Quick Restart","Replay The Spire","Spikes Relics","StSLib","Stuff the Spire","The Blue Laboratory","Trackpad"],"gold_per_floor":[116,128,10,10,26,26,26,26,26,42,60,81,81,101,101,105,105],"floor_reached":16,"playtime":922,"items_purged":["Strike_G"],"score":252,"play_id":"a73d11c5-c767-4c88-8b68-7946355a88dc","local_time":"20201222134116","is_ascension_mode":true,"campfire_choices":[{"data":"Caltrops","floor":6,"key":"SMITH"},{"data":"jedi:pocketpoison","floor":8,"key":"SMITH"},{"floor":13,"key":"REST"},{"floor":15,"key":"REST"}],"circlet_count":0,"master_deck":["AscendersBane","Strike_G","Strike_G","Strike_G","Strike_G","Defend_G","Defend_G","Defend_G","Defend_G","Defend_G","Survivor","Neutralize","Footwork+1","Panacea","Deadly Poison","jedi:pocketpoison+1","Caltrops+1","Catalyst","Deadly Poison"],"relics":["Ring of the Snake","Ginger","ExplosiveVial","Replay:Bandana"],"acts_visited":["Exordium"],"potions_floor_usage":[10,11,12,14],"damage_taken":[{"damage":13,"enemies":"infinitespire:Voidling","floor":1,"turns":5},{"damage":1,"enemies":"Jaw Worm","floor":2,"turns":5},{"damage":0,"enemies":"Small Slimes","floor":5,"turns":5},{"damage":10,"enemies":"Exordium Wildlife","floor":10,"turns":4},{"damage":0,"enemies":"Lots of Slimes","floor":11,"turns":2},{"damage":5,"enemies":"Gremlin Gang","floor":12,"turns":6},{"damage":0,"enemies":"Large Slime","floor":14,"turns":5},{"damage":65,"enemies":"Slime Boss","floor":16,"turns":10}],"seed_played":"-5074164475669606361","potions_obtained":[{"floor":5,"key":"Toxic Potion"},{"floor":10,"key":"blueLaboratory:BottleOfRum"},{"floor":12,"key":"LiquidMemories"}],"is_trial":false,"path_per_floor":["M","M","$","?","M","R","?","R","T","M","M","M","R","M","R","B"],"character_chosen":"THE_SILENT","items_purchased":["Footwork","ExplosiveVial","Poison Potion","SkillPotion","Panacea","jedi:pocketpoison","Caltrops"],"campfire_rested":2,"item_purchase_floors":[0,0,0,0,0,3,3],"current_hp_per_floor":[32,31,31,31,31,31,31,31,31,21,21,16,35,35,54,0,0],"gold":105,"neow_bonus":"","is_daily":false,"chose_seed":false,"campfire_upgraded":2,"win_rate":0.0,"timestamp":1608662476,"path_taken":["M","?","$","?","M","R","?","R","T","M","?","M","R","M","R","BOSS"],"items_purchased_type":["Card","Relic","Potion","Potion","Card","Card","Card"],"build_version":"2020-12-13","purchased_purges":1,"victory":false,"max_hp_per_floor":[66,66,66,66,66,66,66,66,66,66,66,66,66,66,66,66,66],"card_choices":[{"not_picked":["StuffTheSpire:Python","Backflip"],"picked":"Deadly Poison","floor":1},{"not_picked":["Slice","Predator","Expertise"],"picked":"SKIP","floor":2},{"not_picked":["StuffTheSpire:Injection","StuffTheSpire:BumpUp"],"picked":"Catalyst","floor":5},{"not_picked":["Distraction","Underhanded Strike","Slice"],"picked":"SKIP","floor":10},{"not_picked":["Flying Knee","StuffTheSpire:Sprint","Draining Mist"],"picked":"SKIP","floor":11},{"not_picked":["Blade Dance","Hidden Blade","StuffTheSpire:MirrorStance"],"picked":"SKIP","floor":12},{"not_picked":["Dagger Throw","jedi:unstablefumes"],"picked":"Deadly Poison","floor":14}],"player_experience":926257,"relics_obtained":[{"floor":9,"key":"Replay:Bandana"}],"event_choices":[{"damage_healed":0,"gold_gain":0,"player_choice":"Grow","damage_taken":0,"max_hp_gain":0,"max_hp_loss":0,"event_name":"Living Wall","floor":4,"gold_loss":0,"cards_upgraded":["Footwork"]}],"is_beta":false,"boss_relics":[],"items_purged_floors":[0],"is_endless":false,"potions_floor_spawned":[5,10,12],"killed_by":"Slime Boss","ascension_level":15}}