{"host":"95z455tvs39jqwbd","time":1608610428,"event":{"mods":["2.2 Compatiblity","Abigail Mod","AchievementEnabler","Act Like it!","Aspiration","Astrologer","BaseMod","Bestiary","Better Match","Better Third Choice","BetterRewards","Challenge The Spire","Colored Map","Conspire","Curses Come First","Custom Start","DeckTracker","Defuse TimeMaze Blight","Downfall","Duelist Mod","Ekko","Elementarium","Friendly Minions","GifTheSpireLib","Grow up Mod","Halation","Hallownest","Hermit","Hero for Fun","Hubris","Infinite Spire","JesterMod","Jorbs\u0027s Wanderer Trilogy","Kiyohime????","Luminous","Marisa????????","Mimic Mod","Minty Spire (QoL Compilation)","Pale of the Ancients","Permanent Neow","READ ME - Guardian Mod","Rare Cards Sparkle","Remove Card Discount Mod","Replay The Spire","Shade Mod","Spikes Relics","StSLib","Stuff the Spire","SuperFastMode","The Administrix","The Awakened One except there are too many feathers","The Construct","The Cursed","The Death Knight","The Disciple","The Exalted","The Factory","The Forsaken","The Hayseed","The Hierophant","The Judge","The Jungle","The Marked","The Mystic","The Necromancer","The Runesmith","The Servant 0.9.4","TheArtist","TheBandit","TheSwordswoman","Treasure Hunter","Uncapped","Unceasing Turn Reminder","Waifu the Spire","Yuyuko","vexMod"],"gold_per_floor":[0,13,77,91,66,17,90,15,41,53,73,73,105,125,140,238,238,88,22,38,51,65,65,65,84,21,21,70,70,84,103,122,219,219,219,235,255,255,255,270,347,364,364,364,381,381,381,119,138,139],"floor_reached":51,"playtime":2706,"items_purged":[],"score":763,"play_id":"ae1b32a9-40e9-4e30-a224-26818d1447b1","local_time":"20201222051348","is_ascension_mode":false,"campfire_choices":[{"floor":1,"key":"RECALL"},{"data":"Guardian:WalkerClaw","floor":8,"key":"SMITH"},{"data":"Guardian:TwinSlam","floor":18,"key":"SMITH"},{"data":"TH:CursedSword","floor":23,"key":"SMITH"},{"data":"Guardian:SphericShield","floor":27,"key":"SMITH"},{"data":"Guardian:HyperBeam_Guardian","floor":44,"key":"SMITH"}],"circlet_count":0,"master_deck":["Guardian:Strike_Guardian","Guardian:Strike_Guardian","Guardian:Strike_Guardian","Guardian:Strike_Guardian","Guardian:Defend_Guardian","Guardian:Defend_Guardian+1","Guardian:CurlUp","Guardian:TwinSlam+1","Guardian:GuardianWhirl","Guardian:TemporalStrike","Guardian:WalkerClaw+1","Guardian:ShieldCharger","Guardian:ShieldCharger","Guardian:RollAttack","Guardian:SentryBeam","TH:EnergyPotion","TH:CursedSword+1","Guardian:ExploitGems","TH:DeckOfManyThings","Guardian:ArmoredProtocol","Guardian:Orbwalk","Guardian:ChargeUp+1","TH:Mimic","Guardian:SphericShield+1","Guardian:Reroute+1","Guardian:ShieldCharger+1","Guardian:SpikerProtocol+1","Guardian:ShieldSpikes","TH:ElvenBoots","Guardian:Orbwalk+1","Guardian:RollAttack","ReplayTheSpireMod:Splinters","Guardian:ShieldSpikes","Guardian:ShieldCharger+1","infinitespire:DeathsTouch","Guardian:ChargeUp","Guardian:FloatingOrbs+1","TH:DeckOfManyThings","Guardian:HyperBeam_Guardian+1","Guardian:WalkerClaw+1","Guardian:Recover+1","Guardian:PrismaticBeam+1","TH:ElvenBoots+1","Guardian:WalkerClaw","Guardian:VentSteam+1","TH:ArmorSpikes","Replay:SS_forest_5","Guardian:AncientConstruct","Guardian:ShieldCharger+1"],"relics":["Guardian:ModeShifter","Bromod:ArcaneVictory","downfall:HeartBlessingRed","Bromod:ArcaneTrickery","hubris:OldNail","Replay:Bronze Core","downfall:HeartBlessingGreen","downfall:HeartBlessingBlue","Smiling Mask","Gremlin Horn","halation:HeavySnake","hubris:Towel","Bromod:ArcaneAwakening","Iron Hammer","GiantMaggot"],"acts_visited":["Exordium","TheCity","TheBeyond"],"potions_floor_usage":[16,16,33,33,33,42,42,45,50],"damage_taken":[{"damage":5,"enemies":"2 Louse","floor":2,"turns":3},{"damage":41,"enemies":"Lagavulin Event","floor":3,"turns":9},{"damage":10,"enemies":"Small Slimes","floor":4,"turns":3},{"damage":0,"enemies":"downfall:FleeingMerchant","floor":6,"turns":4},{"damage":24,"enemies":"3 Sentries","floor":9,"turns":6},{"damage":15,"enemies":"Jaw Worm","floor":10,"turns":3},{"damage":7,"enemies":"Blue Slaver","floor":11,"turns":4},{"damage":10,"enemies":"Lagavulin","floor":13,"turns":6},{"damage":0,"enemies":"Exordium Wildlife","floor":14,"turns":2},{"damage":20,"enemies":"Large Slime","floor":15,"turns":4},{"damage":26,"enemies":"downfall:Defect","floor":16,"turns":6},{"damage":8,"enemies":"downfall:FleeingMerchant","floor":19,"turns":4},{"damage":32,"enemies":"Spheric Guardian","floor":20,"turns":7},{"damage":19,"enemies":"Snecko","floor":21,"turns":6},{"damage":17,"enemies":"Shelled Parasite and Fungi","floor":22,"turns":6},{"damage":14,"enemies":"Snake Plant","floor":25,"turns":4},{"damage":0,"enemies":"downfall:FleeingMerchant","floor":26,"turns":5},{"damage":1,"enemies":"Sentry and Sphere","floor":30,"turns":5},{"damage":16,"enemies":"Shelled Parasite and Fungi","floor":31,"turns":5},{"damage":25,"enemies":"Centurion and Healer","floor":32,"turns":4},{"damage":24,"enemies":"downfall:Silent","floor":33,"turns":7},{"damage":19,"enemies":"Orb Walker","floor":36,"turns":4},{"damage":34,"enemies":"3 Darklings","floor":37,"turns":5},{"damage":19,"enemies":"Sphere and 2 Shapes","floor":40,"turns":4},{"damage":38,"enemies":"Transient","floor":42,"turns":5},{"damage":31,"enemies":"Writhing Mass","floor":45,"turns":6},{"damage":10,"enemies":"downfall:FleeingMerchant","floor":48,"turns":5},{"damage":13,"enemies":"Jaw Worm Horde","floor":49,"turns":3},{"damage":114,"enemies":"downfall:Ironclad","floor":50,"turns":21}],"seed_played":"-9146114837788044278","potions_obtained":[{"floor":3,"key":"DistilledChaos"},{"floor":10,"key":"champ:CounterPotion"},{"floor":11,"key":"Block Potion"},{"floor":22,"key":"Regen Potion"},{"floor":25,"key":"sneckomod:MuddlingPotion"},{"floor":33,"key":"ColorlessPotion"},{"floor":36,"key":"Energy Potion"},{"floor":40,"key":"Explosive Potion"},{"floor":43,"key":"downfall:CursedFountainPotion"}],"is_trial":false,"path_per_floor":["R_BF","M","?","M","?","$","T","R","E","M","M","?","E","M","M","B",null,"R","$","M","M","M","R","T","M","$","R","?","?","M","M","M","B",null,"R_BF","M","M","?","?","M","T","M","?","R","M","T","?","$","M","B",null],"character_chosen":"GUARDIAN","items_purchased":["Guardian:SentryBeam","Guardian:Gem_Green","Guardian:RollAttack","GiantMaggot"],"campfire_rested":0,"item_purchase_floors":[6,19,26,48],"current_hp_per_floor":[100,105,74,76,86,96,106,116,105,101,105,135,136,148,139,124,260,280,282,262,255,251,261,271,269,280,290,300,216,228,225,213,216,440,450,443,427,437,447,442,452,426,436,446,427,437,447,448,449,347],"gold":139,"neow_bonus":"TRANSFORM_TWO_CARDS","is_daily":false,"chose_seed":false,"campfire_upgraded":5,"win_rate":0.0,"timestamp":1608610428,"path_taken":["R_BF","M","?","M","?","?","T","R","E","M","?","?","E","M","M","BOSS","R","$","M","M","M","R","T","M","$","R","?","?","M","M","M","BOSS","R_BF","M","M","?","?","M","T","?","?","R","?","?","?","$","M","BOSS"],"items_purchased_type":["Card","Card","Card","Relic"],"build_version":"2020-12-13","purchased_purges":0,"victory":true,"max_hp_per_floor":[100,110,120,130,140,150,160,170,180,190,200,210,220,230,240,250,260,280,290,300,310,320,330,340,350,360,370,380,390,400,410,420,430,440,450,460,470,480,490,500,510,520,530,540,550,560,570,580,590,600],"card_choices":[{"not_picked":["Guardian:Harden","Guardian:PrimingBeam"],"picked":"Guardian:WalkerClaw","floor":2},{"not_picked":["Guardian:Emergency","Guardian:PrismaticBarrier"],"picked":"Guardian:ShieldCharger","floor":3},{"not_picked":["Guardian:PiercingHide","Guardian:CrystalBeam"],"picked":"Guardian:ShieldCharger","floor":4},{"not_picked":["Guardian:Incinerate","Guardian:VentSteam"],"picked":"Guardian:RollAttack","floor":6},{"not_picked":["TH:TreasureMap"],"picked":"TH:EnergyPotion","floor":7},{"not_picked":["TH:DeckOfManyThings"],"picked":"TH:CursedSword","floor":9},{"not_picked":["Guardian:BronzeOrb","Guardian:TimeBomb"],"picked":"Guardian:ExploitGems","floor":9},{"not_picked":["Guardian:EvasiveProtocol","Guardian:DonusPower"],"picked":"Guardian:Gem_Green","floor":10},{"not_picked":["Guardian:Reroute","Guardian:Preprogram"],"picked":"Guardian:Gem_Lightblue","floor":11},{"not_picked":["TH:PixieDust"],"picked":"TH:DeckOfManyThings","floor":13},{"not_picked":["Guardian:PrimingBeam","Guardian:Incinerate"],"picked":"Guardian:ArmoredProtocol","floor":13},{"not_picked":["Guardian:TemporalStrike","Guardian:ArmoredProtocol"],"picked":"Guardian:Orbwalk","floor":14},{"not_picked":["Guardian:Recover","Guardian:Harden"],"picked":"Guardian:ChargeUp","floor":15},{"not_picked":["TH:EnergyPotion"],"picked":"TH:Mimic","floor":16},{"not_picked":["Guardian:ConstructionForm","Guardian:RevengeProtocol"],"picked":"Guardian:SphericShield","floor":16},{"not_picked":["Guardian:DonusPower","Guardian:MultiBeam"],"picked":"Guardian:Reroute+1","floor":19},{"not_picked":["Guardian:Planning","Guardian:TemporalStrike"],"picked":"Guardian:ShieldCharger","floor":20},{"not_picked":["Guardian:Gem_Lightblue","Guardian:ChargeUp"],"picked":"Guardian:SpikerProtocol+1","floor":21},{"not_picked":["Guardian:Recover","Guardian:Gem_Green"],"picked":"Guardian:ShieldSpikes","floor":22},{"not_picked":["TH:CopperCoins"],"picked":"TH:ElvenBoots","floor":24},{"not_picked":["Guardian:Preprogram","Guardian:SentryBeam"],"picked":"Guardian:Orbwalk+1","floor":25},{"not_picked":["Guardian:Gem_Green","Guardian:Incinerate"],"picked":"Guardian:Gem_Cyan","floor":26},{"not_picked":["Guardian:Incinerate","Guardian:VentSteam"],"picked":"Guardian:ShieldSpikes","floor":28},{"not_picked":["Guardian:SphericShield","Guardian:CrystalBeam"],"picked":"Guardian:ShieldCharger+1","floor":28},{"not_picked":["infinitespire:Starlight","infinitespire:Oblivion"],"picked":"infinitespire:DeathsTouch","floor":29},{"not_picked":["Guardian:Emergency+1","Guardian:Recover"],"picked":"Guardian:ChargeUp","floor":30},{"not_picked":["Guardian:Gem_Fragmented","Guardian:RollAttack"],"picked":"Guardian:FloatingOrbs+1","floor":31},{"not_picked":["Guardian:SentryBeam+1","Guardian:RollAttack"],"picked":"Guardian:Gem_Cyan","floor":32},{"not_picked":["TH:PixieDust"],"picked":"TH:DeckOfManyThings","floor":33},{"not_picked":["Guardian:Gem_Orange","Guardian:StasisStrike"],"picked":"Guardian:HyperBeam_Guardian","floor":33},{"not_picked":["Guardian:PrimingBeam+1","Guardian:Gem_Cyan"],"picked":"Guardian:WalkerClaw+1","floor":36},{"not_picked":["Guardian:DonusPower","Guardian:Gem_Fragmented"],"picked":"Guardian:Recover+1","floor":37},{"not_picked":["Guardian:TemporalShield+1","Guardian:PolyBeam"],"picked":"Guardian:PrismaticBeam+1","floor":40},{"not_picked":["TH:TreasureMap"],"picked":"TH:ElvenBoots","floor":41},{"not_picked":["Guardian:Incinerate+1","Guardian:VentSteam"],"picked":"Guardian:WalkerClaw","floor":42},{"not_picked":["Guardian:FloatingOrbs","Guardian:MultiBeam"],"picked":"Guardian:VentSteam+1","floor":45},{"not_picked":["TH:TreasureMap"],"picked":"TH:ArmorSpikes","floor":46},{"not_picked":["Replay:SS_hec_4","expansioncontent:AwakenDeath"],"picked":"Replay:SS_forest_5","floor":47},{"not_picked":["Guardian:EvasiveProtocol","Guardian:RefractedBeam"],"picked":"Guardian:AncientConstruct","floor":48},{"not_picked":["Guardian:RollAttack+1","Guardian:Gem_White"],"picked":"Guardian:ShieldCharger+1","floor":49}],"player_experience":160042,"relics_obtained":[{"floor":3,"key":"Bromod:ArcaneVictory"},{"floor":9,"key":"Bromod:ArcaneTrickery"},{"floor":13,"key":"hubris:OldNail"},{"floor":24,"key":"Smiling Mask"},{"floor":28,"key":"Gremlin Horn"},{"floor":41,"key":"Bromod:ArcaneAwakening"},{"floor":46,"key":"Iron Hammer"}],"event_choices":[],"is_beta":false,"boss_relics":[{"not_picked":["Runesmith:UraniumAnvil","ReplayTheSpireMod:DimensionalGlitch"],"picked":"Replay:Bronze Core"},{"not_picked":["aspiration:PoetsPen_weak","infinitespire:Cupcake"],"picked":"halation:HeavySnake"}],"items_purged_floors":[],"is_endless":false,"potions_floor_spawned":[3,10,11,13,22,25,31,33,36,40],"ascension_level":0}}