{"host":"dwyzfvnzfcqffr30","time":1608602804,"event":{"mods":["2.2 Compatiblity","Act Like it!","BaseMod","Beaked The Cultist","Better Altar","Better Match","Better Note","Better Sensory Stone","Better Skull","Better Third Choice","Clockwork Mod","Colored Map","Colored Powertips","Conspire","Downfall","Elementarium","GifTheSpireLib","Halation","Hermit","Hubris","Infinite Spire","Ironclad Rager","Jedi Mod","Menagerie","Mimic Mod","Minty Spire (QoL Compilation)","Permanent Neow","Random Character Button","Replay The Spire","Spicy Shops","StSLib","Stuff the Spire","The Construct","The Disciple","The Druid","The Marked","TheFirefly","Trackpad","vexMod"],"gold_per_floor":[413,427,527,539,539,539,539,551,551,551,582,582,616,633,633,737,737,757,757,771,771,70,70,70],"floor_reached":23,"playtime":1620,"items_purged":["conspire:Blindness"],"score":199,"play_id":"4ee0eab2-d027-4ded-a942-e5e11f56b8d5","local_time":"20201221180644","is_ascension_mode":false,"campfire_choices":[{"floor":6,"key":"REST"},{"floor":12,"key":"REST"},{"floor":15,"key":"RECALL"}],"circlet_count":0,"master_deck":["theMarked:Strike+1","theMarked:Strike+1","theMarked:Strike+1","theMarked:Strike+1","theMarked:Strike+1","theMarked:Defend+1","theMarked:Defend+1","theMarked:Defend+1","theMarked:Defend+1","theMarked:SoldierOfQuellstein+1","theMarked:Challenge+1","MasterReality+1","theMarked:MaelstromOfLightning+1","theMarked:Static+1","theMarked:ParalyzingBlade+1","expansioncontent:DecasProtection+1","beaked:BraceForImpact+1","construct:HammerDown+1","Shrug It Off+1","theMarked:Aftermath+1","theMarked:Electrocute+1"],"relics":["theMarked:ArtifactOfAir","hubris:FruitBowl","hubris:EvacipatedBox","Juzu Bracelet","Molten Egg 2","Toxic Egg 2","Frozen Egg 2","Quantum Egg","Bottled Tornado","halation:EternalFortune","PrismaticShard","trackpad:BottledTsunami","SacredBark","HandDrill","Gremlin Horn","Whetstone"],"acts_visited":["Exordium","Elementarium:Elementarium"],"potions_floor_usage":[13,18,23],"damage_taken":[{"damage":0,"enemies":"Small Slimes","floor":1,"turns":2},{"damage":3,"enemies":"Jaw Worm","floor":2,"turns":2},{"damage":0,"enemies":"2 Louse","floor":4,"turns":1},{"damage":0,"enemies":"Large Slime","floor":8,"turns":2},{"damage":4,"enemies":"Lagavulin","floor":11,"turns":6},{"damage":3,"enemies":"3 Sentries","floor":13,"turns":5},{"damage":3,"enemies":"Blue Slaver","floor":14,"turns":4},{"damage":36,"enemies":"Hexaghost","floor":16,"turns":8},{"damage":21,"enemies":"Elementarium:2_ELEMENTALS","floor":18,"turns":4},{"damage":32,"enemies":"Elementarium:Cyclone","floor":20,"turns":6},{"damage":13,"enemies":"Elementarium:ElementalPortal","floor":23,"turns":4}],"seed_played":"2922955293241066756","potions_obtained":[{"floor":2,"key":"PowerPotion"},{"floor":14,"key":"FearPotion"},{"floor":16,"key":"SpeedPotion"},{"floor":18,"key":"champ:CounterPotion"}],"is_trial":false,"path_per_floor":["M","M","?","M","?","R","?","M","T","?","E","R","E","M","R","B",null,"M","?","M","?","$","E"],"character_chosen":"THE_DEFAULT","items_purchased":["theMarked:Aftermath+1","theMarked:Electrocute+1","HandDrill","Gremlin Horn","Whetstone","Block Potion"],"campfire_rested":2,"item_purchase_floors":[22,22,22,22,22,22],"current_hp_per_floor":[49,46,46,46,50,72,72,72,72,72,68,74,71,68,68,32,74,53,53,21,10,10,0,0],"gold":70,"neow_bonus":"THREE_RARE_CARDS","is_daily":false,"chose_seed":false,"campfire_upgraded":0,"win_rate":0.0,"timestamp":1608602804,"path_taken":["M","M","?","M","?","R","?","M","T","?","E","R","E","M","R","BOSS","M","?","M","?","?","E"],"items_purchased_type":["Card","Card","Relic","Relic","Relic","Potion"],"build_version":"2020-12-13","purchased_purges":1,"victory":false,"max_hp_per_floor":[70,70,70,70,74,74,74,74,74,74,74,74,74,74,74,74,74,74,74,74,81,81,81,81],"card_choices":[{"not_picked":["theMarked:MuscleMemory","theMarked:BindingBlade"],"picked":"theMarked:Challenge","floor":0},{"not_picked":["theMarked:RepellingDischarge+1","theMarked:BanishingStrike+1"],"picked":"theMarked:MaelstromOfLightning+1","floor":1},{"not_picked":["theMarked:MaelstromOfLightning+1","theMarked:Overthink+1"],"picked":"theMarked:Static+1","floor":2},{"not_picked":["theMarked:Static+1","theMarked:TwofoldDefense+1"],"picked":"theMarked:ParalyzingBlade+1","floor":4},{"not_picked":["expansioncontent:GuardianWhirl+1","jedi:cleanse+1"],"picked":"expansioncontent:DecasProtection+1","floor":7},{"not_picked":["theMarked:Parkour+1","theMarked:WastefulAttack+1","theMarked:DeterminationOfTheMarked+1"],"picked":"SKIP","floor":8},{"not_picked":["Outmaneuver+1","construct:SyphonStrike+1","beaked:BloodRitual+1"],"picked":"SKIP","floor":11},{"not_picked":["Prostrate+1","theDruid:Gore+1","MentalFortress+1"],"picked":"SKIP","floor":13},{"not_picked":["Poisoned Stab+1","Auto Shields+1"],"picked":"beaked:BraceForImpact+1","floor":14},{"not_picked":["construct:ShieldGenerator+1","theDruid:ApexPredator+1"],"picked":"construct:HammerDown+1","floor":16},{"not_picked":["Clash+1","hexamod:GhostOfSpirePresent+1","HandsUpB+1"],"picked":"SKIP","floor":18},{"not_picked":["theMarked:Indomitable+1","Clothesline+1"],"picked":"Shrug It Off+1","floor":20}],"player_experience":2300143,"relics_obtained":[{"floor":13,"key":"trackpad:BottledTsunami"}],"event_choices":[{"damage_healed":0,"gold_gain":0,"player_choice":"Simplicity","damage_taken":0,"max_hp_gain":0,"max_hp_loss":9,"event_name":"betterThird:BetterWriting","floor":0,"gold_loss":0},{"damage_healed":0,"gold_gain":100,"player_choice":"Pray","damage_taken":0,"max_hp_gain":0,"max_hp_loss":0,"event_name":"Golden Shrine","floor":3,"gold_loss":0},{"damage_healed":0,"gold_gain":1,"player_choice":"1","damage_taken":0,"max_hp_gain":0,"max_hp_loss":0,"event_name":"betterStone:BetterStone","floor":7,"gold_loss":0},{"damage_healed":0,"gold_gain":0,"player_choice":"Sacrifice","damage_taken":18,"max_hp_gain":5,"max_hp_loss":0,"event_name":"Elementarium:RadiantAltar","floor":21,"gold_loss":0}],"is_beta":false,"boss_relics":[{"not_picked":["Coffee Dripper","Painkiller Herb","Empty Cage"],"picked":"SacredBark"}],"items_purged_floors":[22],"is_endless":false,"potions_floor_spawned":[2,14,16,18],"killed_by":"Elementarium:ElementalPortal","ascension_level":0}}