{"host":"j49z5jz0n7e8vjox","time":1608658788,"event":{"mods":["AchievementEnabler","BaseMod","Bestiary","Colored Map","Colored Powertips","DeckTracker","Minty Spire (QoL Compilation)","UnlockEverythingMod"],"gold_per_floor":[116,116,135,151,169,169,67,92,92,106,1,0,0,20,20,91,91,103,13,13,13,23,52,52,52,52],"floor_reached":25,"playtime":5241,"items_purged":["Defend_R","Strike_R"],"score":442,"play_id":"baea44e7-9ec7-4d62-ba4a-3439ab8753c2","local_time":"20201222113948","is_ascension_mode":true,"campfire_choices":[{"floor":6,"key":"REST"},{"floor":13,"key":"REST"},{"data":"True Grit","floor":15,"key":"SMITH"}],"circlet_count":0,"master_deck":["AscendersBane","Strike_R","Strike_R","Strike_R","Defend_R","Defend_R","Defend_R","Bash","Flame Barrier","Clothesline","Inflame","Intimidate","Flex","Whirlwind","Pummel","Flame Barrier","True Grit+1","Feed","Warcry+1","Pummel","Pain","True Grit","Flame Barrier","Decay"],"relics":["Burning Blood","Smiling Mask","Cursed Key","WarpedTongs","Unceasing Top"],"acts_visited":["Exordium","TheCity"],"potions_floor_usage":[16,23,23],"damage_taken":[{"damage":2,"enemies":"2 Louse","floor":1,"turns":3},{"damage":11,"enemies":"Cultist","floor":3,"turns":5},{"damage":10,"enemies":"Small Slimes","floor":4,"turns":6},{"damage":39,"enemies":"Gremlin Gang","floor":5,"turns":7},{"damage":44,"enemies":"Gremlin Nob","floor":8,"turns":6},{"damage":11,"enemies":"3 Louse","floor":10,"turns":5},{"damage":1,"enemies":"Looter","floor":12,"turns":4},{"damage":0,"enemies":"Exordium Thugs","floor":14,"turns":4},{"damage":32,"enemies":"Slime Boss","floor":16,"turns":9},{"damage":37,"enemies":"Chosen","floor":18,"turns":6},{"damage":11,"enemies":"Shell Parasite","floor":22,"turns":4},{"damage":35,"enemies":"Book of Stabbing","floor":23,"turns":5},{"damage":0,"enemies":"Chosen and Byrds","floor":25,"turns":1}],"seed_played":"1940995114666399000","potions_obtained":[{"floor":4,"key":"Dexterity Potion"},{"floor":14,"key":"Fire Potion"},{"floor":16,"key":"SteroidPotion"}],"is_trial":false,"path_per_floor":["M","?","M","M","M","R","$","E","T","M","$","M","R","M","R","B",null,"M","$","$","?","M","E","?","M"],"character_chosen":"IRONCLAD","items_purchased":["Flex","Whirlwind","SteroidPotion","Pummel"],"campfire_rested":2,"item_purchase_floors":[7,7,11,19],"current_hp_per_floor":[79,79,74,70,37,61,61,23,23,18,18,23,47,53,53,27,68,40,40,40,40,39,10,10,10,10],"gold":52,"neow_bonus":"TEN_PERCENT_HP_BONUS","is_daily":false,"chose_seed":false,"campfire_upgraded":1,"win_rate":0.0,"timestamp":1608658788,"path_taken":["M","?","M","M","M","R","?","E","T","M","$","M","R","M","R","BOSS","M","?","$","?","?","E","?","M"],"items_purchased_type":["Card","Card","Potion","Card"],"build_version":"2020-12-13","purchased_purges":2,"victory":false,"max_hp_per_floor":[82,82,82,82,82,82,82,82,82,82,82,82,82,82,82,82,82,85,85,85,85,89,89,89,89,89],"card_choices":[{"not_picked":["Sword Boomerang","Inflame"],"picked":"Flame Barrier","floor":1},{"not_picked":["Anger","Warcry"],"picked":"Clothesline","floor":3},{"not_picked":["Shockwave","Armaments"],"picked":"Inflame","floor":4},{"not_picked":["Blood for Blood","Perfected Strike"],"picked":"Intimidate","floor":5},{"not_picked":["Sever Soul","Reckless Charge"],"picked":"Pummel","floor":8},{"not_picked":["Twin Strike","Iron Wave","Body Slam"],"picked":"SKIP","floor":10},{"not_picked":["Thunderclap","Dual Wield"],"picked":"Flame Barrier","floor":12},{"not_picked":["Hemokinesis","Havoc"],"picked":"True Grit","floor":14},{"not_picked":["Barricade","Brutality"],"picked":"Feed","floor":16},{"not_picked":["Pommel Strike","Clothesline"],"picked":"Warcry+1","floor":18},{"not_picked":["Cleave+1","Body Slam"],"picked":"True Grit","floor":22},{"not_picked":["Carnage","Armaments"],"picked":"Flame Barrier","floor":23}],"player_experience":723814,"relics_obtained":[{"floor":8,"key":"Smiling Mask"},{"floor":23,"key":"Unceasing Top"}],"event_choices":[{"cards_removed":["Strike_R"],"damage_healed":0,"gold_gain":0,"player_choice":"Offered Basic","damage_taken":0,"max_hp_gain":0,"max_hp_loss":0,"event_name":"Bonfire Elementals","floor":2,"gold_loss":0},{"damage_healed":0,"gold_gain":0,"player_choice":"Rummage","damage_taken":0,"relics_obtained":["WarpedTongs"],"max_hp_gain":0,"max_hp_loss":0,"event_name":"Accursed Blacksmith","floor":21,"gold_loss":0,"cards_obtained":["Pain"]},{"damage_healed":0,"gold_gain":0,"player_choice":"Smashed Altar","damage_taken":0,"max_hp_gain":0,"max_hp_loss":0,"event_name":"Forgotten Altar","floor":24,"gold_loss":0,"cards_obtained":["Decay"]}],"is_beta":false,"boss_relics":[{"not_picked":["Tiny House","Astrolabe"],"picked":"Cursed Key"}],"items_purged_floors":[11,19],"is_endless":false,"potions_floor_spawned":[4,14,16,22],"killed_by":"Chosen and Byrds","ascension_level":20}}