{"host":"flm17o2q7bfjyna6","time":1608651239,"event":{"mods":["2.2 Compatiblity","Act Like it!","BaseMod","Better Altar","Better Match","Better Note","Better Sensory Stone","Better Skull","Better Third Choice","Better Vampires","Colored Map","Colored Powertips","DeckTracker","Hermit","Minty Spire (QoL Compilation)","Quick Restart","Replay The Spire","Reworked Bosses","Spicy Shops","StSLib","Wandering Minibosses"],"gold_per_floor":[114,114,54,78,102,102,147,147,147,166,190,240,264,309,309,439,439,463,51,56,56,75,118,118,142,142,161,199,199,274,293,293,423,523,542,542,561,624,624,667,686,686,711,735,735,460,503,578,578,583],"floor_reached":51,"playtime":4180,"items_purged":["Strike_R","Strike_R","Strike_R","Defend_R"],"score":835,"play_id":"c061c38e-82a2-4e3a-bba2-6252e481edd9","local_time":"20201222103359","daily_mods":["Allstar","Diverse","DeadlyEvents"],"is_ascension_mode":false,"campfire_choices":[{"data":"hermit:Vantage","floor":6,"key":"SMITH"},{"data":"Enlightenment","floor":8,"key":"SMITH"},{"data":"Echo Form","floor":15,"key":"SMITH"},{"data":"ReplayTheSpireMod:Limb From Limb","floor":24,"key":"SMITH"},{"data":"Machine Learning","floor":29,"key":"SMITH"},{"data":"ReplayTheSpireMod:Brewmster","floor":32,"key":"SMITH"},{"data":"Creative AI","floor":42,"key":"SMITH"},{"data":"ReplayGash","floor":45,"key":"SMITH"},{"data":"Replay:Parry","floor":49,"key":"SMITH"}],"circlet_count":0,"master_deck":["Defend_R","Bash","Secret Weapon","Enlightenment+1","Replay:Parry+1","ReplayTheSpireMod:Brewmster+1","Thinking Ahead","hermit:Scavenge","hermit:ImpendingDoom","Melter","hermit:Vantage+1","hermit:NoHoldsBarred","All Out Attack","Echo Form+1","Gash","Replay:ManipulateFuture","Vault","hermit:Gestalt+1","ReplayTheSpireMod:Shiv Toss+1","Electrodynamics+1","Deflect+1","Flash of Steel","ReplayTheSpireMod:Limb From Limb+1","Fluid Movement+1","Escape Plan","hermit:Feint+1","ReplayGash+1","Machine Learning+1","ReplayTheSpireMod:System Scan","hermit:Manifest+1","Envenom+1","hermit:Glare","Steam+1","Footwork+1","hermit:Glare+1","Creative AI+1","Backflip+1","Escape Plan"],"relics":["Burning Blood","Golden Idol","ReplayTheSpireMod:CursedCoin","Du-Vu Doll","Divine Protection","Nunchaku","Prayer Wheel","Astrolabe","HandDrill","Vajra","Red Mask","Blue Doll","wanderingMiniBosses:CarrionFlame","Kunai","ReplayTheSpireMod:Spearhead","Replay:Accelerometer","Replay:Wanted Poster","Anchor","TungstenRod","Replay:Rubber Ducky","Happy Flower","Onion Ring"],"acts_visited":["Exordium","TheCity","TheBeyond"],"potions_floor_usage":[7,7,7,13,16,16,16,18,20,23,28,28,28,33,33,33,33,33,37,38,40,40,40,44,50,50,50],"damage_taken":[{"damage":6,"enemies":"Jaw Worm","floor":1,"turns":4},{"damage":4,"enemies":"2 Louse","floor":4,"turns":2},{"damage":6,"enemies":"Cultist","floor":5,"turns":5},{"damage":27,"enemies":"Gremlin Nob","floor":7,"turns":5},{"damage":0,"enemies":"2 Fungi Beasts","floor":10,"turns":2},{"damage":0,"enemies":"3 Louse","floor":11,"turns":2},{"damage":5,"enemies":"Looter","floor":13,"turns":3},{"damage":7,"enemies":"Lagavulin","floor":14,"turns":8},{"damage":20,"enemies":"The Guardian","floor":16,"turns":10},{"damage":19,"enemies":"2 Thieves","floor":18,"turns":6},{"damage":12,"enemies":"Masked Bandits","floor":20,"turns":4},{"damage":5,"enemies":"3 Byrds","floor":22,"turns":2},{"damage":33,"enemies":"Slavers","floor":23,"turns":5},{"damage":6,"enemies":"Sentry and Sphere","floor":25,"turns":6},{"damage":5,"enemies":"Centurion and Healer","floor":27,"turns":2},{"damage":2,"enemies":"Book of Stabbing","floor":28,"turns":4},{"damage":2,"enemies":"Snecko","floor":31,"turns":4},{"damage":9,"enemies":"bossMod:newCollector","floor":33,"turns":9},{"damage":2,"enemies":"3 Darklings","floor":35,"turns":3},{"damage":2,"enemies":"Orb Walker","floor":37,"turns":5},{"damage":8,"enemies":"R_Hoarder","floor":38,"turns":9},{"damage":6,"enemies":"Giant Head","floor":40,"turns":8},{"damage":3,"enemies":"4 Shapes","floor":41,"turns":3},{"damage":0,"enemies":"Writhing Mass","floor":44,"turns":6},{"damage":0,"enemies":"Nemesis","floor":47,"turns":9},{"damage":4,"enemies":"bossMod:newShapes","floor":50,"turns":7}],"seed_played":"-7682526130134428503","potions_obtained":[{"floor":11,"key":"Weak Potion"},{"floor":13,"key":"Adrenaline Potion"},{"floor":18,"key":"Strength Potion"},{"floor":23,"key":"FearPotion"},{"floor":31,"key":"Regen Potion"},{"floor":44,"key":"Weak Potion"}],"is_trial":false,"path_per_floor":["M","?","$","M","M","R","E","R","T","M","M","T","M","E","R","B",null,"M","$","?","?","M","E","R","M","T","M","E","R","T","M","R","B",null,"M","?","M","E","?","E","M","R","T","M","R","$","E","T","R","B",null],"character_chosen":"IRONCLAD","items_purchased":["ReplayTheSpireMod:CursedCoin","Melter","hermit:Vantage","HandDrill","Flash of Steel","Vajra"],"campfire_rested":0,"item_purchase_floors":[3,3,3,19,19,19],"current_hp_per_floor":[80,60,60,62,62,62,41,41,41,47,53,53,54,53,53,39,80,67,67,61,61,62,35,35,35,35,36,40,40,40,44,44,56,80,80,80,80,78,78,78,80,80,80,80,80,80,80,80,80,80],"gold":583,"neow_bonus":"","is_daily":true,"chose_seed":false,"campfire_upgraded":9,"win_rate":0.0,"timestamp":1608651239,"path_taken":["M","?","$","M","M","R","E","R","T","M","M","?","M","?","R","BOSS","M","$","?","?","M","E","R","?","T","M","E","R","?","M","R","BOSS","M","?","?","?","?","E","M","R","T","M","R","$","?","?","R","BOSS"],"items_purchased_type":["Relic","Card","Card","Relic","Card","Relic"],"build_version":"2020-12-13","purchased_purges":4,"victory":true,"max_hp_per_floor":[80,80,80,80,80,80,80,80,80,80,80,80,80,80,80,80,80,80,80,80,80,80,80,80,80,80,80,80,80,80,80,80,80,80,80,80,80,80,80,80,80,80,80,80,80,80,80,80,80,80],"card_choices":[{"not_picked":["ReplayTheSpireMod:Strike From Hell","Replay:Cycle"],"picked":"hermit:Scavenge","floor":1},{"not_picked":["hermit:SprayPray","hermit:Desperado"],"picked":"hermit:NoHoldsBarred","floor":4},{"not_picked":["hermit:BigShot","Dagger Throw","hermit:SprayPray"],"picked":"SKIP","floor":5},{"not_picked":["Uppercut","Concentrate"],"picked":"All Out Attack","floor":7},{"not_picked":["Turbo","Loop"],"picked":"Echo Form","floor":10},{"not_picked":["Clash","Turbo","hermit:Vantage"],"picked":"SKIP","floor":11},{"not_picked":["Caltrops","BasicCrystalCard"],"picked":"Gash","floor":13},{"not_picked":["Replay:Cycle","Dagger Throw"],"picked":"Replay:ManipulateFuture","floor":14},{"not_picked":["Hyperbeam","Night Terror"],"picked":"Vault","floor":16},{"not_picked":["Dark Embrace","Twin Strike"],"picked":"Deflect+1","floor":18},{"not_picked":["hermit:Showdown","Anger+1","Scrape"],"picked":"SKIP","floor":18},{"not_picked":["Steam+1","Run Through+1"],"picked":"ReplayTheSpireMod:Limb From Limb","floor":20},{"not_picked":["Replay:Poison Smokescreen+1","hermit:Headshot"],"picked":"Fluid Movement+1","floor":22},{"not_picked":["Acrobatics+1","Bane+1","Seeing Red"],"picked":"SKIP","floor":22},{"not_picked":["Bane","hermit:SprayPray"],"picked":"Escape Plan","floor":23},{"not_picked":["Abandon","Chaos","Compile Driver+1"],"picked":"SKIP","floor":25},{"not_picked":["MentalFortress","Sever Soul","Chaos"],"picked":"SKIP","floor":25},{"not_picked":["Skim+1","Blade Dance"],"picked":"hermit:Feint+1","floor":27},{"not_picked":["Endless Agony","Replay:Anticipation"],"picked":"ReplayGash","floor":27},{"not_picked":["ClearTheMind","ReplayTheSpireMod:Reroute Power"],"picked":"Machine Learning","floor":28},{"not_picked":["Panic Button","CutThroughFate"],"picked":"ReplayTheSpireMod:System Scan","floor":31},{"not_picked":["ClearTheMind","Evolve"],"picked":"hermit:Manifest+1","floor":31},{"not_picked":["Biased Cognition","Demonic Infusion"],"picked":"Envenom","floor":33},{"not_picked":["Rip and Tear","PiercingWail+1"],"picked":"hermit:Glare","floor":35},{"not_picked":["Burning Pact+1","Protect+1"],"picked":"Steam+1","floor":35},{"not_picked":["Combust+1","Power Through+1"],"picked":"Footwork+1","floor":36},{"not_picked":["Havoc+1","hermit:Headshot+1"],"picked":"hermit:Glare+1","floor":37},{"not_picked":["Quick Slash","FlurryOfBlows+1","Replay:Undeath\u0027s Touch"],"picked":"SKIP","floor":37},{"not_picked":["Bane","Swivel","Dual Wield+1"],"picked":"SKIP","floor":38},{"not_picked":["Draining Mist","Perseverance"],"picked":"Creative AI","floor":40},{"not_picked":["Replay:Anticipation+1","BowlingBash+1"],"picked":"Backflip+1","floor":41},{"not_picked":["FearNoEvil","Halt","Seeing Red"],"picked":"SKIP","floor":41},{"not_picked":["Prepared+1","hermit:WideOpen+1"],"picked":"Escape Plan","floor":44},{"not_picked":["ReplayTheSpireMod:Corrosion Curse+1","Run Through+1","Hemokinesis"],"picked":"SKIP","floor":44},{"not_picked":["ReplayTheSpireMod:Reroute Power+1","Chill","Replay:Hum"],"picked":"SKIP","floor":47}],"player_experience":1601154,"relics_obtained":[{"floor":7,"key":"Du-Vu Doll"},{"floor":9,"key":"Divine Protection"},{"floor":12,"key":"Nunchaku"},{"floor":14,"key":"Prayer Wheel"},{"floor":20,"key":"Red Mask"},{"floor":23,"key":"Blue Doll"},{"floor":25,"key":"wanderingMiniBosses:CarrionFlame"},{"floor":26,"key":"Kunai"},{"floor":28,"key":"ReplayTheSpireMod:Spearhead"},{"floor":30,"key":"Replay:Accelerometer"},{"floor":38,"key":"Anchor"},{"floor":40,"key":"TungstenRod"},{"floor":43,"key":"Replay:Rubber Ducky"},{"floor":47,"key":"Happy Flower"},{"floor":48,"key":"Onion Ring"}],"event_choices":[{"damage_healed":0,"gold_gain":0,"player_choice":"Take Damage","damage_taken":20,"relics_obtained":["Golden Idol"],"max_hp_gain":0,"max_hp_loss":0,"event_name":"Golden Idol","floor":2,"gold_loss":0},{"damage_healed":0,"gold_gain":0,"player_choice":"Fought Bandits","damage_taken":0,"max_hp_gain":0,"max_hp_loss":0,"event_name":"Masked Bandits","floor":20,"gold_loss":0},{"cards_removed":["Defend_R"],"damage_healed":0,"gold_gain":0,"player_choice":"Elegance","damage_taken":0,"max_hp_gain":0,"max_hp_loss":0,"event_name":"betterThird:BetterWriting","floor":21,"gold_loss":0},{"damage_healed":0,"gold_gain":0,"player_choice":"2","damage_taken":0,"max_hp_gain":0,"max_hp_loss":0,"event_name":"betterMatch:BetterMatch","floor":36,"gold_loss":0,"cards_obtained":["betterMatch:UncommonCard"]},{"damage_healed":0,"gold_gain":0,"player_choice":"Upgraded","damage_taken":0,"max_hp_gain":0,"max_hp_loss":0,"event_name":"Upgrade Shrine","floor":39,"gold_loss":0,"cards_upgraded":["Envenom"]}],"is_beta":false,"boss_relics":[{"not_picked":["ChewingGum","Calling Bell"],"picked":"Astrolabe"},{"not_picked":["Honey Jar","Snecko Heart"],"picked":"Replay:Wanted Poster"}],"items_purged_floors":[3,19,46,46],"is_endless":false,"potions_floor_spawned":[11,13,16,18,20,23,31,33,35,40,44],"ascension_level":0}}