{"host":"ln76an1o32p2wxtf","time":1608651724,"event":{"mods":["AchievementEnabler","Act Like it!","BaseMod","BetterRewards","Colored Powertips","Energized Spire","GifTheSpireLib","Infinite Spire","Minty Spire (QoL Compilation)","Shop Mod","StSLib"],"gold_per_floor":[114,131,131,131,6,40,50,85,112,87,122,132,132,142,142,247,247,265,265,165,182,182,182,211,261,261,289,289,307,307,324,324,324,324],"floor_reached":33,"playtime":1551,"items_purged":["Strike_P","Defend_P","Defend_P"],"score":422,"play_id":"9bea77df-92ed-4d8f-ae17-470132f35698","local_time":"20201222234204","is_ascension_mode":true,"campfire_choices":[{"data":"Vault","floor":15.0,"key":"SMITH"},{"floor":23.0,"key":"RECALL"},{"floor":28,"key":"REST"},{"floor":32,"key":"REST"}],"circlet_count":0,"master_deck":["Defend_P+1","Defend_P","Eruption","Vigilance","CutThroughFate","infinitespire:TheBestDefense","Prostrate","Judgement","Consecrate","Vault+1","Prostrate","Consecrate","ConjureBlade","Necronomicurse","Bite","Bite","Bite","Bite","Bite","Pray","Consecrate"],"relics":["PureWater","NeowsBlessing","Bag of Marbles","Juzu Bracelet","Oddly Smooth Stone","Sundial","Fusion Hammer","Necronomicon","CloakClasp","Bronze Scales"],"acts_visited":["Exordium","TheCity"],"potions_floor_usage":[24,27,27,33,33],"damage_taken":[{"damage":0.0,"enemies":"Cultist","floor":1.0,"turns":1.0},{"damage":0.0,"enemies":"Small Slimes","floor":2.0,"turns":1.0},{"damage":0.0,"enemies":"Gremlin Nob","floor":6.0,"turns":1.0},{"damage":0.0,"enemies":"2 Louse","floor":7.0,"turns":1.0},{"damage":0.0,"enemies":"Lagavulin","floor":8.0,"turns":2.0},{"damage":0.0,"enemies":"Gremlin Nob","floor":11.0,"turns":2.0},{"damage":1.0,"enemies":"Exordium Thugs","floor":12.0,"turns":5.0},{"damage":0.0,"enemies":"Large Slime","floor":14.0,"turns":6.0},{"damage":19.0,"enemies":"Hexaghost","floor":16.0,"turns":11.0},{"damage":2.0,"enemies":"Chosen","floor":18.0,"turns":3.0},{"damage":0.0,"enemies":"Spheric Guardian","floor":21.0,"turns":1.0},{"damage":47,"enemies":"Book of Stabbing","floor":24,"turns":5},{"damage":16,"enemies":"Gremlin Leader","floor":27,"turns":3},{"damage":14,"enemies":"Snecko","floor":29,"turns":5},{"damage":8,"enemies":"Shelled Parasite and Fungi","floor":31,"turns":4},{"damage":61,"enemies":"Automaton","floor":33,"turns":9}],"seed_played":"96131856698099271","potions_obtained":[{"floor":2.0,"key":"AttackPotion"},{"floor":8.0,"key":"Fruit Juice"},{"floor":11.0,"key":"SteroidPotion"},{"floor":14.0,"key":"BottledMiracle"},{"floor":16.0,"key":"Regen Potion"},{"floor":21.0,"key":"Strength Potion"},{"floor":27,"key":"PowerPotion"},{"floor":29,"key":"DistilledChaos"}],"is_trial":false,"path_per_floor":["M","M","?","?","$","E","M","E","T","$","E","M","?","M","R","B",null,"M","?","$","M","?","R","E","?","T","E","R","M","AVR","M","R","B"],"character_chosen":"WATCHER","items_purchased":["Prostrate","Prostrate"],"campfire_rested":2,"item_purchase_floors":[5,10],"current_hp_per_floor":[72,72,58,39,39,39,39,39,44,44,44,43,43,43,43,24,77,75,59,59,59,53,53,15,15,15,7,22,20,20,22,37,0,0],"gold":324,"neow_bonus":"THREE_ENEMY_KILL","is_daily":false,"chose_seed":false,"campfire_upgraded":1,"win_rate":0.0,"timestamp":1608651724,"path_taken":["M","?","?","?","$","E","?","E","T","$","E","M","?","M","R","BOSS","M","?","$","M","?","R","E","?","T","E","R","M","AVR","M","R","BOSS"],"items_purchased_type":["Card","Card"],"build_version":"2020-12-13","purchased_purges":3,"victory":false,"max_hp_per_floor":[72,72,72,72,72,72,72,72,77,77,77,77,77,77,77,77,77,77,77,77,77,53,53,53,53,53,53,53,53,53,53,53,53,53],"card_choices":[{"not_picked":["FearNoEvil","FollowUp"],"picked":"CutThroughFate","floor":1.0},{"not_picked":["DeceiveReality","LikeWater","TalkToTheHand"],"picked":"SKIP","floor":2.0},{"not_picked":["infinitespire:Menacing","infinitespire:Collect"],"picked":"infinitespire:TheBestDefense","floor":4.0},{"not_picked":["MentalFortress","Evaluate"],"picked":"Judgement","floor":6.0},{"not_picked":["FlyingSleeves","EmptyBody"],"picked":"Consecrate","floor":7.0},{"not_picked":["Pray","WaveOfTheHand"],"picked":"Vault","floor":8.0},{"not_picked":["EmptyMind","FollowUp"],"picked":"Consecrate","floor":11.0},{"not_picked":["JustLucky","FlurryOfBlows","Crescendo"],"picked":"SKIP","floor":12.0},{"not_picked":["Indignation","WaveOfTheHand","ThirdEye"],"picked":"SKIP","floor":14.0},{"not_picked":["MasterReality","Judgement"],"picked":"ConjureBlade","floor":16.0},{"not_picked":["Evaluate+1","SashWhip+1","FlyingSleeves+1"],"picked":"SKIP","floor":18.0},{"not_picked":["FollowUp","EmptyFist","CrushJoints"],"picked":"SKIP","floor":21.0},{"not_picked":["PathToVictory","JustLucky+1","ClearTheMind"],"picked":"SKIP","floor":24},{"not_picked":["Weave","Collect"],"picked":"Pray","floor":27},{"not_picked":["MentalFortress","Crescendo+1"],"picked":"Consecrate","floor":29},{"not_picked":["PathToVictory","ThirdEye+1","BowlingBash"],"picked":"SKIP","floor":31}],"player_experience":653189,"relics_obtained":[{"floor":6.0,"key":"Bag of Marbles"},{"floor":8.0,"key":"Juzu Bracelet"},{"floor":9.0,"key":"Oddly Smooth Stone"},{"floor":11.0,"key":"Sundial"},{"floor":19.0,"key":"Necronomicon"},{"floor":24,"key":"CloakClasp"},{"floor":27,"key":"Bronze Scales"}],"event_choices":[{"damage_healed":0.0,"max_hp_gain":0.0,"max_hp_loss":0.0,"gold_gain":0.0,"event_name":"Shining Light","player_choice":"Entered Light","floor":3.0,"gold_loss":0.0,"damage_taken":14.0,"cards_upgraded":["Defend_P","Strike_P"]},{"cards_removed":["Strike_P"],"damage_healed":0.0,"max_hp_gain":0.0,"max_hp_loss":0.0,"gold_gain":0.0,"event_name":"Bonfire Elementals","player_choice":"Offered Basic","floor":13.0,"gold_loss":0.0,"damage_taken":0.0},{"damage_healed":0.0,"max_hp_gain":0.0,"max_hp_loss":0.0,"gold_gain":0.0,"event_name":"Cursed Tome","player_choice":"Obtained Book","floor":19.0,"gold_loss":0.0,"damage_taken":16.0},{"damage_healed":0.0,"max_hp_gain":0.0,"max_hp_loss":24.0,"gold_gain":0.0,"event_name":"Vampires","player_choice":"Became a vampire","floor":22.0,"gold_loss":0.0,"damage_taken":0.0,"cards_obtained":["Bite","Bite","Bite","Bite","Bite"]},{"damage_healed":0,"gold_gain":100,"player_choice":"Bet on Murderer","damage_taken":0,"max_hp_gain":0,"max_hp_loss":0,"event_name":"The Joust","floor":25,"gold_loss":50}],"is_beta":false,"boss_relics":[{"not_picked":["infinitespire:Cupcake","Cursed Key"],"picked":"Fusion Hammer"}],"items_purged_floors":[5,20,30],"is_endless":false,"potions_floor_spawned":[2,8,11,14,16,18,21,27,29],"killed_by":"Automaton","ascension_level":1}}