{"host":"o7j6aatxjwpw1421","time":1608663608,"event":{"mods":["2.2 Compatiblity","BaseMod","Colored Map","DeckTracker","Highlight Path","Keyboard Shortcuts","Minty Spire (QoL Compilation)","Permanent Neow","Quick Restart","StSLib","SuperFastMode","everything is the same but u backflip on backflip"],"gold_per_floor":[10,20,37,37,56,97,97,22,22,22,43,81,100,116,116,116,116],"floor_reached":16,"playtime":543,"items_purged":["Strike_R"],"score":171,"play_id":"1c26162e-848d-442f-8960-83d33fe57f43","local_time":"20201223040008","is_ascension_mode":true,"campfire_choices":[{"floor":15,"key":"REST"}],"circlet_count":0,"master_deck":["AscendersBane","Strike_R","Strike_R","Strike_R","Defend_R","Defend_R","Defend_R","Defend_R","Bash","Wild Strike","Dark Embrace","Pommel Strike","Feel No Pain","Pommel Strike+1","Reckless Charge+1","Clothesline+1","Shrug It Off","Battle Trance"],"relics":["Burning Blood","Charon\u0027s Ashes","Golden Idol","Molten Egg 2","Matryoshka","Darkstone Periapt"],"acts_visited":["Exordium"],"potions_floor_usage":[12,13,14],"damage_taken":[{"damage":1,"enemies":"Cultist","floor":1,"turns":3},{"damage":0,"enemies":"Small Slimes","floor":2,"turns":3},{"damage":2,"enemies":"Jaw Worm","floor":3,"turns":3},{"damage":10,"enemies":"Exordium Wildlife","floor":5,"turns":4},{"damage":32,"enemies":"Gremlin Nob","floor":6,"turns":4},{"damage":0,"enemies":"Large Slime","floor":11,"turns":4},{"damage":22,"enemies":"Lagavulin","floor":12,"turns":6},{"damage":19,"enemies":"Exordium Thugs","floor":13,"turns":3},{"damage":1,"enemies":"Looter","floor":14,"turns":2},{"damage":34,"enemies":"The Guardian","floor":16,"turns":9}],"seed_played":"143832651357389613","potions_obtained":[{"floor":1,"key":"LiquidMemories"},{"floor":2,"key":"GamblersBrew"},{"floor":12,"key":"DuplicationPotion"}],"is_trial":false,"path_per_floor":["M","M","M","?","M","E","?","$","T","$","M","E","M","M","R","B"],"character_chosen":"IRONCLAD","items_purchased":[],"campfire_rested":1,"item_purchase_floors":[],"current_hp_per_floor":[77,80,80,60,56,30,30,30,30,30,36,20,7,12,36,2,2],"gold":116,"neow_bonus":"ONE_RARE_RELIC","is_daily":false,"chose_seed":false,"campfire_upgraded":0,"win_rate":0.0,"timestamp":1608663608,"path_taken":["M","M","?","?","M","E","?","$","T","?","M","E","M","M","R","BOSS"],"items_purchased_type":[],"build_version":"2020-12-13","purchased_purges":1,"victory":false,"max_hp_per_floor":[80,80,80,80,80,80,80,80,80,80,80,80,80,80,80,80,80],"card_choices":[{"not_picked":["Combust","Anger"],"picked":"Wild Strike","floor":1},{"not_picked":["Sword Boomerang","Rampage"],"picked":"Dark Embrace","floor":2},{"not_picked":["Body Slam","Dropkick"],"picked":"Pommel Strike","floor":3},{"not_picked":["Flex","Clash"],"picked":"Feel No Pain","floor":5},{"not_picked":["Twin Strike+1","Warcry"],"picked":"Pommel Strike+1","floor":6},{"not_picked":["Disarm","Offering"],"picked":"Reckless Charge+1","floor":11},{"not_picked":["True Grit","Havoc"],"picked":"Clothesline+1","floor":12},{"not_picked":["Seeing Red","Havoc"],"picked":"Shrug It Off","floor":13},{"not_picked":["Anger+1","Sword Boomerang+1"],"picked":"Battle Trance","floor":14}],"player_experience":326556,"relics_obtained":[{"floor":6,"key":"Molten Egg 2"},{"floor":9,"key":"Matryoshka"},{"floor":12,"key":"Darkstone Periapt"}],"event_choices":[{"damage_healed":0,"gold_gain":0,"player_choice":"Take Damage","damage_taken":20,"relics_obtained":["Golden Idol"],"max_hp_gain":0,"max_hp_loss":0,"event_name":"Golden Idol","floor":4,"gold_loss":0},{"cards_removed":["Strike_R"],"damage_healed":0,"gold_gain":0,"player_choice":"Forget","damage_taken":0,"max_hp_gain":0,"max_hp_loss":0,"event_name":"Living Wall","floor":7,"gold_loss":0}],"is_beta":false,"boss_relics":[],"items_purged_floors":[8],"is_endless":false,"potions_floor_spawned":[1,2,12],"killed_by":"The Guardian","ascension_level":10}}