{"host":"qxeepl7ydvsgmfdb","time":1608652153,"event":{"mods":["AchievementEnabler","BaseMod","Colored Powertips","Minty Spire (QoL Compilation)","Quick Restart","slay the spire mod where everything is the same but ironclad has a cowboy hat"],"gold_per_floor":[117,131,49,65,165,165,185,185,185,203,222,222,222,242,242,343,343,356,356,356,372,386,386,412,412,437,456,456,456,456,468,468,468,468],"floor_reached":33,"playtime":905,"items_purged":[],"score":311,"play_id":"17afe275-90c7-4a4c-974d-7f28ac2cef19","local_time":"20201222104913","is_ascension_mode":true,"campfire_choices":[{"data":"Accuracy","floor":6.0,"key":"SMITH"},{"data":"Blade Dance","floor":8.0,"key":"SMITH"},{"data":"Blade Dance","floor":13.0,"key":"SMITH"},{"floor":15.0,"key":"REST"},{"data":"Venomology","floor":23.0,"key":"SMITH"},{"floor":30.0,"key":"REST"},{"floor":32,"key":"REST"}],"circlet_count":0,"master_deck":["Strike_G+1","Strike_G+1","Strike_G+1","Strike_G+1","Strike_G+1","Defend_G+1","Defend_G+1","Defend_G+1","Defend_G+1","Defend_G+1","Survivor","Neutralize","Poisoned Stab","Blade Dance+1","Accuracy+1","Blade Dance+1","Deadly Poison","Corpse Explosion","Venomology+1","Slice","Cloak And Dagger","Necronomicurse"],"relics":["Ring of the Snake","Sundial","Ninja Scroll","StoneCalendar","Potion Belt","Vajra","Necronomicon"],"acts_visited":["Exordium","TheCity"],"potions_floor_usage":[31,33,33],"damage_taken":[{"damage":2.0,"enemies":"2 Louse","floor":1.0,"turns":3.0},{"damage":0.0,"enemies":"Cultist","floor":2.0,"turns":4.0},{"damage":3.0,"enemies":"Small Slimes","floor":4.0,"turns":3.0},{"damage":7.0,"enemies":"Exordium Thugs","floor":7.0,"turns":5.0},{"damage":0.0,"enemies":"2 Fungi Beasts","floor":10.0,"turns":2.0},{"damage":7.0,"enemies":"Exordium Wildlife","floor":11.0,"turns":3.0},{"damage":0.0,"enemies":"Exordium Thugs","floor":14.0,"turns":2.0},{"damage":13.0,"enemies":"Slime Boss","floor":16.0,"turns":5.0},{"damage":18.0,"enemies":"Shell Parasite","floor":18.0,"turns":4.0},{"damage":3.0,"enemies":"Spheric Guardian","floor":21.0,"turns":3.0},{"damage":0.0,"enemies":"Centurion and Healer","floor":22.0,"turns":4.0},{"damage":13.0,"enemies":"Book of Stabbing","floor":24.0,"turns":4.0},{"damage":20.0,"enemies":"Snake Plant","floor":27.0,"turns":3.0},{"damage":20,"enemies":"Shelled Parasite and Fungi","floor":31,"turns":2},{"damage":119,"enemies":"Collector","floor":33,"turns":5}],"seed_played":"3595788960739426571","potions_obtained":[{"floor":0.0,"key":"FairyPotion"},{"floor":0.0,"key":"ColorlessPotion"},{"floor":0.0,"key":"Fruit Juice"},{"floor":1.0,"key":"Regen Potion"},{"floor":7.0,"key":"EssenceOfSteel"},{"floor":24.0,"key":"Poison Potion"}],"is_trial":false,"path_per_floor":["M","M","$","M","?","R","M","R","T","M","M","?","R","M","R","B",null,"M","?","T","M","M","R","E","?","T","M","?","?","R","M","R","B"],"character_chosen":"THE_SILENT","items_purchased":["Blade Dance","Accuracy"],"campfire_rested":3,"item_purchase_floors":[3,3],"current_hp_per_floor":[73,73,73,70,70,70,63,63,63,63,56,49,49,49,71,58,75,57,57,57,54,54,54,53,53,53,33,17,42,64,44,66,0,0],"gold":468,"neow_bonus":"THREE_SMALL_POTIONS","is_daily":false,"chose_seed":false,"campfire_upgraded":4,"win_rate":0.0,"timestamp":1608652153,"path_taken":["M","M","$","M","?","R","M","R","T","?","M","?","R","M","R","BOSS","M","?","?","M","?","R","E","?","T","M","?","?","R","?","R","BOSS"],"items_purchased_type":["Card","Card"],"build_version":"2020-12-13","purchased_purges":0,"victory":false,"max_hp_per_floor":[75,75,75,75,75,75,75,75,75,75,75,75,75,75,75,75,75,75,75,75,75,75,75,75,75,75,75,75,75,75,75,75,75,75],"card_choices":[{"not_picked":["Acrobatics","Underhanded Strike","Calculated Gamble"],"picked":"SKIP","floor":1.0},{"not_picked":["Escape Plan","Quick Slash"],"picked":"Poisoned Stab","floor":2.0},{"not_picked":["Dash","Dodge and Roll","Prepared"],"picked":"SKIP","floor":4.0},{"not_picked":["All Out Attack","Crippling Poison"],"picked":"Blade Dance","floor":7.0},{"not_picked":["Underhanded Strike","Flying Knee"],"picked":"Deadly Poison","floor":10.0},{"not_picked":["Outmaneuver","Flying Knee","Terror"],"picked":"SKIP","floor":11.0},{"not_picked":["Bane","Dodge and Roll"],"picked":"Corpse Explosion","floor":14.0},{"not_picked":["Tools of the Trade","Adrenaline"],"picked":"Venomology","floor":16.0},{"not_picked":["Poisoned Stab","Bane","Expertise"],"picked":"SKIP","floor":18.0},{"not_picked":["Prepared+1","Calculated Gamble+1"],"picked":"Slice","floor":21.0},{"not_picked":["Bane","Poisoned Stab"],"picked":"Cloak And Dagger","floor":22.0},{"not_picked":["Finisher","Grand Finale","Tactician"],"picked":"SKIP","floor":24.0},{"not_picked":["Poisoned Stab","Dagger Throw","Bane"],"picked":"SKIP","floor":27.0},{"not_picked":["Expertise","Terror","Deflect+1"],"picked":"SKIP","floor":31}],"player_experience":307707,"relics_obtained":[{"floor":9.0,"key":"Sundial"},{"floor":20.0,"key":"StoneCalendar"},{"floor":24.0,"key":"Potion Belt"},{"floor":26.0,"key":"Vajra"},{"floor":28.0,"key":"Necronomicon"}],"event_choices":[{"damage_healed":0.0,"max_hp_gain":0.0,"max_hp_loss":0.0,"gold_gain":100.0,"event_name":"Golden Shrine","player_choice":"Pray","floor":5.0,"gold_loss":0.0,"damage_taken":0.0},{"damage_healed":0.0,"max_hp_gain":0.0,"max_hp_loss":0.0,"gold_gain":0.0,"event_name":"Scrap Ooze","player_choice":"Success","floor":12.0,"gold_loss":0.0,"damage_taken":7.0,"relics_obtained":["Ninja Scroll"]},{"damage_healed":0.0,"max_hp_gain":0.0,"max_hp_loss":0.0,"gold_gain":0.0,"event_name":"Back to Basics","player_choice":"Simplicity","floor":19.0,"gold_loss":0.0,"damage_taken":0.0,"cards_upgraded":["Strike_G","Strike_G","Strike_G","Strike_G","Strike_G","Defend_G","Defend_G","Defend_G","Defend_G","Defend_G"]},{"damage_healed":0.0,"max_hp_gain":0.0,"max_hp_loss":0.0,"gold_gain":0.0,"event_name":"Vampires","player_choice":"Ignored","floor":25.0,"gold_loss":0.0,"damage_taken":0.0},{"damage_healed":0.0,"max_hp_gain":0.0,"max_hp_loss":0.0,"gold_gain":0.0,"event_name":"Cursed Tome","player_choice":"Obtained Book","floor":28.0,"gold_loss":0.0,"damage_taken":16.0},{"damage_healed":25.0,"max_hp_gain":0.0,"max_hp_loss":0.0,"gold_gain":0.0,"event_name":"The Library","player_choice":"Heal","floor":29.0,"gold_loss":0.0,"damage_taken":0.0}],"is_beta":false,"boss_relics":[{"not_picked":["Snecko Eye","Astrolabe","Runic Pyramid"]}],"items_purged_floors":[],"is_endless":false,"potions_floor_spawned":[1,7,22,24],"killed_by":"Collector","ascension_level":4}}