{"host":"7z9w9s73v2jobm2z","time":1608620630,"event":{"mods":["AchievementEnabler","BaseMod","Colored Map","Colored Powertips","Custom Start","Minty Spire (QoL Compilation)","Quick Restart","Rare Cards Sparkle","Relic Stats","StSLib"],"gold_per_floor":[116,135,310,325,325,325,357,369,369,369,153,168,186,151,151,247,247,265,265,364,73,73,73,92,92,92],"floor_reached":25,"playtime":1178,"items_purged":["Strike_B","Writhe"],"score":251,"play_id":"4ac6fa56-ce36-4016-b87d-6eb4835f39f3","local_time":"20201222020350","is_ascension_mode":true,"campfire_choices":[{"data":"Zap","floor":6.0,"key":"SMITH"},{"data":"Doubt","floor":10.0,"key":"PURGE"},{"floor":15.0,"key":"REST"},{"data":"Defend_B","floor":23.0,"key":"PURGE"}],"circlet_count":0,"master_deck":["Strike_B","Strike_B","Strike_B","Defend_B","Defend_B","Defend_B","Zap+1","Dualcast","Redo","Gash+1","Glacier","Echo Form","Machine Learning","Cold Snap","Conserve Battery","Lockon+1"],"relics":["Cracked Core","Peace Pipe","Torii","SlaversCollar","Kunai","DataDisk","MutagenicStrength"],"acts_visited":[],"potions_floor_usage":[25],"damage_taken":[{"damage":0.0,"enemies":"Cultist","floor":1.0,"turns":3.0},{"damage":5.0,"enemies":"2 Louse","floor":2.0,"turns":2.0},{"damage":9.0,"enemies":"Jaw Worm","floor":4.0,"turns":4.0},{"damage":41.0,"enemies":"Lagavulin","floor":7.0,"turns":6.0},{"damage":3.0,"enemies":"2 Fungi Beasts","floor":8.0,"turns":5.0},{"damage":1.0,"enemies":"Blue Slaver","floor":12.0,"turns":3.0},{"damage":6.0,"enemies":"Exordium Wildlife","floor":13.0,"turns":3.0},{"damage":25.0,"enemies":"Slime Boss","floor":16.0,"turns":18.0},{"damage":34.0,"enemies":"3 Byrds","floor":18.0,"turns":5.0},{"damage":33.0,"enemies":"2 Thieves","floor":24.0,"turns":5.0},{"damage":10,"enemies":"Cultist and Chosen","floor":25,"turns":6}],"seed_played":"-5848147621675198879","potions_obtained":[{"floor":4.0,"key":"Energy Potion"},{"floor":7.0,"key":"Swift Potion"},{"floor":12.0,"key":"Energy Potion"},{"floor":18.0,"key":"SpeedPotion"}],"is_trial":false,"path_per_floor":["M","M","?","M","?","R","E","M","T","R","$","M","M","?","R","B",null,"M","?","?","$","?","R","M","M"],"character_chosen":"DEFECT","items_purchased":["Echo Form","DataDisk","Conserve Battery"],"campfire_rested":1,"item_purchase_floors":[11,21,21],"current_hp_per_floor":[82,77,77,68,68,68,27,24,24,24,24,23,17,37,61,36,71,37,37,37,37,37,37,4,0,0],"gold":92,"neow_bonus":"TEN_PERCENT_HP_BONUS","is_daily":false,"chose_seed":false,"campfire_upgraded":1,"win_rate":0.0,"timestamp":1608620630,"path_taken":["M","?","?","M","?","R","E","?","T","R","?","M","M","?","R","BOSS","M","?","?","$","?","R","M","?"],"items_purchased_type":["Card","Relic","Card"],"build_version":"2020-12-13","purchased_purges":2,"victory":false,"max_hp_per_floor":[82,82,82,82,82,82,82,82,82,82,82,82,82,82,82,82,82,82,82,82,82,82,82,82,82,82],"relic_stats":{"Peace Pipe":0,"Torii":0,"counters":[1,6],"Kunai":[2],"obtain_stats":[{"Peace Pipe":0,"SlaversCollar":0,"DataDisk":0,"Torii":0,"MutagenicStrength":0,"Kunai":0,"Cracked Core":0},{"Peace Pipe":0,"SlaversCollar":0,"DataDisk":0,"Torii":0,"MutagenicStrength":0,"Kunai":0,"Cracked Core":0},{"Peace Pipe":0,"SlaversCollar":0,"DataDisk":0,"Torii":0,"MutagenicStrength":0,"Kunai":0,"Cracked Core":0}]},"card_choices":[{"not_picked":["Steam","Beam Cell","Stack"],"picked":"SKIP","floor":1.0},{"not_picked":["Stack","Beam Cell"],"picked":"Redo","floor":2.0},{"not_picked":["Sunder","Beam Cell"],"picked":"Gash","floor":4.0},{"not_picked":["Fusion","Streamline"],"picked":"Glacier","floor":7.0},{"not_picked":["Fusion","Tempest","Redo"],"picked":"SKIP","floor":8.0},{"not_picked":["Leap","Stack","Steam Power"],"picked":"SKIP","floor":12.0},{"not_picked":["Go for the Eyes","Fission","Undo"],"picked":"SKIP","floor":13.0},{"not_picked":["Seek","Fission"],"picked":"Machine Learning","floor":16.0},{"not_picked":["Streamline","Compile Driver"],"picked":"Cold Snap","floor":18.0},{"not_picked":["Beam Cell","Coolheaded"],"picked":"Lockon+1","floor":24.0}],"player_experience":435740,"relics_obtained":[{"floor":7.0,"key":"Peace Pipe"},{"floor":9.0,"key":"Torii"}],"event_choices":[{"damage_healed":0.0,"max_hp_gain":0.0,"max_hp_loss":0.0,"gold_gain":175.0,"event_name":"Liars Game","player_choice":"AGREE","floor":3.0,"gold_loss":0.0,"damage_taken":0.0,"cards_obtained":["Doubt"]},{"damage_healed":0.0,"max_hp_gain":0.0,"max_hp_loss":0.0,"gold_gain":0.0,"event_name":"Accursed Blacksmith","player_choice":"Forge","floor":5.0,"gold_loss":0.0,"damage_taken":0.0,"cards_upgraded":["Gash"]},{"damage_healed":20.0,"max_hp_gain":0.0,"max_hp_loss":0.0,"gold_gain":0.0,"event_name":"The Cleric","player_choice":"Healed","floor":14.0,"gold_loss":35.0,"damage_taken":0.0},{"damage_healed":0.0,"max_hp_gain":0.0,"max_hp_loss":0.0,"gold_gain":0.0,"event_name":"The Mausoleum","player_choice":"Opened","floor":19.0,"gold_loss":0.0,"damage_taken":0.0,"relics_obtained":["Kunai"],"cards_obtained":["Writhe"]},{"damage_healed":0.0,"max_hp_gain":0.0,"max_hp_loss":0.0,"gold_gain":99.0,"event_name":"Nest","player_choice":"Stole From Cult","floor":20.0,"gold_loss":0.0,"damage_taken":0.0},{"damage_healed":0.0,"max_hp_gain":0.0,"max_hp_loss":0.0,"gold_gain":0.0,"event_name":"Drug Dealer","player_choice":"Inject Mutagens","floor":22.0,"gold_loss":0.0,"damage_taken":0.0,"relics_obtained":["MutagenicStrength"]}],"is_beta":false,"boss_relics":[{"not_picked":["Tiny House","SacredBark"],"picked":"SlaversCollar"}],"items_purged_floors":[11,21],"is_endless":false,"potions_floor_spawned":[4,7,12,18],"killed_by":"Cultist and Chosen","ascension_level":5}}