{"host":"03a85bwj0a5skoit","time":1608621522,"event":{"mods":["BaseMod","Block Reminder","Minty Spire (QoL Compilation)","Relic Stats","StSLib"],"gold_per_floor":[115,135,0,11,11,11,37,37,37,2,2,12,24,49,49,49,49],"floor_reached":16,"playtime":323,"items_purged":[],"score":200,"play_id":"34c4feae-d6ba-4cd0-8fd2-edaf76ab752b","local_time":"20201222174842","is_ascension_mode":true,"campfire_choices":[{"data":"Spot Weakness","floor":6,"key":"SMITH"},{"data":"Inflame","floor":8,"key":"SMITH"},{"data":"Bash","floor":11,"key":"SMITH"},{"data":"Rage","floor":15,"key":"SMITH"}],"circlet_count":0,"master_deck":["AscendersBane","Strike_R","Strike_R","Strike_R","Strike_R+1","Strike_R","Defend_R","Defend_R","Defend_R","Defend_R","Bash+1","Burning Pact+1","Spot Weakness+1","Inflame+1","Cleave","Havoc","Sword Boomerang","Pommel Strike","Rage+1"],"relics":["Sozu","Pen Nib","Meat on the Bone","Sundial"],"acts_visited":["Exordium"],"potions_floor_usage":[],"damage_taken":[{"damage":0,"enemies":"Cultist","floor":1,"turns":3},{"damage":10,"enemies":"2 Louse","floor":2,"turns":3},{"damage":7,"enemies":"Jaw Worm","floor":4,"turns":3},{"damage":13,"enemies":"Large Slime","floor":12,"turns":4},{"damage":0,"enemies":"Blue Slaver","floor":13,"turns":1},{"damage":20,"enemies":"Lagavulin","floor":14,"turns":5},{"damage":38,"enemies":"Slime Boss","floor":16,"turns":6}],"seed_played":"-7617280013694360887","potions_obtained":[],"is_trial":false,"path_per_floor":["M","M","$","M","?","R","T","R","T","?","R","M","M","E","R","B"],"character_chosen":"IRONCLAD","items_purchased":["Inflame","Cleave"],"campfire_rested":0,"item_purchase_floors":[3,3],"current_hp_per_floor":[68,58,58,51,28,28,28,28,28,46,46,45,45,37,37,0,0],"gold":49,"neow_bonus":"BOSS_RELIC","is_daily":false,"chose_seed":false,"campfire_upgraded":4,"win_rate":0.0,"timestamp":1608621522,"path_taken":["M","M","?","M","?","R","?","R","T","?","R","M","M","E","R","BOSS"],"items_purchased_type":["Card","Card"],"build_version":"2020-12-13","purchased_purges":0,"victory":false,"max_hp_per_floor":[75,75,75,75,75,75,75,75,75,75,75,75,75,75,75,75,75],"relic_stats":{"Sozu":1,"counters":[7,25],"Sundial":[0],"Pen Nib":[3],"obtain_stats":[{"Sozu":0,"Sundial":14,"Pen Nib":7,"Burning Blood":0,"Meat on the Bone":9},{"Sozu":0,"Sundial":6,"Pen Nib":3,"Burning Blood":0,"Meat on the Bone":3},{"Sozu":0,"Sundial":19,"Pen Nib":9,"Burning Blood":0,"Meat on the Bone":9}],"Meat on the Bone":24},"card_choices":[{"not_picked":["Havoc","Flex"],"picked":"Burning Pact","floor":1},{"not_picked":["Rage","Reckless Charge"],"picked":"Spot Weakness","floor":2},{"not_picked":["Blood for Blood","Warcry"],"picked":"Havoc","floor":4},{"not_picked":["Armaments","True Grit"],"picked":"Sword Boomerang","floor":12},{"not_picked":["Havoc","Anger"],"picked":"Pommel Strike","floor":13},{"not_picked":["Cleave","Rampage"],"picked":"Rage","floor":14}],"player_experience":2295909,"relics_obtained":[{"floor":7,"key":"Pen Nib"},{"floor":9,"key":"Meat on the Bone"},{"floor":14,"key":"Sundial"}],"event_choices":[{"damage_healed":0,"gold_gain":0,"player_choice":"Entered Light","damage_taken":23,"max_hp_gain":0,"max_hp_loss":0,"event_name":"Shining Light","floor":5,"gold_loss":0,"cards_upgraded":["Burning Pact","Strike_R"]},{"damage_healed":18,"gold_gain":0,"player_choice":"Healed","damage_taken":0,"max_hp_gain":0,"max_hp_loss":0,"event_name":"The Cleric","floor":10,"gold_loss":35}],"is_beta":false,"boss_relics":[],"items_purged_floors":[],"is_endless":false,"potions_floor_spawned":[4],"killed_by":"Slime Boss","ascension_level":20}}