{"host":"knoo6yq0od847mqf","time":1608668775,"event":{"mods":["BaseMod","Bestiary","CatGirl Mod","Displayed Cursed Tome","Downfall","Hubris","Marisa????????","Minty Spire (QoL Compilation)","Replay The Spire","StSLib","The Alterego","The Bug Knight","The Dragon Tamer"],"gold_per_floor":[373,441,214,214,214,214,246,261,261,117,117,5,17,48,48,147,147,158,177,177,177,195,224,224,242,542,542,555,581,30,18,18,115,115,129,139,139,157,207,207,240,240,240,255,255,255,255],"floor_reached":51,"playtime":1972,"items_purged":["hubris:Greed"],"score":771,"play_id":"dd12561f-88eb-4182-9988-d46e29a2bb8f","local_time":"20201222212615","is_ascension_mode":false,"campfire_choices":[{"data":"hubris:DuctTapeCard","floor":6,"key":"SMITH"},{"data":"Thunderclap","floor":11,"key":"SMITH"},{"data":"hubris:ReadiedAction","floor":15,"key":"SMITH"},{"floor":24,"key":"REST"},{"floor":27,"key":"REST"},{"data":"Life Link","floor":32,"key":"SMITH"},{"data":"Juggernaut","floor":41,"key":"SMITH"},{"data":"Juggernaut","floor":44,"key":"SMITH"},{"data":"Shockwave","floor":49,"key":"SMITH"}],"circlet_count":0,"master_deck":["Strike_R","Strike_R","Strike_R","Strike_R","Defend_R","Defend_R","Defend_R","Bash","hubris:DuctTapeCard+2","Demonic Infusion+1","Thunderclap+1","Pummel","Shockwave+1","hubris:ReadiedAction+1","ReplayTheSpireMod:Limb From Limb","Juggernaut+1","Anger+1","Life Link+1","Clash","Rage+1","Juggernaut+1","ReplayTheSpireMod:Muscle Training+1","Shrug It Off+1","Metallicize+1"],"relics":["Burning Blood","hubris:DuctTape","PreservedInsect","Pondfish Scales","InkBottle","Bronze Scales","ReplayTheSpireMod:Ninjato","Paper Frog","hubris:Icosahedron","Nloth\u0027s Gift","Bag of Preparation","Old Coin","Du-Vu Doll","Mango","ReplayTheSpireMod:Shallot","Busted Crown","hubris:Teleporter","Replay:Bottled Steam","Bottled Lightning"],"acts_visited":["Exordium","TheCity","TheBeyond"],"potions_floor_usage":[18,18,23,25,29,50,50],"damage_taken":[{"damage":6,"enemies":"Cultist","floor":1,"turns":3},{"damage":18,"enemies":"Lagavulin","floor":7,"turns":7},{"damage":10,"enemies":"2 Louse","floor":8,"turns":2},{"damage":0,"enemies":"Small Slimes","floor":13,"turns":4},{"damage":12,"enemies":"Gremlin Nob","floor":14,"turns":3},{"damage":54,"enemies":"Fading Forest","floor":16,"turns":11},{"damage":26,"enemies":"Spheric Guardian","floor":18,"turns":6},{"damage":19,"enemies":"Shell Parasite","floor":19,"turns":5},{"damage":30,"enemies":"Shelled Parasite and Fungi","floor":22,"turns":3},{"damage":38,"enemies":"Gremlin Leader","floor":23,"turns":4},{"damage":6,"enemies":"Snake Plant","floor":25,"turns":2},{"damage":0,"enemies":"Chosen and Byrds","floor":28,"turns":3},{"damage":12,"enemies":"Book of Stabbing","floor":29,"turns":3},{"damage":20,"enemies":"Centurion and Healer","floor":31,"turns":4},{"damage":15,"enemies":"Champ","floor":33,"turns":5},{"damage":9,"enemies":"Orb Walker","floor":35,"turns":2},{"damage":2,"enemies":"3 Darklings","floor":36,"turns":3},{"damage":6,"enemies":"4 Shapes","floor":38,"turns":2},{"damage":25,"enemies":"Mind Bloom Boss Battle","floor":39,"turns":5},{"damage":2,"enemies":"R_Hoarder","floor":42,"turns":4},{"damage":3,"enemies":"Sphere and 2 Shapes","floor":46,"turns":3},{"damage":9,"enemies":"hubris:GrandSnecko","floor":50,"turns":5}],"seed_played":"6868727128617937393","potions_obtained":[{"floor":5,"key":"EssenceOfSteel"},{"floor":5,"key":"SkillPotion"},{"floor":5,"key":"champ:CounterPotion"},{"floor":8,"key":"BloodPotion"},{"floor":18,"key":"Energy Potion"},{"floor":19,"key":"FearPotion"},{"floor":35,"key":"sneckomod:MuddlingPotion"},{"floor":42,"key":"Block Potion"}],"is_trial":false,"path_per_floor":["M","T","$","?","?","R","E","M","T","$","R","$","M","E","R","B",null,"M","M","?","?","M","E","R","M","T","R","M","E","$","M","R","B",null,"M","M","?","M","?","R","E","R","?","M","T","R","B",null],"character_chosen":"IRONCLAD","items_purchased":["PreservedInsect","Bronze Scales","Pummel","Shockwave","Mango","ReplayTheSpireMod:Shallot"],"campfire_rested":2,"item_purchase_floors":[3,10,12,12,30,30],"current_hp_per_floor":[80,80,80,80,80,80,68,64,64,64,64,64,70,64,64,26,80,76,63,63,63,39,7,31,31,31,55,61,55,69,55,55,46,94,91,94,94,94,75,75,87,87,87,90,90,90,87],"gold":255,"neow_bonus":"TWO_FIFTY_GOLD","is_daily":false,"chose_seed":false,"campfire_upgraded":7,"win_rate":0.0,"timestamp":1608668775,"path_taken":["M","?","$","?","?","R","E","M","T","$","R","$","?","E","R","BOSS","M","M","?","?","M","E","R","M","T","R","?","E","$","M","R","BOSS","M","M","?","M","?","R","E","R","?","?","?","R","BOSS"],"items_purchased_type":["Relic","Relic","Card","Card","Relic","Relic"],"build_version":"2020-12-13","purchased_purges":1,"victory":true,"max_hp_per_floor":[80,80,80,80,80,80,80,80,80,80,80,80,80,80,80,80,80,80,80,80,80,80,80,80,80,80,80,80,80,94,94,94,94,94,94,94,94,94,94,94,94,94,94,94,94,94,94],"card_choices":[{"not_picked":["ReplayTheSpireMod:Strike From Hell","Wild Strike"],"picked":"ReplayTheSpireMod:Corrosion Curse","floor":1},{"not_picked":["Defy Death","Havoc"],"picked":"Thunderclap","floor":7},{"not_picked":["Cleave","Hemokinesis","Clothesline"],"picked":"SKIP","floor":8},{"not_picked":["Run Through","Immolate"],"picked":"hubris:ReadiedAction","floor":13},{"not_picked":["Clothesline","hubris:ReadiedAction"],"picked":"ReplayTheSpireMod:Limb From Limb","floor":14},{"not_picked":["Limit Break","Eclipse"],"picked":"Juggernaut","floor":16},{"not_picked":["Sever Soul","Flame Barrier+1"],"picked":"Anger+1","floor":18},{"not_picked":["Clothesline","Pommel Strike"],"picked":"Life Link","floor":19},{"not_picked":["Run Through","Headbutt"],"picked":"Clash","floor":22},{"not_picked":["Thunderclap","Shockwave","Clothesline"],"picked":"SKIP","floor":23},{"not_picked":["Havoc+1","Limit Break","Anger"],"picked":"SKIP","floor":25},{"not_picked":["Thunderclap+1","Pummel"],"picked":"Rage+1","floor":28},{"not_picked":["Reaper","Life Link","Sentinel"],"picked":"SKIP","floor":29},{"not_picked":["ReplayTheSpireMod:Stacked","Hemokinesis+1","Second Wind"],"picked":"SKIP","floor":31},{"not_picked":["Eclipse","Limit Break"],"picked":"Juggernaut","floor":33},{"not_picked":["Flame Barrier"],"picked":"SKIP","floor":35},{"not_picked":[],"picked":"ReplayTheSpireMod:Muscle Training+1","floor":36},{"not_picked":[],"picked":"Shrug It Off+1","floor":38},{"not_picked":[],"picked":"Metallicize+1","floor":42},{"not_picked":["Run Through"],"picked":"SKIP","floor":46}],"player_experience":199532,"relics_obtained":[{"floor":2,"key":"hubris:DuctTape"},{"floor":7,"key":"Pondfish Scales"},{"floor":9,"key":"InkBottle"},{"floor":14,"key":"ReplayTheSpireMod:Ninjato"},{"floor":23,"key":"Bag of Preparation"},{"floor":26,"key":"Old Coin"},{"floor":29,"key":"Du-Vu Doll"},{"floor":39,"key":"hubris:Teleporter"},{"floor":42,"key":"Replay:Bottled Steam"},{"floor":47,"key":"Bottled Lightning"}],"event_choices":[{"damage_healed":0,"gold_gain":0,"player_choice":"Got Potions","damage_taken":0,"max_hp_gain":0,"max_hp_loss":0,"event_name":"Lab","floor":5,"gold_loss":0},{"damage_healed":0,"gold_gain":0,"player_choice":"Traded Relic","damage_taken":0,"relics_obtained":["Nloth\u0027s Gift"],"max_hp_gain":0,"max_hp_loss":0,"event_name":"N\u0027loth","floor":21,"relics_lost":["hubris:Backtick"],"gold_loss":0},{"damage_healed":0,"gold_gain":0,"player_choice":"Ignored","damage_taken":0,"max_hp_gain":0,"max_hp_loss":0,"event_name":"OrinTheCat","floor":37,"gold_loss":0},{"damage_healed":0,"gold_gain":0,"player_choice":"Fight","damage_taken":0,"max_hp_gain":0,"max_hp_loss":0,"event_name":"MindBloom","floor":39,"gold_loss":0},{"cards_removed":["Wraith"],"damage_healed":0,"gold_gain":0,"player_choice":"Purged","damage_taken":0,"max_hp_gain":0,"max_hp_loss":0,"event_name":"Purifier","floor":45,"gold_loss":0}],"is_beta":false,"boss_relics":[{"not_picked":["Runic Cube","hubris:BlackHole"],"picked":"hubris:Backtick"},{"not_picked":["Tiny House","Runic Pyramid"],"picked":"Busted Crown"}],"items_purged_floors":[3],"is_endless":false,"potions_floor_spawned":[8,14,18,19,23,35,42,46],"ascension_level":0}}