{"host":"lctcqud4f9t1q6q5","time":1608615285,"event":{"mods":["BaseMod","Better Vampires","Block Reminder","Colored Map","Colored Powertips","Downfall","Highlight Path","KinomotoSakuraMod(木之本樱)","Lobotomy","LobotomyExtend","Marisa（F雨　魔理沙）","Minty Spire (QoL Compilation)","Quick Restart","Reimu（博丽灵梦）","Relic Stats","Replay The Spire","RumiaBox-露米娅的神秘盒子","Shop Mod","Spicy Shops","StSLib","TestMod","The Bug Knight","Thieving Mod","WarShipGirlsR/战舰少女R mod","vexMod","【功能Mod】混沌之环修复补丁","篝火指南"],"gold_per_floor":[117,136,148,158,158,184,184,209,209,236,256,269,299,309,309,411,411,411],"floor_reached":17,"playtime":1382,"items_purged":[],"score":255,"play_id":"e7f53fa0-6b2d-4dd2-a7d1-fc20cac7b985","local_time":"20201222133445","is_ascension_mode":true,"campfire_choices":[{"floor":7,"key":"REST"},{"floor":15,"key":"REST"}],"circlet_count":0,"master_deck":["rmod:strick","rmod:strick","rmod:strick","rmod:strick","rmod:defend+1","rmod:defend","rmod:defend","rmod:defend","rmod:basicallowance+1","rmod:maingunfire+1","rmod:fuelsupply+1","rmod:windflower+1","rmod:aluminumsupply+1","rmod:gendarmerie","rmod:expedition+3","rmod:aggressivemary","rmod:stealaluminum"],"relics":["testmod-TestBox","testmod-ChristmasGift","testmod-BloodSacrificeSpiritualization","LetterFromLob","Pear","LastBattle","Replay:Bottled Steam","ReplayTheSpireMod:Shallot","Pantograph","Black Star"],"acts_visited":["Exordium","TheCity"],"potions_floor_usage":[1,1,1,1,1,3,3,3,4,6,6,6,8,8,10,10,10,10,10,11,11,11,11,11,11,11,11,11,13,13,13,16],"damage_taken":[{"damage":10,"enemies":"Cultist","floor":1,"turns":5},{"damage":7,"enemies":"Jaw Worm","floor":2,"turns":3},{"damage":14,"enemies":"Small Slimes","floor":3,"turns":3},{"damage":7,"enemies":"3 Louse","floor":4,"turns":2},{"damage":16,"enemies":"Lagavulin","floor":6,"turns":5},{"damage":41,"enemies":"3 Sentries","floor":8,"turns":7},{"damage":5,"enemies":"Lagavulin","floor":10,"turns":5},{"damage":13,"enemies":"Exordium Thugs","floor":11,"turns":6},{"damage":7,"enemies":"Blue Slaver","floor":12,"turns":4},{"damage":16,"enemies":"3 Sentries","floor":13,"turns":4},{"damage":0,"enemies":"Large Slime","floor":14,"turns":5},{"damage":16,"enemies":"Hexaghost","floor":16,"turns":9}],"seed_played":"7232540194690998633","potions_obtained":[{"floor":3,"key":"Adrenaline Potion"},{"floor":4,"key":"DistilledChaos"},{"floor":6,"key":"CultistPotion"},{"floor":8,"key":"hexamod:EctoCoolerPotion"},{"floor":12,"key":"champ:CounterPotion"},{"floor":13,"key":"DuplicationPotion"}],"is_trial":false,"path_per_floor":["M","M","M","M","?","E","R","E","T","E","M","M","E","M","R","B",null],"character_chosen":"PRAEFECT","items_purchased":[],"campfire_rested":2,"item_purchase_floors":[],"current_hp_per_floor":[71,64,54,47,32,30,55,28,28,32,29,25,9,11,36,54,77,77],"gold":411,"neow_bonus":"BOSS_RELIC","is_daily":false,"chose_seed":false,"campfire_upgraded":0,"win_rate":0.0,"timestamp":1608615285,"path_taken":["M","M","M","?","?","E","R","E","T","E","M","M","E","M","R","BOSS"],"items_purchased_type":[],"build_version":"2020-12-13","purchased_purges":0,"victory":false,"max_hp_per_floor":[75,75,75,75,75,85,85,85,85,85,85,85,85,85,85,85,85,85],"relic_stats":{"counters":[12,58],"Pantograph":25,"Black Star":0,"obtain_stats":[{"testmod-TestBox":0,"Pear":6,"ReplayTheSpireMod:Shallot":10,"Pantograph":13,"rmod:firstchargereward":0,"LetterFromLob":1,"Black Star":17,"testmod-BloodSacrificeSpiritualization":0,"LastBattle":8,"testmod-ChristmasGift":0,"Replay:Bottled Steam":9},{"testmod-TestBox":0,"Pear":5,"ReplayTheSpireMod:Shallot":7,"Pantograph":10,"rmod:firstchargereward":0,"LetterFromLob":1,"Black Star":12,"testmod-BloodSacrificeSpiritualization":0,"LastBattle":6,"testmod-ChristmasGift":0,"Replay:Bottled Steam":6},{"testmod-TestBox":0,"Pear":18,"ReplayTheSpireMod:Shallot":30,"Pantograph":44,"rmod:firstchargereward":0,"LetterFromLob":5,"Black Star":58,"testmod-BloodSacrificeSpiritualization":0,"LastBattle":25,"testmod-ChristmasGift":0,"Replay:Bottled Steam":25}]},"card_choices":[{"not_picked":["rmod:bulid","rmod:tearstotiara"],"picked":"rmod:fuelsupply","floor":1},{"not_picked":["rmod:circuitoustactics","rmod:victimresponsibility"],"picked":"rmod:windflower","floor":2},{"not_picked":["rmod:tearstotiara","rmod:punchline"],"picked":"rmod:aluminumsupply","floor":3},{"not_picked":["rmod:salvage","rmod:circuitoustactics","rmod:windflower"],"picked":"SKIP","floor":4},{"not_picked":["rmod:ring","rmod:supportescort"],"picked":"rmod:gendarmerie","floor":6},{"not_picked":["rmod:launchingtorpedo","rmod:aluminumsupply"],"picked":"rmod:expedition","floor":8},{"not_picked":["rmod:luckystar","rmod:guardianhero","rmod:supportescort"],"picked":"SKIP","floor":10},{"not_picked":["rmod:rockthrower","rmod:guardianhero","rmod:smokecover"],"picked":"SKIP","floor":11},{"not_picked":["rmod:aviationdawn","rmod:bulid"],"picked":"rmod:aggressivemary","floor":12},{"not_picked":["rmod:aluminumsupply","rmod:u235","rmod:luckystar"],"picked":"SKIP","floor":13},{"not_picked":["rmod:intelligenceanalysis","rmod:gendarmerie","rmod:aviationdawn"],"picked":"SKIP","floor":14},{"not_picked":["rmod:fletcher","rmod:windflower"],"picked":"rmod:stealaluminum","floor":16}],"player_experience":345373,"relics_obtained":[{"floor":1,"key":"LetterFromLob"},{"floor":6,"key":"Pear"},{"floor":8,"key":"LastBattle"},{"floor":9,"key":"Replay:Bottled Steam"},{"floor":10,"key":"ReplayTheSpireMod:Shallot"},{"floor":13,"key":"Pantograph"}],"event_choices":[{"damage_healed":0,"gold_gain":0,"player_choice":"Entered Light","damage_taken":15,"max_hp_gain":0,"max_hp_loss":0,"event_name":"Shining Light","floor":5,"gold_loss":0,"cards_upgraded":["rmod:maingunfire","rmod:defend"]}],"is_beta":false,"boss_relics":[{"not_picked":["Ectoplasm","testmod-KeyOfTheVoid"],"picked":"Black Star"}],"items_purged_floors":[],"is_endless":false,"potions_floor_spawned":[3,4,6,8,12,13],"ascension_level":7}}