{"host":"vu6dpj2b1wv7fhj8","time":1608640812,"event":{"mods":["BaseMod","Colored Map","Googly Eyes","Hermit","Highlight Path","Lobotomy","LobotomyExtend","Marisa£®ÏF”Í°°ƒß¿Ì…≥£©","Minty Spire (QoL Compilation)","Replay The Spire","Shop Mod","StSLib","The Construct","The Cursed"],"gold_per_floor":[118,129,148,162,177,177,177,211,238,249,249,249,263,295,295,393,393,410,429,429,441,441,470,487,513,525,537,537],"floor_reached":27,"playtime":2004,"items_purged":[],"score":399,"play_id":"2fe090c2-809d-4c3f-a1e4-a692f49c55c4","local_time":"20201222204012","is_ascension_mode":true,"campfire_choices":[{"data":"Rupture","floor":6,"key":"SMITH"},{"floor":12,"key":"REST"},{"data":"ReplayTheSpireMod:Muscle Training","floor":15,"key":"SMITH"}],"circlet_count":0,"master_deck":["Strike_R+1","Strike_R+1","Strike_R+1","Strike_R+1","Strike_R+1","Defend_R+1","Defend_R+1","Defend_R+1","Defend_R+1","Bash","Sword Boomerang","Scorched","ReplayTheSpireMod:Stacked+1","Rupture+1","UniverseFragment","Life Link","ReplayTheSpireMod:Muscle Training+1","Woodsman","DreamingCurrent","Blood for Blood","Warcry+1","OSAHOGD","Exhume","Sword Boomerang","Armaments+1","J.A.X.","Havoc+1","Sword Boomerang+1"],"relics":["Burning Blood","CogitoBucket","LetterFromLob","Onion Ring","Nunchaku","SkinProphecy","ReplayFunnel","Black Star","ChangeAnything","ReplayTheSpireMod:TigerMarble","War Paint","MawBank","ReplayTheSpireMod:Spearhead","Bottled Flame"],"acts_visited":["Exordium","TheCity"],"potions_floor_usage":[16,19,23,27,27],"damage_taken":[{"damage":1,"enemies":"Cultist","floor":1,"turns":3},{"damage":7,"enemies":"2 Louse","floor":2,"turns":2},{"damage":7,"enemies":"Jaw Worm","floor":3,"turns":3},{"damage":4,"enemies":"Large Slime","floor":4,"turns":4},{"damage":8,"enemies":"2 Fungi Beasts","floor":5,"turns":3},{"damage":16,"enemies":"3 Sentries","floor":8,"turns":7},{"damage":47,"enemies":"3 Louse","floor":10,"turns":4},{"damage":0,"enemies":"Exordium Wildlife","floor":13,"turns":1},{"damage":40,"enemies":"Lagavulin","floor":14,"turns":6},{"damage":94,"enemies":"Fading Forest","floor":16,"turns":11},{"damage":51,"enemies":"Spheric Guardian","floor":18,"turns":6},{"damage":43,"enemies":"Chosen","floor":19,"turns":7},{"damage":46,"enemies":"Shelled Parasite and Fungi","floor":21,"turns":4},{"damage":26,"enemies":"Slavers","floor":23,"turns":3},{"damage":23,"enemies":"3 Cultists","floor":24,"turns":4},{"damage":69,"enemies":"Replay:Snechameleon","floor":25,"turns":6},{"damage":31,"enemies":"Centurion and Healer","floor":27,"turns":3}],"seed_played":"6354371727135186122","potions_obtained":[{"floor":3,"key":"Milkshake"},{"floor":5,"key":"PowerPotion"},{"floor":8,"key":"Block Potion"},{"floor":10,"key":"DuplicationPotion"},{"floor":16,"key":"LifebloodPotion"},{"floor":18,"key":"Energy Potion"},{"floor":21,"key":"DistilledChaos"}],"is_trial":false,"path_per_floor":["M","M","M","M","M","R","$","E","T","M","M","R","M","E","R","B",null,"M","M","?","M","?","E","M","E","T","M"],"character_chosen":"IRONCLAD","items_purchased":[],"campfire_rested":1,"item_purchase_floors":[],"current_hp_per_floor":[77,76,75,77,75,75,75,65,65,24,24,48,62,60,60,80,85,74,65,65,57,57,63,84,53,53,26,26],"gold":537,"neow_bonus":"","is_daily":false,"chose_seed":false,"campfire_upgraded":2,"win_rate":0.0,"timestamp":1608640812,"path_taken":["M","M","M","M","M","R","?","E","T","M","M","R","?","E","R","BOSS","M","M","?","M","?","E","M","E","T","M"],"items_purchased_type":[],"build_version":"2020-12-13","purchased_purges":0,"victory":false,"max_hp_per_floor":[80,80,80,80,80,80,80,80,80,80,80,80,82,84,84,86,86,88,92,92,94,94,96,98,100,100,104,104],"card_choices":[{"not_picked":["WallGazer","VoidDream","Funeral"],"picked":"Singing Bowl","floor":1},{"not_picked":["ReplayTheSpireMod:Strike From Hell","Flex"],"picked":"Sword Boomerang","floor":1},{"not_picked":["SpiderBud","FairyFestival","ShyLook"],"picked":"Singing Bowl","floor":2},{"not_picked":["PunishingBird","MeatLantern"],"picked":"Scorched","floor":2},{"not_picked":["Clothesline","Cleave"],"picked":"ReplayTheSpireMod:Stacked","floor":2},{"not_picked":["Bloodbath","FairyFestival","MeatLantern"],"picked":"Singing Bowl","floor":3},{"not_picked":["Anger","Perfected Strike","Wild Strike"],"picked":"SKIP","floor":3},{"not_picked":["OldLady","Funeral","PunishingBird"],"picked":"Singing Bowl","floor":4},{"not_picked":["Headbutt","Shrug It Off"],"picked":"Rupture","floor":4},{"not_picked":["PunishingBird","BigBadWolf"],"picked":"UniverseFragment","floor":5},{"not_picked":["Warcry","Feel No Pain"],"picked":"Life Link","floor":5},{"not_picked":["Double Tap","Iron Wave"],"picked":"ReplayTheSpireMod:Muscle Training","floor":8},{"not_picked":["MeatLantern","WallGazer","Funeral"],"picked":"Singing Bowl","floor":8},{"not_picked":["NakedNest","CherryBlossoms"],"picked":"Woodsman","floor":10},{"not_picked":["Fire Breathing","Havoc","Carnage"],"picked":"SKIP","floor":10},{"not_picked":["WallGazer","GalaxyChild"],"picked":"DreamingCurrent","floor":13},{"not_picked":["Hemogenesis","Run Through"],"picked":"Blood for Blood","floor":13},{"not_picked":["Funeral","MHz","PunishingBird"],"picked":"Singing Bowl","floor":14},{"not_picked":["Thunderclap","Warcry","Eclipse"],"picked":"SKIP","floor":14},{"not_picked":["Thunderclap","Eclipse"],"picked":"Warcry","floor":14},{"not_picked":["HeroicMonk","OldLady"],"picked":"OSAHOGD","floor":16},{"not_picked":["Hemogenesis","Double Tap"],"picked":"Exhume","floor":16},{"not_picked":["WallGazer","PunishingBird","Scarecrow"],"picked":"Singing Bowl","floor":18},{"not_picked":["Run Through","Life Link"],"picked":"Sword Boomerang","floor":18},{"not_picked":["Wellcheers","CrumblingArmor","WallGazer"],"picked":"Singing Bowl","floor":19},{"not_picked":["Evolve","Havoc+1"],"picked":"Armaments+1","floor":19},{"not_picked":["Rudolta","Yin","OldLady"],"picked":"Singing Bowl","floor":21},{"not_picked":["Reckless Charge+1","Rampage","Cleave"],"picked":"SKIP","floor":21},{"not_picked":["BlackSwan","Murderer","DespairKnight"],"picked":"Singing Bowl","floor":23},{"not_picked":["Burning Pact","Entrench"],"picked":"Havoc+1","floor":23},{"not_picked":["SpiderBud","Freischutz","WhitesApple"],"picked":"Singing Bowl","floor":24},{"not_picked":["Thunderclap","Pommel Strike","ReplayTheSpireMod:Limb From Limb+1"],"picked":"SKIP","floor":24},{"not_picked":["Scarecrow","Rudolta","HeroicMonk"],"picked":"Singing Bowl","floor":25},{"not_picked":["Run Through","ReplayTheSpireMod:Strike From Hell+1"],"picked":"Sword Boomerang+1","floor":25}],"player_experience":470007,"relics_obtained":[{"floor":1,"key":"LetterFromLob"},{"floor":8,"key":"Onion Ring"},{"floor":9,"key":"Nunchaku"},{"floor":14,"key":"ReplayFunnel"},{"floor":23,"key":"ReplayTheSpireMod:TigerMarble"},{"floor":23,"key":"War Paint"},{"floor":25,"key":"MawBank"},{"floor":25,"key":"ReplayTheSpireMod:Spearhead"},{"floor":26,"key":"Bottled Flame"}],"event_choices":[{"damage_healed":0,"gold_gain":0,"player_choice":"Obtain J.A.X.","damage_taken":0,"max_hp_gain":0,"max_hp_loss":0,"event_name":"Drug Dealer","floor":20,"gold_loss":0,"cards_obtained":["J.A.X."]},{"damage_healed":0,"gold_gain":0,"player_choice":"Simplicity","damage_taken":0,"max_hp_gain":0,"max_hp_loss":0,"event_name":"Back to Basics","floor":22,"gold_loss":0,"cards_upgraded":["Strike_R","Strike_R","Strike_R","Strike_R","Strike_R","Defend_R","Defend_R","Defend_R","Defend_R"]}],"is_beta":false,"boss_relics":[{"not_picked":["Replay:Grab Bag","Electric Blood"],"picked":"Black Star"}],"items_purged_floors":[],"is_endless":false,"potions_floor_spawned":[3,5,8,10,13,16,18,21],"killed_by":"Centurion and Healer","ascension_level":8}}