{"host":"mvlqq966zh3ccmv5","time":1608670039,"event":{"mods":["AchievementEnabler","BaseMod","DeckTracker","Minty Spire (QoL Compilation)","SuperFastMode"],"gold_per_floor":[118,129,141,141,152,179,199,199,199,228,291,309,19,30,30,130,130,140,40,56,56,73,73,99,20,20,35,52,52,85,95,95,194,194,210,210,85,0,0,25,25,25,25],"floor_reached":42,"playtime":1262,"items_purged":["Strike_G","Defend_G","Strike_G"],"score":792,"play_id":"bab71f93-ea64-448c-bd34-1bc20e1b2edf","local_time":"20201223054719","is_ascension_mode":true,"campfire_choices":[{"floor":8.0,"key":"REST"},{"data":"Cloak And Dagger","floor":15.0,"key":"SMITH"},{"data":"Blade Dance","floor":23.0,"key":"SMITH"},{"data":"Storm of Steel","floor":29.0,"key":"SMITH"},{"data":"Reflex","floor":32.0,"key":"SMITH"}],"circlet_count":0,"master_deck":["AscendersBane","Defend_G","Defend_G","Defend_G","Survivor","Neutralize","Deadly Poison","Cloak And Dagger","Accuracy","Blade Dance+1","Cloak And Dagger+1","Quick Slash","Dagger Throw","Acrobatics","Grand Finale","Acrobatics","Master of Strategy","Masterful Stab","Adrenaline+1","Reflex+1","Cloak And Dagger+1","Blade Dance+1","Storm of Steel+1","Reflex","Reflex+1","Corpse Explosion","Adrenaline","Burst"],"relics":["SlaversCollar","MealTicket","CaptainsWheel","Darkstone Periapt","StoneCalendar","Empty Cage","Akabeko","White Beast Statue","Juzu Bracelet","Philosopher\u0027s Stone","Red Mask","Bag of Marbles"],"acts_visited":["Exordium","TheCity","TheBeyond"],"potions_floor_usage":[40,40,40],"damage_taken":[{"damage":8.0,"enemies":"2 Louse","floor":1.0,"turns":4.0},{"damage":6.0,"enemies":"Cultist","floor":2.0,"turns":5.0},{"damage":0.0,"enemies":"Jaw Worm","floor":3.0,"turns":5.0},{"damage":21.0,"enemies":"Lots of Slimes","floor":5.0,"turns":7.0},{"damage":11.0,"enemies":"Lagavulin","floor":6.0,"turns":7.0},{"damage":1.0,"enemies":"Red Slaver","floor":7.0,"turns":6.0},{"damage":16.0,"enemies":"3 Sentries","floor":10.0,"turns":8.0},{"damage":0.0,"enemies":"Gremlin Nob","floor":11.0,"turns":2.0},{"damage":5.0,"enemies":"2 Fungi Beasts","floor":12.0,"turns":4.0},{"damage":0.0,"enemies":"Looter","floor":14.0,"turns":4.0},{"damage":9.0,"enemies":"Hexaghost","floor":16.0,"turns":8.0},{"damage":0.0,"enemies":"Spheric Guardian","floor":18.0,"turns":3.0},{"damage":16.0,"enemies":"3 Byrds","floor":20.0,"turns":7.0},{"damage":6.0,"enemies":"Centurion and Healer","floor":22.0,"turns":5.0},{"damage":0.0,"enemies":"Gremlin Leader","floor":24.0,"turns":4.0},{"damage":0.0,"enemies":"Sentry and Sphere","floor":27.0,"turns":4.0},{"damage":13.0,"enemies":"Snecko","floor":28.0,"turns":5.0},{"damage":6.0,"enemies":"Book of Stabbing","floor":30.0,"turns":3.0},{"damage":1.0,"enemies":"3 Cultists","floor":31.0,"turns":5.0},{"damage":18.0,"enemies":"Collector","floor":33.0,"turns":3.0},{"damage":6.0,"enemies":"Orb Walker","floor":35.0,"turns":2.0},{"damage":9,"enemies":"Nemesis","floor":40,"turns":3},{"damage":30,"enemies":"Reptomancer","floor":42,"turns":4}],"seed_played":"-4120106243889547502","potions_obtained":[{"floor":1.0,"key":"DuplicationPotion"},{"floor":5.0,"key":"Swift Potion"},{"floor":6.0,"key":"FearPotion"},{"floor":10.0,"key":"SteroidPotion"},{"floor":20.0,"key":"CunningPotion"},{"floor":24.0,"key":"Block Potion"},{"floor":28.0,"key":"SpeedPotion"},{"floor":30.0,"key":"Fire Potion"},{"floor":31.0,"key":"DistilledChaos"},{"floor":33.0,"key":"SneckoOil"},{"floor":35.0,"key":"Strength Potion"},{"floor":40,"key":"DuplicationPotion"}],"is_trial":false,"path_per_floor":["M","M","M","?","M","E","M","R","T","E","?","M","$","M","R","B",null,"M","$","M","?","M","R","E","$","T","M","M","R","E","M","R","B",null,"M","?","$","?","?","E","$","E"],"character_chosen":"THE_SILENT","items_purchased":["Acrobatics","Master of Strategy","Reflex"],"campfire_rested":1,"item_purchase_floors":[13,13,25],"current_hp_per_floor":[55,49,49,49,28,17,16,37,37,21,21,16,31,31,31,22,58,58,70,54,54,48,48,48,63,63,63,50,50,44,43,43,25,59,53,53,68,68,68,59,70,40,40],"gold":25,"neow_bonus":"BOSS_RELIC","is_daily":false,"chose_seed":false,"campfire_upgraded":4,"win_rate":0.0,"timestamp":1608670039,"path_taken":["M","M","M","?","M","E","?","R","T","E","?","M","$","M","R","BOSS","M","$","M","?","?","R","E","?","T","?","M","R","E","M","R","BOSS","M","?","$","?","?","E","$","E"],"items_purchased_type":["Card","Card","Card"],"build_version":"2020-12-13","purchased_purges":3,"victory":false,"max_hp_per_floor":[70,70,70,70,70,70,70,70,70,70,70,70,70,70,70,70,70,70,70,70,70,70,70,70,70,70,70,70,70,70,70,70,70,70,70,70,70,70,70,70,70,70,70],"card_choices":[{"not_picked":["Calculated Gamble","Prepared"],"picked":"Deadly Poison","floor":1.0},{"not_picked":["Backstab","Calculated Gamble"],"picked":"Cloak And Dagger","floor":2.0},{"not_picked":["Sucker Punch","Outmaneuver"],"picked":"Accuracy","floor":3.0},{"not_picked":["Slice","Flying Knee"],"picked":"Blade Dance","floor":5.0},{"not_picked":["Night Terror","Acrobatics"],"picked":"Cloak And Dagger","floor":6.0},{"not_picked":["Poisoned Stab","Slice"],"picked":"Quick Slash","floor":7.0},{"not_picked":["Deflect","Slice"],"picked":"Dagger Throw","floor":10.0},{"not_picked":["Bane","Poisoned Stab"],"picked":"Acrobatics","floor":11.0},{"not_picked":["All Out Attack","Sucker Punch"],"picked":"Grand Finale","floor":12.0},{"not_picked":["Deflect","Sucker Punch"],"picked":"Masterful Stab","floor":14.0},{"not_picked":["A Thousand Cuts","Bullet Time"],"picked":"Adrenaline","floor":16.0},{"not_picked":["Underhanded Strike+1","Calculated Gamble"],"picked":"Reflex","floor":18.0},{"not_picked":["Poisoned Stab","Outmaneuver"],"picked":"Cloak And Dagger+1","floor":20.0},{"not_picked":["Riddle With Holes","Backflip+1"],"picked":"Blade Dance+1","floor":22.0},{"not_picked":["Prepared","Acrobatics"],"picked":"Storm of Steel","floor":24.0},{"not_picked":["Distraction","Prepared"],"picked":"Reflex+1","floor":27.0},{"not_picked":["Sucker Punch","Blade Dance"],"picked":"Corpse Explosion","floor":28.0},{"not_picked":["Catalyst","Dagger Spray"],"picked":"Adrenaline","floor":30.0},{"not_picked":["Blade Dance","Catalyst","Caltrops"],"picked":"SKIP","floor":31.0},{"not_picked":["Glass Knife","Grand Finale"],"picked":"Burst","floor":33.0},{"not_picked":["Noxious Fumes","Blade Dance+1","Underhanded Strike"],"picked":"SKIP","floor":35.0},{"not_picked":["All Out Attack","Storm of Steel","Bouncing Flask"],"picked":"SKIP","floor":40}],"player_experience":221833,"relics_obtained":[{"floor":6.0,"key":"MealTicket"},{"floor":9.0,"key":"CaptainsWheel"},{"floor":10.0,"key":"Darkstone Periapt"},{"floor":24.0,"key":"Akabeko"},{"floor":26.0,"key":"White Beast Statue"},{"floor":30.0,"key":"Juzu Bracelet"},{"floor":40,"key":"Bag of Marbles"}],"event_choices":[{"cards_removed":["Strike_G"],"damage_healed":0.0,"max_hp_gain":0.0,"max_hp_loss":0.0,"gold_gain":0.0,"event_name":"Purifier","player_choice":"Purged","floor":4.0,"gold_loss":0.0,"damage_taken":0.0},{"damage_healed":0.0,"max_hp_gain":0.0,"max_hp_loss":0.0,"gold_gain":30.0,"event_name":"Dead Adventurer","player_choice":"Searched \u00273\u0027 times","floor":11.0,"gold_loss":0.0,"damage_taken":0.0,"relics_obtained":["StoneCalendar"]},{"damage_healed":0.0,"max_hp_gain":0.0,"max_hp_loss":0.0,"gold_gain":0.0,"event_name":"Accursed Blacksmith","player_choice":"Forge","floor":21.0,"gold_loss":0.0,"damage_taken":0.0,"cards_upgraded":["Adrenaline"]},{"cards_removed":["Strike_G"],"damage_healed":0.0,"max_hp_gain":0.0,"max_hp_loss":0.0,"gold_gain":0.0,"event_name":"Falling","player_choice":"Removed Attack","floor":36.0,"gold_loss":0.0,"damage_taken":0.0},{"damage_healed":0.0,"max_hp_gain":0.0,"max_hp_loss":0.0,"gold_gain":0.0,"event_name":"Tomb of Lord Red Mask","player_choice":"Paid","floor":38.0,"gold_loss":85.0,"damage_taken":0.0,"relics_obtained":["Red Mask"]},{"damage_healed":0.0,"max_hp_gain":0.0,"max_hp_loss":0.0,"gold_gain":0.0,"event_name":"Match and Keep!","player_choice":"0 cards matched","floor":39.0,"gold_loss":0.0,"damage_taken":0.0,"cards_obtained":[]}],"is_beta":false,"boss_relics":[{"not_picked":["Sozu","Ectoplasm"],"picked":"Empty Cage"},{"not_picked":["Runic Dome","Velvet Choker"],"picked":"Philosopher\u0027s Stone"}],"items_purged_floors":[13,19,37],"is_endless":false,"potions_floor_spawned":[1,5,6,10,20,24,27,28,30,31,33,35,40],"killed_by":"Reptomancer","ascension_level":10}}