{"host":"709gjpjg43u3i5a8","time":1608619650,"event":{"mods":["BaseMod","Colored Map","Colored Powertips","Downfall","Hermit","Hubris","Infinite Spire","Marisa????????","Minty Spire (QoL Compilation)","Remilia??????","StSLib","Td1madao Mod","The Animator","The Bug Knight","The Cursed","The Disciple","The Hierophant","The Jungle","The Servant 0.9.4"],"gold_per_floor":[122,122,122,122,150,183,197,213,238,264,283,303,323,351,351,461,461,476,476,476,329,343,343,368,380,380,396,396,475,475,475,475,574,574,593,593,627,627,641,641,660,660,660,676,676,709,709,726,726,726,726,726,545,595,650,725,725,725,800,880,484,484,579,579,579,579,694,694,694,694],"floor_reached":69,"playtime":6997,"items_purged":[],"score":1044,"play_id":"09054d11-5aec-4d03-ad1b-966c5ab91a02","local_time":"20201221234730","is_ascension_mode":false,"campfire_choices":[{"data":"animator:Yoichi","floor":15.0,"key":"SMITH"},{"data":"animator:KrulTepes","floor":23.0,"key":"SMITH"},{"floor":32.0,"key":"REST"},{"floor":40.0,"key":"RECALL"},{"data":"animator:Greed","floor":42,"key":"SMITH"},{"data":"hubris:Fate","floor":49,"key":"SMITH"},{"data":"animator:HigakiRinne","floor":52,"key":"SMITH"},{"data":"Here Defend Chip+4","floor":58,"key":"SMITH"},{"floor":62,"key":"REST"},{"data":"Here Defend Chip+16","floor":66,"key":"SMITH"},{"data":"Here Defend Chip+20","floor":68,"key":"SMITH"}],"circlet_count":0,"master_deck":["animator:Strike_OwariNoSeraph+1","animator:Defend_OwariNoSeraph+1","animator:Strike+1","animator:Strike+1","animator:Defend+1","animator:Shinoa+1","animator:Mikaela+1","animator:ChaikaBohdan+1","animator:Yuuichirou+1","animator:HiiragiShinya+1","Here Defend Chip+21","animator:Biyorigo+1","animator:HiiragiShinya+1","animator:Yuuichirou","animator:Yoichi+1","animator:Greed+1","Discovery+1","animator:KrulTepes+1","animator:ChaikaTrabant","animator:Yuuichirou+1","animator:HiiragiShinya+1","animator:HigakiRinne+1","animator:Yuuichirou","animator:Shigure+1","animator:ElricAlphonse+1","animator:Mikaela+1"],"relics":["animator:TheEgnaroPiece","animator:AncientMedallion"],"acts_visited":["Exordium","TheCity","TheBeyond","TheEnding","EYB:TheUnnamedReign"],"potions_floor_usage":[55,60,60,69,69,69],"damage_taken":[{"damage":0.0,"enemies":"Cultist","floor":1.0,"turns":1.0},{"damage":0.0,"enemies":"2 Louse","floor":5.0,"turns":1.0},{"damage":0.0,"enemies":"3 Sentries","floor":6.0,"turns":1.0},{"damage":0.0,"enemies":"Jaw Worm","floor":7.0,"turns":3.0},{"damage":2.0,"enemies":"3 Louse","floor":8.0,"turns":3.0},{"damage":0.0,"enemies":"Gremlin Nob","floor":10.0,"turns":4.0},{"damage":0.0,"enemies":"Exordium Thugs","floor":11.0,"turns":4.0},{"damage":0.0,"enemies":"Exordium Wildlife","floor":12.0,"turns":2.0},{"damage":19.0,"enemies":"3 Louse","floor":13.0,"turns":3.0},{"damage":5.0,"enemies":"Blue Slaver","floor":14.0,"turns":3.0},{"damage":28.0,"enemies":"The Guardian","floor":16.0,"turns":9.0},{"damage":0.0,"enemies":"Spheric Guardian","floor":18.0,"turns":4.0},{"damage":2.0,"enemies":"Snecko","floor":22.0,"turns":4.0},{"damage":31.0,"enemies":"Book of Stabbing","floor":24.0,"turns":6.0},{"damage":10.0,"enemies":"Cultist and Chosen","floor":25.0,"turns":3.0},{"damage":23.0,"enemies":"Shelled Parasite and Fungi","floor":27.0,"turns":6.0},{"damage":41.0,"enemies":"Champ","floor":33.0,"turns":9.0},{"damage":0.0,"enemies":"3 Shapes","floor":35.0,"turns":4.0},{"damage":0.0,"enemies":"Orb Walker","floor":37.0,"turns":3.0},{"damage":0.0,"enemies":"Sphere and 2 Shapes","floor":39.0,"turns":2.0},{"damage":2,"enemies":"3 Darklings","floor":41,"turns":4},{"damage":0,"enemies":"Maw","floor":44,"turns":6},{"damage":5,"enemies":"Reptomancer","floor":46,"turns":7},{"damage":17,"enemies":"Jaw Worm Horde","floor":48,"turns":4},{"damage":50,"enemies":"Awakened One","floor":50,"turns":11},{"damage":54,"enemies":"animator:TRIPLE_SHAPES_WEAK","floor":54,"turns":10},{"damage":0,"enemies":"animator:UNNAMED_CULTIST_1","floor":55,"turns":13},{"damage":30,"enemies":"animator:LARGE_WISP","floor":59,"turns":11},{"damage":6,"enemies":"animator:TRIPLE_LAGAVULIN","floor":60,"turns":10},{"damage":0,"enemies":"animator:ULTIMATE_CRYSTAL","floor":63,"turns":18},{"damage":17,"enemies":"animator:ULTIMATE_CUBE","floor":67,"turns":11},{"damage":122,"enemies":"animator:TheUnnamed","floor":69,"turns":14}],"seed_played":"1477736318476321225","potions_obtained":[{"floor":1.0,"key":"Guardian:BlockOnCardUsePotion"},{"floor":7.0,"key":"AttackPotion"},{"floor":10.0,"key":"Strength Potion"},{"floor":11.0,"key":"LiquidMemories"},{"floor":13.0,"key":"animator:GrowthPotion"},{"floor":18.0,"key":"DuplicationPotion"},{"floor":39.0,"key":"EssenceOfSteel"},{"floor":46,"key":"Fire Potion"},{"floor":54,"key":"animator:FalseLifePotion"},{"floor":55,"key":"animator:FalseLifePotion"},{"floor":59,"key":"animator:FalseLifePotion"},{"floor":60,"key":"animator:FalseLifePotion"},{"floor":63,"key":"animator:FalseLifePotion"},{"floor":67,"key":"animator:FalseLifePotion"}],"is_trial":false,"path_per_floor":["M","?","?","T","M","E","M","M","T","E","M","M","M","M","R","B",null,"M","?","AVR","$","M","R","E","M","T","M","?","T","?","?","R","B",null,"M","?","M","?","M","R","M","R","T","M","$","E","?","M","R","B",null,"R","??","M","M","T","?","R","M","M","?","R","E","T","?","R","E","R","B"],"character_chosen":"THE_ANIMATOR","items_purchased":["Juzu Bracelet"],"campfire_rested":2,"item_purchase_floors":[21],"current_hp_per_floor":[66,66,71,71,71,71,72,70,70,70,70,70,51,46,46,18,72,72,72,72,72,71,71,41,31,39,16,43,43,43,27,53,12,87,87,87,87,87,87,87,86,86,86,88,88,91,91,78,78,32,96,96,98,44,48,48,48,48,26,28,28,57,73,73,73,73,80,80,0,0],"gold":694,"neow_bonus":"THREE_ENEMY_KILL","is_daily":false,"chose_seed":false,"campfire_upgraded":8,"win_rate":0.0,"timestamp":1608619650,"path_taken":["M","?","?","?","M","E","M","M","T","E","M","M","M","M","R","BOSS","M","?","AVR","?","M","R","E","M","T","M","?","?","?","?","R","BOSS","M","?","M","?","M","R","M","R","T","M","?","E","?","M","R","BOSS","R","??","M","M","T","?","R","M","M","?","R","E","T","?","R","E","R","BOSS"],"items_purchased_type":["Relic"],"build_version":"2020-12-13","purchased_purges":0,"victory":false,"max_hp_per_floor":[66,66,71,71,71,71,72,72,72,72,72,72,72,72,72,72,72,72,72,72,72,73,73,74,74,82,82,82,82,82,87,87,87,87,87,87,87,87,87,87,88,88,88,88,88,96,96,96,96,96,96,96,98,98,98,98,98,98,98,98,98,98,98,98,98,98,98,98,98,98],"card_choices":[{"not_picked":["animator:Konayuki","animator:Guy"],"picked":"animator:ChaikaBohdan","floor":1.0},{"not_picked":["animator:Ara","animator:MumenRider"],"picked":"animator:Yuuichirou","floor":5.0},{"not_picked":["animator:Togame","animator:Layla","animator:Rena"],"picked":"SKIP","floor":6.0},{"not_picked":["animator:Mitsuba","animator:Yoichi"],"picked":"animator:HiiragiShinya","floor":7.0},{"not_picked":["animator:Lu","animator:Viivi","animator:MumenRider"],"picked":"Here Defend Chip","floor":8.0},{"not_picked":["animator:UneriGinkaku","animator:Genos","Preloading"],"picked":"animator:Biyorigo","floor":10.0},{"not_picked":["animator:UneriGinkaku","animator:Tatsumaki","animator:MumenRider","Rupture"],"picked":"SKIP","floor":11.0},{"not_picked":["animator:Mikaela","animator:Yoichi"],"picked":"animator:HiiragiShinya","floor":12.0},{"not_picked":["animator:Layla","animator:YachiyoNanami","Floating Swing Kick"],"picked":"animator:Yuuichirou","floor":13.0},{"not_picked":["animator:NagisaMomoe","animator:AcuraAkari","Transfer Energy"],"picked":"animator:Yoichi","floor":14.0},{"not_picked":["animator:Boros","animator:HigakiRinne","Bursts"],"picked":"animator:Greed","floor":16.0},{"not_picked":["animator:MamiTomoe","animator:KrulTepes+1","animator:Sloth+1","Lunge"],"picked":"SKIP","floor":18.0},{"not_picked":["animator:Yoichi","animator:Mitsuba"],"picked":"animator:KrulTepes","floor":22.0},{"not_picked":["animator:MetalKnight","animator:TsurugaMeisai","Fixing"],"picked":"animator:ChaikaTrabant","floor":24.0},{"not_picked":["animator:Konayuki+1","animator:Sloth","Resistance"],"picked":"animator:Yuuichirou","floor":25.0},{"not_picked":["animator:Azekura","animator:SilverFang","Coercion"],"picked":"animator:HiiragiShinya","floor":27.0},{"not_picked":["animator:AcuraShin","animator:ChaikaTrabant","Backup"],"picked":"animator:HigakiRinne","floor":33.0},{"not_picked":["animator:Shigure","animator:Shinoa"],"picked":"animator:Yuuichirou","floor":35.0},{"not_picked":["animator:Emonzaemon","animator:Raven","Light Attack"],"picked":"animator:Shigure","floor":37.0},{"not_picked":["animator:Chung","animator:Ciel","animator:Emonzaemon+1","Resistance"],"picked":"SKIP","floor":39.0},{"not_picked":["animator:Shinoa+1","animator:AcuraAkari+1","Cooling Song"],"picked":"animator:ElricAlphonse","floor":41},{"not_picked":["animator:Yuuichirou","animator:HiiragiShinya"],"picked":"animator:Mikaela","floor":44},{"not_picked":["animator:Lu+1","animator:Aisha+1","animator:MamiTomoe","Cooling Song"],"picked":"SKIP","floor":46},{"not_picked":["hubris:SpiceAddiction","hubris:SpiceAddiction","animator:Fredrika+1","Optimization"],"picked":"SKIP","floor":48},{"not_picked":["animator:SilverFang","animator:Emonzaemon+1","animator:Melzalgald"],"picked":"SKIP","floor":54},{"not_picked":["animator:Gillette","animator:ElricEdward","animator:Scar"],"picked":"SKIP","floor":55},{"not_picked":["animator:Laby+1","animator:Pride","animator:Add+1"],"picked":"SKIP","floor":59},{"not_picked":["animator:MaesHughes","animator:ChaikaBohdan","animator:IrohaTamaki"],"picked":"SKIP","floor":60},{"not_picked":["animator:Sloth+1","animator:Ara","animator:SilverFang"],"picked":"SKIP","floor":63},{"not_picked":["animator:Ara","animator:RoyMustang","animator:Fredrika"],"picked":"SKIP","floor":67}],"player_experience":370038,"relics_obtained":[{"floor":4.0,"key":"infinitespire:BottledMercury"},{"floor":6.0,"key":"hubris:DisguiseKit"},{"floor":10.0,"key":"Charon\u0027s Ashes"},{"floor":24.0,"key":"animator:OldCoffin"},{"floor":26.0,"key":"hubris:Spice"},{"floor":29.0,"key":"animator:BattleDrones"},{"floor":33.0,"key":"Blood Vial"},{"floor":43,"key":"hubris:Metronome"},{"floor":46,"key":"Blood Vial"},{"floor":46,"key":"hubris:Spice"},{"floor":53,"key":"animator:TheEgnaroPiece"},{"floor":53,"key":"animator:AncientMedallion"},{"floor":56,"key":"animator:AncientMedallion"},{"floor":61,"key":"animator:AncientMedallion"},{"floor":61,"key":"animator:AncientMedallion"},{"floor":63,"key":"animator:AncientMedallion"},{"floor":64,"key":"animator:AncientMedallion"},{"floor":67,"key":"animator:AncientMedallion"}],"event_choices":[{"damage_healed":0.0,"max_hp_gain":5.0,"max_hp_loss":0.0,"gold_gain":0.0,"event_name":"Big Fish","player_choice":"Donut","floor":3.0,"gold_loss":0.0,"damage_taken":0.0},{"damage_healed":27.0,"max_hp_gain":0.0,"max_hp_loss":0.0,"gold_gain":0.0,"event_name":"The Library","player_choice":"Heal","floor":28.0,"gold_loss":0.0,"damage_taken":0.0},{"damage_healed":0.0,"max_hp_gain":0.0,"max_hp_loss":0.0,"gold_gain":0.0,"event_name":"The Woman in Blue","player_choice":"Bought 0 Potions","floor":30.0,"gold_loss":0.0,"damage_taken":0.0},{"damage_healed":0.0,"max_hp_gain":5.0,"max_hp_loss":0.0,"gold_gain":0.0,"event_name":"Forgotten Altar","player_choice":"Shed Blood","floor":31.0,"gold_loss":0.0,"damage_taken":21.0},{"cards_removed":["animator:Defend"],"damage_healed":0.0,"max_hp_gain":0.0,"max_hp_loss":0.0,"gold_gain":0.0,"event_name":"Falling","player_choice":"Removed Skill","floor":36.0,"gold_loss":0.0,"damage_taken":0.0},{"damage_healed":0.0,"max_hp_gain":0.0,"max_hp_loss":0.0,"gold_gain":0.0,"event_name":"Tomb of Lord Red Mask","player_choice":"Ignored","floor":38.0,"gold_loss":0.0,"damage_taken":0.0},{"damage_healed":0,"gold_gain":0,"player_choice":"Memory 1","damage_taken":0,"max_hp_gain":0,"max_hp_loss":0,"event_name":"SensoryStone","floor":57,"gold_loss":0}],"is_beta":false,"boss_relics":[{"not_picked":["hubris:RunicObelisk","hubris:CrackedHourglass"],"picked":"animator:VividPicture"},{"not_picked":["Tiny House","Astrolabe"],"picked":"Empty Cage"}],"items_purged_floors":[],"is_endless":false,"potions_floor_spawned":[1,7,10,11,13,18,24,39,46,48,54,55,60],"killed_by":"animator:TheUnnamed","ascension_level":0}}