{"host":"49c2zf0lajbcs427","time":1608634498,"event":{"mods":["AchievementEnabler","BaseMod","Colored Map","Colored Powertips","Highlight Path","Minty Spire (QoL Compilation)","Relic Stats","StSLib"],"gold_per_floor":[113,126,126,138,156,156,187,187,187,206,206,238,258,258,258,353,353,370,469,504,520,520,520,547,560,583,583,583,583,597,629,629,725,725,735,750,750,770,770,796,796,115,115,128,139,152,152,168,168,168],"floor_reached":51,"playtime":2561,"items_purged":["Strike_R"],"score":1005,"play_id":"46140d54-572c-4fcd-a00f-e3bd58b713b1","local_time":"20201222235458","is_ascension_mode":true,"campfire_choices":[{"data":"Searing Blow","floor":6,"key":"SMITH"},{"data":"Searing Blow+1","floor":8,"key":"SMITH"},{"data":"Searing Blow+2","floor":11,"key":"SMITH"},{"data":"Searing Blow+3","floor":15,"key":"SMITH"},{"data":"Searing Blow+4","floor":23,"key":"SMITH"},{"data":"Searing Blow+5","floor":27,"key":"SMITH"},{"data":"Searing Blow+6","floor":29,"key":"SMITH"},{"data":"Searing Blow+7","floor":32,"key":"SMITH"},{"data":"Searing Blow+9","floor":41,"key":"SMITH"},{"data":"Searing Blow+10","floor":47,"key":"SMITH"},{"data":"Searing Blow+11","floor":49,"key":"SMITH"}],"circlet_count":0,"master_deck":["Strike_R","Strike_R","Strike_R","Strike_R","Defend_R","Defend_R","Defend_R","Defend_R","Bash","Searing Blow+12","Clothesline","Headbutt","Disarm","Headbutt","Headbutt","Shrug It Off","Impervious","Shrug It Off+1","True Grit+1","Armaments","Flame Barrier","Brutality","Entrench+1","Entrench+1"],"relics":["Coffee Dripper","Bag of Marbles","The Courier","Omamori","Anchor","Velvet Choker","Red Mask","InkBottle","Happy Flower","Peace Pipe","SacredBark","Mango","HornCleat","Calipers","Mummified Hand"],"acts_visited":["Exordium","TheCity","TheBeyond"],"potions_floor_usage":[7,10,20,20,20,33,36,42,50,50,50],"damage_taken":[{"damage":0,"enemies":"Small Slimes","floor":1,"turns":3},{"damage":0,"enemies":"2 Louse","floor":2,"turns":2},{"damage":7,"enemies":"Jaw Worm","floor":4,"turns":2},{"damage":13,"enemies":"Large Slime","floor":5,"turns":4},{"damage":20,"enemies":"Lagavulin","floor":7,"turns":5},{"damage":11,"enemies":"Exordium Thugs","floor":10,"turns":4},{"damage":10,"enemies":"Gremlin Nob","floor":12,"turns":3},{"damage":0,"enemies":"Exordium Wildlife","floor":13,"turns":2},{"damage":15,"enemies":"Hexaghost","floor":16,"turns":9},{"damage":2,"enemies":"3 Byrds","floor":18,"turns":4},{"damage":7,"enemies":"Masked Bandits","floor":20,"turns":4},{"damage":0,"enemies":"Shell Parasite","floor":21,"turns":3},{"damage":0,"enemies":"Book of Stabbing","floor":24,"turns":2},{"damage":2,"enemies":"Snake Plant","floor":25,"turns":3},{"damage":0,"enemies":"Shelled Parasite and Fungi","floor":30,"turns":4},{"damage":0,"enemies":"Gremlin Leader","floor":31,"turns":3},{"damage":34,"enemies":"Automaton","floor":33,"turns":10},{"damage":12,"enemies":"Orb Walker","floor":35,"turns":3},{"damage":24,"enemies":"3 Darklings","floor":36,"turns":6},{"damage":0,"enemies":"Sphere and 2 Shapes","floor":38,"turns":5},{"damage":4,"enemies":"Reptomancer","floor":40,"turns":3},{"damage":9,"enemies":"Maw","floor":44,"turns":4},{"damage":0,"enemies":"Spire Growth","floor":45,"turns":3},{"damage":0,"enemies":"Sphere and 2 Shapes","floor":46,"turns":4},{"damage":0,"enemies":"4 Shapes","floor":48,"turns":7},{"damage":1,"enemies":"Awakened One","floor":50,"turns":7}],"seed_played":"7981577766671742555","potions_obtained":[{"floor":1,"key":"Regen Potion"},{"floor":2,"key":"Swift Potion"},{"floor":12,"key":"LiquidMemories"},{"floor":13,"key":"SteroidPotion"},{"floor":18,"key":"PowerPotion"},{"floor":21,"key":"SneckoOil"},{"floor":24,"key":"Energy Potion"},{"floor":33,"key":"SkillPotion"},{"floor":35,"key":"EssenceOfSteel"},{"floor":44,"key":"DuplicationPotion"}],"is_trial":false,"path_per_floor":["M","M","?","M","M","R","E","R","T","M","R","E","M","?","R","B",null,"M","?","?","M","?","R","E","M","T","R","?","R","M","E","R","B",null,"M","M","?","M","?","E","R","$","T","M","M","M","R","M","R","B",null],"character_chosen":"IRONCLAD","items_purchased":["HornCleat","Calipers","Fruit Juice","LiquidMemories","Dexterity Potion"],"campfire_rested":0,"item_purchase_floors":[42,42,42,42,42],"current_hp_per_floor":[80,80,77,70,57,57,51,51,51,40,40,30,30,35,35,20,85,83,83,76,76,60,60,60,58,58,58,52,52,52,52,52,18,90,78,54,54,54,54,64,64,74,74,65,65,65,65,65,65,64],"gold":168,"neow_bonus":"BOSS_RELIC","is_daily":false,"chose_seed":false,"campfire_upgraded":11,"win_rate":0.0,"timestamp":1608634498,"path_taken":["M","M","?","M","M","R","E","R","T","M","R","E","M","?","R","BOSS","M","?","?","M","?","R","E","?","T","R","?","R","M","E","R","BOSS","M","?","?","M","?","E","R","$","T","?","M","M","R","?","R","BOSS"],"items_purchased_type":["Relic","Relic","Potion","Potion","Potion"],"build_version":"2020-12-13","purchased_purges":1,"victory":true,"max_hp_per_floor":[80,80,80,80,80,80,80,80,80,80,80,80,80,85,85,85,85,85,85,85,85,90,90,90,90,90,90,90,90,90,90,90,90,90,90,90,90,90,90,104,104,114,114,114,114,114,114,114,114,114],"relic_stats":{"Peace Pipe":0,"Happy Flower":[19],"counters":[26,109],"Mummified Hand":[0],"obtain_stats":[{"Calipers":42,"Happy Flower":26,"SacredBark":34,"Velvet Choker":17,"Mango":40,"The Courier":7,"Omamori":9,"Burning Blood":0,"Peace Pipe":31,"Anchor":12,"HornCleat":42,"Mummified Hand":43,"Coffee Dripper":0,"Bag of Marbles":3,"Red Mask":20,"InkBottle":24},{"Calipers":21,"Happy Flower":14,"SacredBark":17,"Velvet Choker":9,"Mango":21,"The Courier":5,"Omamori":5,"Burning Blood":0,"Peace Pipe":16,"Anchor":7,"HornCleat":21,"Mummified Hand":21,"Coffee Dripper":0,"Bag of Marbles":2,"Red Mask":11,"InkBottle":13},{"Calipers":84,"Happy Flower":50,"SacredBark":67,"Velvet Choker":34,"Mango":84,"The Courier":16,"Omamori":16,"Burning Blood":0,"Peace Pipe":57,"Anchor":23,"HornCleat":84,"Mummified Hand":84,"Coffee Dripper":0,"Bag of Marbles":5,"Red Mask":42,"InkBottle":47}],"InkBottle":[20]},"card_choices":[{"not_picked":["Anger","Whirlwind"],"picked":"Searing Blow","floor":1},{"not_picked":["True Grit","Heavy Blade"],"picked":"Clothesline","floor":2},{"not_picked":["Heavy Blade","Body Slam","Clash"],"picked":"SKIP","floor":4},{"not_picked":["Clash","Bludgeon"],"picked":"Headbutt","floor":5},{"not_picked":["Searing Blow","Power Through"],"picked":"Disarm","floor":7},{"not_picked":["Flex","Inflame"],"picked":"Headbutt","floor":10},{"not_picked":["Anger","Pummel"],"picked":"Headbutt","floor":12},{"not_picked":["Wild Strike","Perfected Strike"],"picked":"Shrug It Off","floor":13},{"not_picked":["Berserk","Juggernaut"],"picked":"Impervious","floor":16},{"not_picked":["Pommel Strike+1","Flex"],"picked":"Shrug It Off+1","floor":18},{"not_picked":["Shrug It Off","Pommel Strike"],"picked":"True Grit+1","floor":20},{"not_picked":["Rupture","Rage"],"picked":"Armaments","floor":21},{"not_picked":["Iron Wave","Seeing Red","Twin Strike"],"picked":"SKIP","floor":24},{"not_picked":["Reckless Charge","Perfected Strike"],"picked":"Flame Barrier","floor":25},{"not_picked":["Sentinel","Warcry","Uppercut"],"picked":"SKIP","floor":30},{"not_picked":["Barricade","Dark Embrace","Bloodletting"],"picked":"SKIP","floor":31},{"not_picked":["Limit Break","Exhume"],"picked":"Brutality","floor":33},{"not_picked":["Ghostly Armor","Spot Weakness+1","Clash+1"],"picked":"SKIP","floor":35},{"not_picked":["Clothesline","Twin Strike","True Grit"],"picked":"SKIP","floor":36},{"not_picked":["Heavy Blade+1","Body Slam","Rage"],"picked":"SKIP","floor":38},{"not_picked":["Cleave","Intimidate+1","Flex+1"],"picked":"SKIP","floor":40},{"not_picked":["Inflame+1","Body Slam+1","Blood for Blood"],"picked":"SKIP","floor":44},{"not_picked":["Rage","Armaments+1"],"picked":"Entrench+1","floor":45},{"not_picked":["Intimidate","Iron Wave+1","Cleave"],"picked":"SKIP","floor":46},{"not_picked":["Twin Strike+1","Cleave"],"picked":"Entrench+1","floor":48}],"player_experience":2147505,"relics_obtained":[{"floor":7,"key":"The Courier"},{"floor":9,"key":"Omamori"},{"floor":12,"key":"Anchor"},{"floor":20,"key":"Red Mask"},{"floor":24,"key":"InkBottle"},{"floor":26,"key":"Happy Flower"},{"floor":31,"key":"Peace Pipe"},{"floor":40,"key":"Mango"},{"floor":43,"key":"Mummified Hand"}],"event_choices":[{"damage_healed":0,"gold_gain":0,"player_choice":"Success","damage_taken":3,"relics_obtained":["Bag of Marbles"],"max_hp_gain":0,"max_hp_loss":0,"event_name":"Scrap Ooze","floor":3,"gold_loss":0},{"damage_healed":0,"gold_gain":0,"player_choice":"Donut","damage_taken":0,"max_hp_gain":5,"max_hp_loss":0,"event_name":"Big Fish","floor":14,"gold_loss":0},{"damage_healed":0,"gold_gain":99,"player_choice":"Stole From Cult","damage_taken":0,"max_hp_gain":0,"max_hp_loss":0,"event_name":"Nest","floor":19,"gold_loss":0},{"damage_healed":0,"gold_gain":0,"player_choice":"Fought Bandits","damage_taken":0,"max_hp_gain":0,"max_hp_loss":0,"event_name":"Masked Bandits","floor":20,"gold_loss":0},{"damage_healed":0,"gold_gain":0,"player_choice":"Shed Blood","damage_taken":21,"max_hp_gain":5,"max_hp_loss":0,"event_name":"Forgotten Altar","floor":22,"gold_loss":0},{"damage_healed":0,"gold_gain":0,"player_choice":"","damage_taken":6,"max_hp_gain":0,"max_hp_loss":0,"event_name":"Knowing Skull","floor":28,"potions_obtained":[],"gold_loss":0,"cards_obtained":[]},{"damage_healed":0,"gold_gain":0,"player_choice":"Ignored","damage_taken":0,"max_hp_gain":0,"max_hp_loss":0,"event_name":"Mysterious Sphere","floor":37,"gold_loss":0},{"damage_healed":0,"gold_gain":0,"player_choice":"Forge","damage_taken":0,"max_hp_gain":0,"max_hp_loss":0,"event_name":"Accursed Blacksmith","floor":39,"gold_loss":0,"cards_upgraded":["Searing Blow"]}],"is_beta":false,"boss_relics":[{"not_picked":["Tiny House","Empty Cage"],"picked":"Velvet Choker"},{"not_picked":["Fusion Hammer","SlaversCollar"],"picked":"SacredBark"}],"items_purged_floors":[42],"is_endless":false,"potions_floor_spawned":[1,2,12,13,18,21,24,33,35,44,46],"ascension_level":4}}