{"host":"f0gpob8hq9vgebej","time":1608626687,"event":{"mods":["AchievementEnabler","BaseMod","Googly Eyes","Minty Spire (QoL Compilation)","Quick Restart","SuperFastMode"],"gold_per_floor":[113,125,50,69,144,144,178,178,178,178,209,220,230,250,250,355,355,366,281,281,301,321,321,68,68,68],"floor_reached":25,"playtime":561,"items_purged":["Shame","Strike_G"],"score":341,"play_id":"e514fbe6-0d72-4d79-aff4-732b53644cb1","local_time":"20201222174447","is_ascension_mode":true,"campfire_choices":[{"data":"Phantasmal Killer","floor":6.0,"key":"SMITH"},{"data":"After Image","floor":8.0,"key":"SMITH"},{"floor":15.0,"key":"REST"},{"data":"Prepared","floor":23.0,"key":"SMITH"}],"circlet_count":0,"master_deck":["AscendersBane","Strike_G","Strike_G","Strike_G","Strike_G","Defend_G","Defend_G","Defend_G","Defend_G","Defend_G","Survivor","Neutralize","Phantasmal Killer+1","Dagger Spray","Backflip","After Image+1","Acrobatics","Cloak And Dagger+1","Prepared+1","Malaise","Blade Dance+1"],"relics":["Ring of the Snake","StoneCalendar","Unceasing Top","Singing Bowl","Eternal Feather","Mummified Hand","Nunchaku"],"acts_visited":["Exordium","TheCity"],"potions_floor_usage":[],"damage_taken":[{"damage":0.0,"enemies":"Cultist","floor":1.0,"turns":3.0},{"damage":16.0,"enemies":"Jaw Worm","floor":2.0,"turns":6.0},{"damage":0.0,"enemies":"Small Slimes","floor":4.0,"turns":3.0},{"damage":7.0,"enemies":"Gremlin Nob","floor":7.0,"turns":4.0},{"damage":20.0,"enemies":"Lagavulin","floor":11.0,"turns":7.0},{"damage":2.0,"enemies":"Red Slaver","floor":12.0,"turns":4.0},{"damage":4.0,"enemies":"Blue Slaver","floor":13.0,"turns":5.0},{"damage":4.0,"enemies":"Exordium Thugs","floor":14.0,"turns":4.0},{"damage":47.0,"enemies":"The Guardian","floor":16.0,"turns":19.0},{"damage":23.0,"enemies":"Chosen","floor":18.0,"turns":8.0},{"damage":11.0,"enemies":"Spheric Guardian","floor":21.0,"turns":5.0},{"damage":7.0,"enemies":"Shelled Parasite and Fungi","floor":22.0,"turns":7.0},{"damage":0,"enemies":"Centurion and Healer","floor":25,"turns":1}],"seed_played":"4817898830129513031","potions_obtained":[{"floor":1.0,"key":"SpeedPotion"},{"floor":11.0,"key":"Weak Potion"},{"floor":12.0,"key":"Explosive Potion"},{"floor":13.0,"key":"Dexterity Potion"},{"floor":14.0,"key":"Regen Potion"}],"is_trial":false,"path_per_floor":["M","M","$","M","?","R","E","R","T","T","E","M","M","M","R","B",null,"M","?","?","M","M","R","$","M"],"character_chosen":"THE_SILENT","items_purchased":["Nunchaku"],"campfire_rested":1,"item_purchase_floors":[24],"current_hp_per_floor":[63,47,47,47,36,36,29,29,29,29,11,9,5,1,34,2,55,32,32,32,23,18,30,30,30,30],"gold":68,"neow_bonus":"THREE_RARE_CARDS","is_daily":false,"chose_seed":false,"campfire_upgraded":3,"win_rate":0.0,"timestamp":1608626687,"path_taken":["M","M","$","M","?","R","E","R","T","?","E","?","M","M","R","BOSS","M","?","?","M","M","R","$","M"],"items_purchased_type":["Relic"],"build_version":"2020-12-13","purchased_purges":2,"victory":false,"max_hp_per_floor":[70,70,70,70,70,70,70,70,70,70,72,72,72,72,72,72,72,72,72,72,74,76,76,76,76,76],"card_choices":[{"not_picked":["Storm of Steel","After Image"],"picked":"Phantasmal Killer","floor":0.0},{"not_picked":["All Out Attack","Heel Hook"],"picked":"Dagger Spray","floor":1.0},{"not_picked":["Sucker Punch","Poisoned Stab"],"picked":"Backflip","floor":2.0},{"not_picked":["Blur","Dodge and Roll","Slice"],"picked":"SKIP","floor":4.0},{"not_picked":["Dodge and Roll","Prepared"],"picked":"After Image","floor":7.0},{"not_picked":["Footwork","Deflect","Deadly Poison"],"picked":"Singing Bowl","floor":11.0},{"not_picked":["Underhanded Strike","Dodge and Roll"],"picked":"Acrobatics","floor":12.0},{"not_picked":["Acrobatics","Distraction"],"picked":"Cloak And Dagger","floor":13.0},{"not_picked":["Eviscerate","Dagger Throw"],"picked":"Prepared","floor":14.0},{"not_picked":["Phantasmal Killer","Unload"],"picked":"Malaise","floor":16.0},{"not_picked":["Outmaneuver+1","Deadly Poison"],"picked":"Blade Dance+1","floor":18.0},{"not_picked":["Flying Knee","Dash","Dagger Throw"],"picked":"Singing Bowl","floor":21.0},{"not_picked":["Bane","Flying Knee","Backflip"],"picked":"Singing Bowl","floor":22.0}],"player_experience":187977,"relics_obtained":[{"floor":7.0,"key":"StoneCalendar"},{"floor":9.0,"key":"Unceasing Top"},{"floor":10.0,"key":"Singing Bowl"},{"floor":11.0,"key":"Eternal Feather"}],"event_choices":[{"damage_healed":0.0,"max_hp_gain":0.0,"max_hp_loss":0.0,"gold_gain":75.0,"event_name":"World of Goop","player_choice":"Gather Gold","floor":5.0,"gold_loss":0.0,"damage_taken":11.0},{"damage_healed":0.0,"max_hp_gain":0.0,"max_hp_loss":0.0,"gold_gain":0.0,"event_name":"Addict","player_choice":"Obtained Relic","floor":19.0,"gold_loss":85.0,"damage_taken":0.0,"relics_obtained":["Mummified Hand"]},{"damage_healed":0.0,"max_hp_gain":0.0,"max_hp_loss":0.0,"gold_gain":0.0,"event_name":"Accursed Blacksmith","player_choice":"Forge","floor":20.0,"gold_loss":0.0,"damage_taken":0.0,"cards_upgraded":["Cloak And Dagger"]}],"is_beta":false,"boss_relics":[{"not_picked":["Fusion Hammer","Runic Dome","Snecko Eye"]}],"items_purged_floors":[3,24],"is_endless":false,"potions_floor_spawned":[1,11,12,13,14],"killed_by":"Centurion and Healer","ascension_level":12}}