{"host":"kh6fvhxn285ncg0o","time":1608607539,"event":{"mods":["Act Like it!","BaseMod","Colored Map","Friendly Minions","Keyboard Shortcuts","Minty Spire (QoL Compilation)","Quick Restart","Relic Stats","StSLib","SuperFastMode"],"gold_per_floor":[112,124,49,49,124,156,156,188,188,188,188,206,239,78,78,150,150,169,169,169,181,199,230,250,250,296,329,349,349,77,106,106,178,178,196,121,168,168,168,202,202,230,256,276,286,298,312,347,347,347,347,347,347,48,75,75],"floor_reached":57,"playtime":2047,"items_purged":["Strike_R","Strike_R","Strike_R"],"score":3532,"play_id":"925841db-0b7a-41c6-88a4-38a343610faa","local_time":"20201222122539","is_ascension_mode":true,"campfire_choices":[{"data":"Uppercut","floor":7.0,"key":"SMITH"},{"data":"Flame Barrier","floor":15.0,"key":"SMITH"},{"data":"Dark Embrace","floor":25,"key":"SMITH"},{"data":"Second Wind","floor":29,"key":"SMITH"},{"data":"Offering","floor":32,"key":"SMITH"},{"data":"Evolve","floor":41,"key":"SMITH"},{"floor":49,"key":"RECALL"},{"data":"Feel No Pain","floor":53,"key":"SMITH"}],"circlet_count":0,"master_deck":["AscendersBane","Defend_R","Defend_R","Defend_R","Defend_R","Bash","Shrug It Off","Uppercut+1","Flame Barrier+1","Second Wind+1","Evolve+1","Barricade","Body Slam+1","Dark Embrace+1","Offering+1","Sentinel","Shrug It Off+1","Feel No Pain+1","Feed","Power Through","Disarm+1"],"relics":["Burning Blood","NeowsBlessing","Incense Burner","Shovel","Mercury Hourglass","CaptainsWheel","Bronze Scales","Coffee Dripper","Turnip","Pen Nib","Orichalcum","Pantograph","Mark of Pain","Du-Vu Doll","Oddly Smooth Stone","The Courier","Smiling Mask","HornCleat"],"acts_visited":["Exordium","TheCity","TheBeyond","TheEnding"],"potions_floor_usage":[21,23,23,37,44,56,56],"damage_taken":[{"damage":0.0,"enemies":"2 Louse","floor":1.0,"turns":1.0},{"damage":0.0,"enemies":"Small Slimes","floor":2.0,"turns":1.0},{"damage":0.0,"enemies":"Gremlin Nob","floor":6.0,"turns":1.0},{"damage":28.0,"enemies":"Lagavulin","floor":8.0,"turns":9.0},{"damage":0.0,"enemies":"Cultist","floor":12.0,"turns":5.0},{"damage":15.0,"enemies":"3 Sentries","floor":13.0,"turns":8.0},{"damage":0.0,"enemies":"Hexaghost","floor":16.0,"turns":10.0},{"damage":0,"enemies":"Spheric Guardian","floor":18,"turns":5},{"damage":9,"enemies":"Shell Parasite","floor":21,"turns":6},{"damage":13,"enemies":"Snake Plant","floor":22,"turns":4},{"damage":11,"enemies":"Slavers","floor":23,"turns":6},{"damage":0,"enemies":"Centurion and Healer","floor":24,"turns":6},{"damage":0,"enemies":"Book of Stabbing","floor":27,"turns":5},{"damage":0,"enemies":"Chosen and Byrds","floor":28,"turns":7},{"damage":6,"enemies":"Gremlin Leader","floor":31,"turns":5},{"damage":1,"enemies":"Automaton","floor":33,"turns":6},{"damage":7,"enemies":"3 Shapes","floor":35,"turns":6},{"damage":1,"enemies":"2 Orb Walkers","floor":37,"turns":7},{"damage":6,"enemies":"Nemesis","floor":40,"turns":11},{"damage":21,"enemies":"Reptomancer","floor":42,"turns":7},{"damage":1,"enemies":"Orb Walker","floor":44,"turns":1},{"damage":17,"enemies":"Jaw Worm Horde","floor":45,"turns":5},{"damage":6,"enemies":"Spire Growth","floor":46,"turns":3},{"damage":6,"enemies":"Sphere and 2 Shapes","floor":47,"turns":3},{"damage":1,"enemies":"Giant Head","floor":48,"turns":6},{"damage":6,"enemies":"Donu and Deca","floor":50,"turns":6},{"damage":6,"enemies":"Time Eater","floor":51,"turns":6},{"damage":6,"enemies":"Shield and Spear","floor":55,"turns":5},{"damage":6,"enemies":"The Heart","floor":56,"turns":6}],"seed_played":"6246639762404714379","potions_obtained":[{"floor":2.0,"key":"FairyPotion"},{"floor":12.0,"key":"EntropicBrew"},{"floor":13.0,"key":"EssenceOfSteel"},{"floor":18,"key":"Explosive Potion"},{"floor":21,"key":"LiquidMemories"},{"floor":23,"key":"Swift Potion"},{"floor":31,"key":"SpeedPotion"},{"floor":42,"key":"BloodPotion"},{"floor":44,"key":"HeartOfIron"},{"floor":55,"key":"DuplicationPotion"}],"is_trial":false,"path_per_floor":["M","M","?","?","?","E","R","E","T","?","?","M","E","$","R","B",null,"M","?","?","M","M","E","M","R","T","E","M","R","$","E","R","B",null,"M","$","?","?","?","E","R","E","T","M","M","M","M","E","R","B","B",null,"R","$","E","B",null],"character_chosen":"IRONCLAD","items_purchased":["Evolve","Offering","Feel No Pain","Power Through","HornCleat"],"campfire_rested":0,"item_purchase_floors":[14,30,36,54,54],"current_hp_per_floor":[74,75,75,80,69,75,75,53,53,42,42,48,39,39,39,45,71,77,77,77,74,67,62,68,68,68,74,80,80,80,80,80,80,80,79,79,80,76,76,76,76,61,61,76,65,65,68,76,76,85,85,85,85,85,88,88],"gold":75,"neow_bonus":"THREE_ENEMY_KILL","is_daily":false,"chose_seed":false,"campfire_upgraded":7,"win_rate":0.0,"timestamp":1608607539,"path_taken":["M","M","?","?","?","E","R","E","T","?","?","M","E","?","R","BOSS","M","?","?","?","M","E","M","R","T","E","M","R","$","E","R","BOSS","M","?","?","?","?","E","R","E","T","M","M","M","M","E","R","BOSS","BOSS","R","$","E","BOSS"],"items_purchased_type":["Card","Card","Card","Card","Relic"],"build_version":"2020-12-13","purchased_purges":3,"victory":true,"max_hp_per_floor":[75,75,75,80,80,80,80,80,80,80,80,80,80,80,80,80,80,80,80,80,80,80,80,80,80,80,80,80,80,80,80,80,80,80,80,80,80,76,76,76,76,76,76,76,76,76,79,82,82,85,85,85,85,85,88,88],"relic_stats":{"Shovel":0,"counters":[29,153],"Bronze Scales":[441],"Pantograph":6,"Turnip":[7],"Pen Nib":[13],"Orichalcum":[18],"Smiling Mask":50,"obtain_stats":[{"NeowsBlessing":0,"Oddly Smooth Stone":40,"Pen Nib":26,"The Courier":42,"Incense Burner":6,"Orichalcum":27,"Smiling Mask":48,"Burning Blood":0,"Mercury Hourglass":9,"Du-Vu Doll":37,"CaptainsWheel":10,"Shovel":8,"HornCleat":54,"Bronze Scales":13,"Pantograph":31,"Turnip":23,"Mark of Pain":34,"Coffee Dripper":17},{"NeowsBlessing":0,"Oddly Smooth Stone":19,"Pen Nib":12,"The Courier":20,"Incense Burner":3,"Orichalcum":13,"Smiling Mask":25,"Burning Blood":0,"Mercury Hourglass":4,"Du-Vu Doll":18,"CaptainsWheel":4,"Shovel":4,"HornCleat":27,"Bronze Scales":6,"Pantograph":15,"Turnip":11,"Mark of Pain":16,"Coffee Dripper":7},{"NeowsBlessing":0,"Oddly Smooth Stone":105,"Pen Nib":60,"The Courier":112,"Incense Burner":3,"Orichalcum":64,"Smiling Mask":130,"Burning Blood":0,"Mercury Hourglass":12,"Du-Vu Doll":94,"CaptainsWheel":12,"Shovel":12,"HornCleat":142,"Bronze Scales":24,"Pantograph":76,"Turnip":54,"Mark of Pain":82,"Coffee Dripper":34}],"Burning Blood":160,"Mercury Hourglass":[504]},"card_choices":[{"not_picked":["Clash","True Grit"],"picked":"Shrug It Off","floor":1.0},{"not_picked":["Combust","Entrench"],"picked":"Uppercut","floor":2.0},{"not_picked":["Anger","Entrench"],"picked":"Flame Barrier","floor":6.0},{"not_picked":["Whirlwind","Brutality","Clash"],"picked":"SKIP","floor":8.0},{"not_picked":["Body Slam","Cleave"],"picked":"Second Wind","floor":12.0},{"not_picked":["Reaper","Feed"],"picked":"Barricade","floor":16.0},{"not_picked":["Twin Strike","Cleave"],"picked":"Body Slam","floor":18},{"not_picked":["Combust","Headbutt","Body Slam"],"picked":"SKIP","floor":21},{"not_picked":["Anger","Pommel Strike","Dropkick"],"picked":"SKIP","floor":22},{"not_picked":["Sword Boomerang","Body Slam","Limit Break"],"picked":"SKIP","floor":23},{"not_picked":["Dual Wield","True Grit"],"picked":"Dark Embrace","floor":24},{"not_picked":["Body Slam","Intimidate","Searing Blow"],"picked":"SKIP","floor":27},{"not_picked":["Twin Strike","Ghostly Armor","Second Wind"],"picked":"SKIP","floor":28},{"not_picked":["Combust","Infernal Blade"],"picked":"Sentinel","floor":31},{"not_picked":["Armaments","Clothesline+1"],"picked":"Shrug It Off+1","floor":35},{"not_picked":["Sword Boomerang","Hemokinesis+1","Armaments"],"picked":"SKIP","floor":40},{"not_picked":["Flex","Pommel Strike","Heavy Blade"],"picked":"SKIP","floor":42},{"not_picked":["Havoc","Perfected Strike","Blood for Blood"],"picked":"SKIP","floor":44},{"not_picked":["Carnage+1","Thunderclap+1","Heavy Blade"],"picked":"SKIP","floor":45},{"not_picked":["Blood for Blood+1","Clash"],"picked":"Feed","floor":46},{"not_picked":["Dark Embrace","Uppercut","Sword Boomerang"],"picked":"SKIP","floor":47},{"not_picked":["Flex","Dropkick+1","Havoc+1"],"picked":"SKIP","floor":48},{"not_picked":["True Grit+1","Sword Boomerang+1"],"picked":"Disarm+1","floor":55}],"player_experience":3205734,"relics_obtained":[{"floor":6.0,"key":"Incense Burner"},{"floor":8.0,"key":"Shovel"},{"floor":9.0,"key":"Mercury Hourglass"},{"floor":13.0,"key":"Bronze Scales"},{"floor":23,"key":"Turnip"},{"floor":26,"key":"Pen Nib"},{"floor":27,"key":"Orichalcum"},{"floor":31,"key":"Pantograph"},{"floor":37,"key":"Du-Vu Doll"},{"floor":40,"key":"Oddly Smooth Stone"},{"floor":42,"key":"The Courier"},{"floor":48,"key":"Smiling Mask"}],"event_choices":[{"cards_removed":["Strike_R"],"damage_healed":0.0,"max_hp_gain":0.0,"max_hp_loss":0.0,"gold_gain":0.0,"event_name":"The Cleric","player_choice":"Card Removal","floor":3.0,"gold_loss":75.0,"damage_taken":0.0},{"damage_healed":0.0,"max_hp_gain":5.0,"max_hp_loss":0.0,"gold_gain":0.0,"event_name":"Big Fish","player_choice":"Donut","floor":4.0,"gold_loss":0.0,"damage_taken":0.0},{"damage_healed":0.0,"max_hp_gain":0.0,"max_hp_loss":0.0,"gold_gain":75.0,"event_name":"World of Goop","player_choice":"Gather Gold","floor":5.0,"gold_loss":0.0,"damage_taken":11.0},{"damage_healed":0.0,"max_hp_gain":0.0,"max_hp_loss":0.0,"gold_gain":0.0,"event_name":"Scrap Ooze","player_choice":"Success","floor":10.0,"gold_loss":0.0,"damage_taken":11.0,"relics_obtained":["CaptainsWheel"]},{"damage_healed":0.0,"max_hp_gain":0.0,"max_hp_loss":0.0,"gold_gain":0.0,"event_name":"Liars Game","player_choice":"Ignored","floor":11.0,"gold_loss":0.0,"damage_taken":0.0},{"cards_removed":["Strike_R"],"damage_healed":0,"gold_gain":0,"player_choice":"Elegance","damage_taken":0,"max_hp_gain":0,"max_hp_loss":0,"event_name":"Back to Basics","floor":19,"gold_loss":0},{"damage_healed":0,"gold_gain":0,"player_choice":"Upgraded","damage_taken":0,"max_hp_gain":0,"max_hp_loss":0,"event_name":"Upgrade Shrine","floor":20,"gold_loss":0,"cards_upgraded":["Body Slam"]},{"damage_healed":0,"gold_gain":0,"player_choice":"Fight","damage_taken":0,"max_hp_gain":0,"max_hp_loss":0,"event_name":"Mysterious Sphere","floor":37,"gold_loss":0},{"damage_healed":0,"gold_gain":0,"player_choice":"Max HP","damage_taken":0,"max_hp_gain":0,"max_hp_loss":4,"event_name":"Winding Halls","floor":38,"gold_loss":0},{"damage_healed":0,"gold_gain":0,"player_choice":"Ignored","damage_taken":0,"max_hp_gain":0,"max_hp_loss":0,"event_name":"Tomb of Lord Red Mask","floor":39,"gold_loss":0}],"is_beta":false,"boss_relics":[{"not_picked":["Sozu","Busted Crown"],"picked":"Coffee Dripper"},{"not_picked":["SlaversCollar","Black Blood"],"picked":"Mark of Pain"}],"items_purged_floors":[14,30,54],"is_endless":false,"potions_floor_spawned":[2,12,13,18,21,22,23,31,42,44,45,47,55],"ascension_level":20}}