{"host":"m6aaltr68g9tvoay","time":1608602097,"event":{"mods":["AchievementEnabler","BaseMod","Colored Map","Minty Spire (QoL Compilation)","StSLib"],"gold_per_floor":[113,129,146,116,127,127,159,173,173,45,45,58,83,101,101,173,173,188,207,226,151,163,163,195,195,195,195,209,209,227,55,55,130,130,149,167,167,181,181,181,197,217,241,36,54,77,89,6,6,6],"floor_reached":51,"playtime":2630,"items_purged":["Strike_B"],"score":1296,"play_id":"7161ef47-8d86-472d-8228-c69f0c1a7bad","local_time":"20201221175457","is_ascension_mode":true,"campfire_choices":[{"data":"Self Repair","floor":6.0,"key":"SMITH"},{"data":"Streamline","floor":11.0,"key":"SMITH"},{"floor":15.0,"key":"REST"},{"floor":23,"key":"REST"},{"floor":25,"key":"REST"},{"data":"Buffer","floor":27,"key":"SMITH"},{"data":"Consume","floor":32,"key":"SMITH"},{"data":"Panache","floor":40,"key":"SMITH"},{"data":"Defragment","floor":49,"key":"SMITH"}],"circlet_count":0,"master_deck":["AscendersBane","Strike_B","Strike_B","Defend_B","Defend_B","Defend_B","Defend_B","Zap","Dualcast","Streamline+1","Redo","Chill","Self Repair+1","Cold Snap","Auto Shields","Capacitor","Cold Snap","Echo Form","Barrage","Gash","Buffer+1","CurseOfTheBell","Melter","Consume+1","Rebound","Conserve Battery","Thunder Strike","Leap+1","Rainbow","Panache+1","Writhe","Gash","Defragment+1","Reinforced Body+1","Glacier"],"relics":["Cracked Core","Centennial Puzzle","InkBottle","Pantograph","Bag of Preparation","Calling Bell","DataDisk","White Beast Statue","Incense Burner","Gambling Chip","Darkstone Periapt","Bottled Lightning","Runic Capacitor","Nuclear Battery","Bronze Scales","Nunchaku"],"acts_visited":["Exordium","TheCity","TheBeyond"],"potions_floor_usage":[22,22,24,30,33,41,42,50],"damage_taken":[{"damage":1.0,"enemies":"Cultist","floor":1.0,"turns":3.0},{"damage":0.0,"enemies":"2 Louse","floor":2.0,"turns":1.0},{"damage":4.0,"enemies":"Jaw Worm","floor":3.0,"turns":3.0},{"damage":7.0,"enemies":"Exordium Thugs","floor":5.0,"turns":5.0},{"damage":9.0,"enemies":"Lagavulin","floor":7.0,"turns":6.0},{"damage":4.0,"enemies":"2 Fungi Beasts","floor":8.0,"turns":4.0},{"damage":20.0,"enemies":"Exordium Wildlife","floor":12.0,"turns":8.0},{"damage":23.0,"enemies":"3 Sentries","floor":13.0,"turns":7.0},{"damage":25.0,"enemies":"Exordium Thugs","floor":14.0,"turns":5.0},{"damage":32,"enemies":"Slime Boss","floor":16,"turns":11},{"damage":32,"enemies":"Shell Parasite","floor":18,"turns":6},{"damage":0,"enemies":"Spheric Guardian","floor":19,"turns":1},{"damage":25,"enemies":"Centurion and Healer","floor":20,"turns":9},{"damage":16,"enemies":"Snake Plant","floor":22,"turns":4},{"damage":42,"enemies":"Book of Stabbing","floor":24,"turns":8},{"damage":16,"enemies":"3 Cultists","floor":28,"turns":7},{"damage":3,"enemies":"Shelled Parasite and Fungi","floor":30,"turns":9},{"damage":6,"enemies":"Champ","floor":33,"turns":13},{"damage":3,"enemies":"3 Shapes","floor":35,"turns":5},{"damage":20,"enemies":"3 Darklings","floor":36,"turns":8},{"damage":9,"enemies":"Writhing Mass","floor":38,"turns":8},{"damage":1,"enemies":"Spire Growth","floor":41,"turns":7},{"damage":5,"enemies":"Jaw Worm Horde","floor":42,"turns":6},{"damage":16,"enemies":"4 Shapes","floor":45,"turns":7},{"damage":0,"enemies":"Maw","floor":47,"turns":8},{"damage":6,"enemies":"Donu and Deca","floor":50,"turns":12}],"seed_played":"-4083653803213918220","potions_obtained":[{"floor":2.0,"key":"Strength Potion"},{"floor":4.0,"key":"Block Potion"},{"floor":4.0,"key":"FocusPotion"},{"floor":12.0,"key":"SteroidPotion"},{"floor":13.0,"key":"Block Potion"},{"floor":18,"key":"DuplicationPotion"},{"floor":20,"key":"PowerPotion"},{"floor":22,"key":"AttackPotion"},{"floor":24,"key":"Weak Potion"},{"floor":28,"key":"Explosive Potion"},{"floor":30,"key":"EssenceOfSteel"},{"floor":33,"key":"Fire Potion"},{"floor":35,"key":"Block Potion"},{"floor":36,"key":"EntropicBrew"},{"floor":38,"key":"Regen Potion"},{"floor":41,"key":"Fire Potion"},{"floor":42,"key":"Fire Potion"}],"is_trial":false,"path_per_floor":["M","M","M","?","M","R","E","M","T","$","R","M","E","M","R","B",null,"M","M","M","?","M","R","E","R","T","R","M","T","M","$","R","B",null,"M","M","?","M","?","R","M","M","T","$","M","T","M","$","R","B",null],"character_chosen":"DEFECT","items_purchased":["Capacitor","Cold Snap","Runic Capacitor","Gash","Defragment","Glacier"],"campfire_rested":3,"item_purchase_floors":[10,10,31,44,44,48],"current_hp_per_floor":[63,63,59,59,52,52,53,59,59,59,59,49,46,31,52,49,66,54,54,49,49,53,71,39,60,60,60,64,64,71,71,71,71,71,68,58,58,69,77,77,76,77,77,77,61,61,77,77,77,77],"gold":6,"neow_bonus":"RANDOM_COMMON_RELIC","is_daily":false,"chose_seed":false,"campfire_upgraded":6,"win_rate":0.0,"timestamp":1608602097,"path_taken":["M","M","?","?","M","R","E","M","T","?","R","M","E","M","R","BOSS","M","M","M","?","M","R","E","R","T","R","M","?","M","$","R","BOSS","M","M","?","M","?","R","?","M","T","$","M","?","M","$","R","BOSS"],"items_purchased_type":["Card","Card","Relic","Card","Card","Card"],"build_version":"2020-12-13","purchased_purges":1,"victory":true,"max_hp_per_floor":[71,71,71,71,71,71,71,71,71,71,71,71,71,71,71,71,71,71,71,71,71,71,71,71,71,71,71,71,71,71,71,71,71,71,71,71,71,71,77,77,77,77,77,77,77,77,77,77,77,77],"card_choices":[{"not_picked":["Sweeping Beam","Steam"],"picked":"Streamline","floor":1.0},{"not_picked":["Darkness","Compile Driver"],"picked":"Redo","floor":2.0},{"not_picked":["Cold Snap","Barrage"],"picked":"Chill","floor":3.0},{"not_picked":["Turbo","Darkness"],"picked":"Self Repair","floor":5.0},{"not_picked":["Darkness","Redo"],"picked":"Cold Snap","floor":7.0},{"not_picked":["Turbo","Go for the Eyes"],"picked":"Auto Shields","floor":8.0},{"not_picked":["Gash","Stack"],"picked":"Echo Form","floor":12.0},{"not_picked":["Stack","Undo"],"picked":"Barrage","floor":13.0},{"not_picked":["Barrage","Scrape"],"picked":"Gash","floor":14.0},{"not_picked":["Rainbow","Machine Learning"],"picked":"Buffer","floor":16},{"not_picked":["Cold Snap","Leap+1"],"picked":"Melter","floor":18},{"not_picked":["Sweeping Beam","Beam Cell"],"picked":"Consume","floor":19},{"not_picked":["Hello World","Turbo","Compile Driver"],"picked":"SKIP","floor":20},{"not_picked":["Rip and Tear","Go for the Eyes","Darkness+1"],"picked":"SKIP","floor":22},{"not_picked":["Ball Lightning+1","Steam"],"picked":"Rebound","floor":24},{"not_picked":["Force Field","Turbo"],"picked":"Conserve Battery","floor":28},{"not_picked":["Static Discharge","Redo","Hello World"],"picked":"SKIP","floor":30},{"not_picked":["All For One","Meteor Strike"],"picked":"Thunder Strike","floor":33},{"not_picked":["Stack","Cold Snap"],"picked":"Leap+1","floor":35},{"not_picked":["Rebound+1","Barrage"],"picked":"Rainbow","floor":36},{"not_picked":["Secret Technique","Swift Strike"],"picked":"Panache","floor":37},{"not_picked":["Beam Cell","Sweeping Beam","Streamline"],"picked":"SKIP","floor":38},{"not_picked":["Force Field+1","Rebound","Coolheaded"],"picked":"SKIP","floor":41},{"not_picked":["Streamline","Turbo","Cold Snap"],"picked":"SKIP","floor":42},{"not_picked":["Sweeping Beam","Coolheaded"],"picked":"Reinforced Body+1","floor":45},{"not_picked":["Creative AI","Ball Lightning+1","Steam+1"],"picked":"SKIP","floor":47}],"player_experience":1279883,"relics_obtained":[{"floor":7.0,"key":"InkBottle"},{"floor":9.0,"key":"Pantograph"},{"floor":13.0,"key":"Bag of Preparation"},{"floor":17,"key":"DataDisk"},{"floor":17,"key":"White Beast Statue"},{"floor":17,"key":"Incense Burner"},{"floor":24,"key":"Gambling Chip"},{"floor":26,"key":"Darkstone Periapt"},{"floor":29,"key":"Bottled Lightning"},{"floor":43,"key":"Bronze Scales"},{"floor":46,"key":"Nunchaku"}],"event_choices":[{"damage_healed":0.0,"max_hp_gain":0.0,"max_hp_loss":0.0,"gold_gain":0.0,"event_name":"The Woman in Blue","player_choice":"Bought 2 Potions","floor":4.0,"gold_loss":0.0,"damage_taken":0.0},{"cards_removed":["Strike_B"],"damage_healed":0,"gold_gain":0,"player_choice":"Gave Gold","damage_taken":0,"max_hp_gain":0,"max_hp_loss":0,"event_name":"Beggar","floor":21,"gold_loss":75},{"damage_healed":0,"gold_gain":0,"player_choice":"Memory 1","damage_taken":0,"max_hp_gain":0,"max_hp_loss":0,"event_name":"SensoryStone","floor":37,"gold_loss":0},{"damage_healed":14,"gold_gain":0,"player_choice":"Writhe","damage_taken":0,"max_hp_gain":0,"max_hp_loss":0,"event_name":"Winding Halls","floor":39,"gold_loss":0,"cards_obtained":["Writhe"]}],"is_beta":false,"boss_relics":[{"not_picked":["Tiny House","Empty Cage"],"picked":"Calling Bell"},{"not_picked":["SlaversCollar","Runic Dome"],"picked":"Nuclear Battery"}],"items_purged_floors":[44],"is_endless":false,"potions_floor_spawned":[2,5,12,13,18,19,20,22,24,28,30,33,35,36,38,41,42,45,47],"ascension_level":17}}