{"host":"3jjxuhjpio8e4zkv","time":1608597724,"event":{"mods":["BaseMod","Colored Map","Minty Spire (QoL Compilation)","Permanent Neow","Relic Stats","StSLib"],"gold_per_floor":[113,124,144,13,13,50,100,100,100],"floor_reached":8,"playtime":203,"items_purged":["Strike_B"],"score":112,"play_id":"a6f371a2-3f6a-4d4b-bf33-8aeaed616acb","local_time":"20201221194204","is_ascension_mode":true,"campfire_choices":[],"circlet_count":0,"master_deck":["AscendersBane","Strike_B","Strike_B","Strike_B","Defend_B","Defend_B","Zap","Dualcast","Go for the Eyes","Doom and Gloom","Turbo","Beam Cell","Rainbow"],"relics":["Cracked Core","CeramicFish"],"acts_visited":["Exordium"],"potions_floor_usage":[6],"damage_taken":[{"damage":7,"enemies":"Jaw Worm","floor":1,"turns":3},{"damage":6,"enemies":"2 Louse","floor":2,"turns":3},{"damage":0,"enemies":"Cultist","floor":3,"turns":3},{"damage":30,"enemies":"Lagavulin","floor":6,"turns":4},{"damage":29,"enemies":"3 Sentries","floor":8,"turns":4}],"seed_played":"-5296898303333866928","potions_obtained":[{"floor":2,"key":"AttackPotion"},{"floor":3,"key":"FearPotion"}],"is_trial":false,"path_per_floor":["M","M","M","$","?","E","?","E"],"character_chosen":"DEFECT","items_purchased":["Beam Cell"],"campfire_rested":0,"item_purchase_floors":[4],"current_hp_per_floor":[57,51,51,51,56,26,26,0,0],"gold":100,"neow_bonus":"REMOVE_TWO","is_daily":false,"chose_seed":false,"campfire_upgraded":0,"win_rate":0.0,"timestamp":1608597724,"path_taken":["M","M","M","$","?","E","?","E"],"items_purchased_type":["Card"],"build_version":"2020-12-13","purchased_purges":1,"victory":false,"max_hp_per_floor":[64,64,64,64,69,69,69,69,69],"relic_stats":{"counters":[5,17],"CeramicFish":9,"obtain_stats":[{"CeramicFish":6,"Cracked Core":0},{"CeramicFish":4,"Cracked Core":0},{"CeramicFish":13,"Cracked Core":0}]},"card_choices":[{"not_picked":["Leap","Hologram"],"picked":"Go for the Eyes","floor":1},{"not_picked":["Gash","Cold Snap"],"picked":"Doom and Gloom","floor":2},{"not_picked":["Capacitor","Auto Shields"],"picked":"Turbo","floor":3},{"not_picked":["Barrage","Stack"],"picked":"Rainbow","floor":6}],"player_experience":1087399,"relics_obtained":[{"floor":6,"key":"CeramicFish"}],"event_choices":[{"damage_healed":0,"gold_gain":0,"player_choice":"Donut","damage_taken":0,"max_hp_gain":5,"max_hp_loss":0,"event_name":"Big Fish","floor":5,"gold_loss":0},{"damage_healed":0,"gold_gain":50,"player_choice":"Pray","damage_taken":0,"max_hp_gain":0,"max_hp_loss":0,"event_name":"Golden Shrine","floor":7,"gold_loss":0}],"is_beta":false,"boss_relics":[],"items_purged_floors":[4],"is_endless":false,"potions_floor_spawned":[2,3],"killed_by":"3 Sentries","ascension_level":20}}