{"host":"a61r67bv2jut9r88","time":1608627822,"event":{"mods":["AchievementEnabler","BaseMod","Downfall","Minty Spire (QoL Compilation)","Replay The Spire","Shop Mod","StSLib","SuperFastMode","The Servant 0.9.4"],"gold_per_floor":[111,111,186,186,111,111,11,84,84,104,119,119,152,152,152,278,278,302,217,217,4,24,24,62,97,97,97,97,22,22,47,47,176,176,189,189,214,48,64,64,64,397,397,397,409,436,519,343,343,343],"floor_reached":51,"playtime":1402,"items_purged":["ShatteredReality","Impatience","Defy","Alleviate+1","ShatteredReality","Dark Shackles+1"],"score":780,"play_id":"57389d17-787d-4580-a309-654e7d8d0cd5","local_time":"20201222170342","daily_mods":["SealedDeck","Colorless Cards","Heirloom","Time Dilation","Flight","downfall:Lament"],"is_ascension_mode":false,"campfire_choices":[{"floor":6.0,"key":"REST"},{"data":"Potential","floor":23.0,"key":"SMITH"},{"data":"TimeWarp","floor":28.0,"key":"SMITH"},{"data":"ShatteredReality","floor":30,"key":"SMITH"},{"floor":32,"key":"DIG"},{"floor":40,"key":"REST"},{"floor":49,"key":"REST"}],"circlet_count":0,"master_deck":["ShatteredReality+1","Potential+1","TimeWarp+1","Master of Strategy+1","InstantArmor+1"],"relics":["NeowsBlessing","Ginger","m_SnakeCloak","Blue Doll","Shuriken","Centennial Puzzle","Omamori","Empty Cage","Bag of Preparation","Membership Card","Akabeko","TungstenRod","Frozen Egg 2","Broom","SlaversCollar","Vajra","Replay:Accelerometer","Ring of Fangs","ReplayTheSpireMod:Ring of Addiction","White Beast Statue","Toy Ornithopter","ReplayTheSpireMod:TigerMarble","War Paint","Blood Vial"],"acts_visited":["Exordium","TheCity","TheBeyond"],"potions_floor_usage":[33,33,33,45,46,50,50],"damage_taken":[{"damage":0.0,"enemies":"Jaw Worm","floor":1.0,"turns":1.0},{"damage":0.0,"enemies":"3 Sentries","floor":8.0,"turns":1.0},{"damage":0.0,"enemies":"Small Slimes","floor":10.0,"turns":1.0},{"damage":0.0,"enemies":"2 Louse","floor":11.0,"turns":1.0},{"damage":6.0,"enemies":"3 Sentries","floor":13.0,"turns":6.0},{"damage":20.0,"enemies":"Slime Boss","floor":16.0,"turns":6.0},{"damage":0.0,"enemies":"Chosen","floor":18.0,"turns":4.0},{"damage":0.0,"enemies":"Spheric Guardian","floor":22.0,"turns":3.0},{"damage":0.0,"enemies":"Book of Stabbing","floor":24.0,"turns":3.0},{"damage":0.0,"enemies":"Replay:Snechameleon","floor":25.0,"turns":3.0},{"damage":0,"enemies":"3 Cultists","floor":31,"turns":1},{"damage":19,"enemies":"Champ","floor":33,"turns":5},{"damage":0,"enemies":"Orb Walker","floor":35,"turns":1},{"damage":12,"enemies":"3 Shapes","floor":37,"turns":1},{"damage":6,"enemies":"Maw","floor":39,"turns":3},{"damage":0,"enemies":"Spire Growth","floor":45,"turns":2},{"damage":0,"enemies":"Reptomancer","floor":46,"turns":2},{"damage":12,"enemies":"Replay:Hell Engine","floor":50,"turns":4}],"seed_played":"7281617677697171332","potions_obtained":[{"floor":10.0,"key":"AttackPotion"},{"floor":11.0,"key":"Energy Potion"},{"floor":24.0,"key":"Dexterity Potion"},{"floor":25.0,"key":"Venom Potion"},{"floor":37,"key":"Adrenaline Potion"},{"floor":39,"key":"Toxic Potion"},{"floor":44,"key":"SpeedPotion"},{"floor":45,"key":"Swift Potion"},{"floor":46,"key":"LiquidBronze"}],"is_trial":true,"path_per_floor":["M","?","?","?","$","R","$","?","T","M","M","$","E","?","R","B",null,"M","?","?","$","M","R","E","E","T","?","R","$","R","M","R","B",null,"M","?","M","$","M","R","?","?","T","?","M","E","?","$","R","B",null],"character_chosen":"THE_SERVANT","items_purchased":["Membership Card","Vajra","Blood Vial"],"campfire_rested":3,"item_purchase_floors":[21,38,48],"current_hp_per_floor":[65,65,54,38,38,57,57,57,57,57,57,57,51,39,58,38,65,65,65,65,65,65,65,65,65,65,65,65,65,65,65,65,46,65,65,65,53,53,47,65,65,65,65,65,65,65,50,50,65,51],"gold":343,"neow_bonus":"","is_daily":false,"chose_seed":false,"campfire_upgraded":3,"win_rate":0.0,"timestamp":1608627822,"path_taken":["M","?","?","?","$","R","$","?","T","?","M","$","E","?","R","BOSS","M","?","?","$","M","R","E","E","T","?","R","?","R","?","R","BOSS","M","?","M","$","M","R","?","?","T","?","?","E","?","?","R","BOSS"],"items_purchased_type":["Relic","Relic","Relic"],"build_version":"2020-12-13","purchased_purges":6,"victory":true,"max_hp_per_floor":[65,65,65,65,65,65,65,65,65,65,65,65,65,65,65,65,65,65,65,65,65,65,65,65,65,65,65,65,65,65,65,65,65,65,65,65,65,65,65,65,65,65,65,65,65,65,65,65,65,63],"card_choices":[{"not_picked":["Rewind","BottledTime"],"picked":"Potential","floor":1.0},{"not_picked":["expansioncontent:DefensiveStance","DoubleEdge","Replace"],"picked":"SKIP","floor":10.0},{"not_picked":["Alleviate","Acrobatics","Dark Shackles"],"picked":"SKIP","floor":11.0},{"not_picked":["FloweringNight","Rearm","expansioncontent:GoopSpray"],"picked":"SKIP","floor":13.0},{"not_picked":["expansioncontent:Torchfire","Ricochet","Replace"],"picked":"SKIP","floor":18.0},{"not_picked":["BottledTime","Starlight+1","expansioncontent:ChargeUp"],"picked":"SKIP","floor":22.0},{"not_picked":["BottledTime","Starlight+1","expansioncontent:ChargeUp"],"picked":"SKIP","floor":22.0},{"not_picked":["expansioncontent:Hexaburn","expansioncontent:ManipulateTime","Panacea+1"],"picked":"SKIP","floor":24.0},{"not_picked":["RealityMarble","Ricochet+1","FastForward"],"picked":"SKIP","floor":25.0},{"not_picked":["FastForward+1","SilverBlades+1","Dagger Throw"],"picked":"SKIP","floor":31},{"not_picked":["Poisoned Strike","expansioncontent:StudyTheSpire+1"],"picked":"Master of Strategy","floor":33},{"not_picked":["Starlight+1","Replay:SS_hec_4+1","Defy"],"picked":"SKIP","floor":35},{"not_picked":["FastForward","FanOfKnives"],"picked":"InstantArmor+1","floor":37},{"not_picked":["Defy","FastForward+1","Potential"],"picked":"SKIP","floor":39},{"not_picked":["Mind Blast","expansioncontent:Collect+1","Unruled"],"picked":"SKIP","floor":45},{"not_picked":["Rearm+1","Desolation+1","Revamp+1"],"picked":"SKIP","floor":46},{"not_picked":["Rearm+1","Desolation+1","Revamp+1"],"picked":"SKIP","floor":46}],"player_experience":424739,"relics_obtained":[{"floor":8.0,"key":"Blue Doll"},{"floor":9.0,"key":"Shuriken"},{"floor":13.0,"key":"Centennial Puzzle"},{"floor":24.0,"key":"Akabeko"},{"floor":25.0,"key":"TungstenRod"},{"floor":26.0,"key":"Frozen Egg 2"},{"floor":32,"key":"Broom"},{"floor":43,"key":"Replay:Accelerometer"},{"floor":44,"key":"Ring of Fangs"},{"floor":44,"key":"ReplayTheSpireMod:Ring of Addiction"},{"floor":44,"key":"White Beast Statue"},{"floor":44,"key":"Toy Ornithopter"},{"floor":46,"key":"ReplayTheSpireMod:TigerMarble"},{"floor":47,"key":"War Paint"}],"event_choices":[{"damage_healed":0.0,"max_hp_gain":0.0,"max_hp_loss":0.0,"gold_gain":75.0,"event_name":"World of Goop","player_choice":"Gather Gold","floor":3.0,"gold_loss":0.0,"damage_taken":11.0},{"damage_healed":0.0,"max_hp_gain":0.0,"max_hp_loss":0.0,"gold_gain":0.0,"event_name":"Golden Idol","player_choice":"Take Damage","floor":4.0,"gold_loss":0.0,"damage_taken":16.0,"relics_obtained":["Golden Idol"]},{"damage_healed":0.0,"max_hp_gain":0.0,"max_hp_loss":0.0,"gold_gain":0.0,"event_name":"Dead Adventurer","player_choice":"Searched \u00271\u0027 times","floor":8.0,"gold_loss":0.0,"damage_taken":0.0},{"damage_healed":0.0,"max_hp_gain":0.0,"max_hp_loss":0.0,"gold_gain":0.0,"event_name":"Scrap Ooze","player_choice":"Success","floor":14.0,"gold_loss":0.0,"damage_taken":12.0,"relics_obtained":["Omamori"]},{"damage_healed":0.0,"max_hp_gain":0.0,"max_hp_loss":0.0,"gold_gain":0.0,"event_name":"Addict","player_choice":"Obtained Relic","floor":19.0,"gold_loss":85.0,"damage_taken":0.0,"relics_obtained":["Bag of Preparation"]},{"damage_healed":0.0,"max_hp_gain":0.0,"max_hp_loss":0.0,"gold_gain":0.0,"event_name":"Ghosts","player_choice":"Ignored","floor":20.0,"gold_loss":0.0,"damage_taken":0.0},{"damage_healed":0.0,"max_hp_gain":0.0,"max_hp_loss":0.0,"gold_gain":0.0,"event_name":"The Library","player_choice":"Read","floor":27.0,"gold_loss":0.0,"damage_taken":0.0,"cards_obtained":["TimeWarp"]},{"damage_healed":0,"gold_gain":0,"player_choice":"Ignored","damage_taken":0,"max_hp_gain":0,"max_hp_loss":0,"event_name":"Tomb of Lord Red Mask","floor":36,"gold_loss":0},{"cards_removed":["BottledTime"],"damage_healed":0,"gold_gain":0,"player_choice":"Removed Skill","damage_taken":0,"max_hp_gain":0,"max_hp_loss":0,"event_name":"Falling","floor":41,"gold_loss":0},{"damage_healed":0,"gold_gain":333,"player_choice":"Gave Idol","damage_taken":0,"max_hp_gain":0,"max_hp_loss":0,"event_name":"The Moai Head","floor":42,"relics_lost":["Golden Idol"],"gold_loss":0}],"is_beta":false,"boss_relics":[{"not_picked":["Cursed Key","SplendidAttire"],"picked":"Empty Cage"},{"not_picked":["Abe\u0027s Treasure","ChewingGum"],"picked":"SlaversCollar"}],"items_purged_floors":[5,7,21,29,38,48],"is_endless":false,"potions_floor_spawned":[10,11,24,25,37,39,45,46],"ascension_level":0}}