{"host":"rlecp7y56fma31cw","time":1608618262,"event":{"mods":["BaseMod","Block Reminder","Colored Map","Colored Powertips","Defective Defect","Googly Eyes","Minty Spire (QoL Compilation)","Quick Restart","Rare Cards Sparkle","Relic Stats","ShortenTheSpire","StSLib","SuperFastMode","The IronCluck","everything is the same but u backflip on backflip","slay the spire mod where everything is the same but ironclad has a cowboy hat"],"gold_per_floor":[109,128,141,66,82,82,82,82,82,101,101,139,139,180,180,180,180],"floor_reached":16,"playtime":423,"items_purged":["Strike_G"],"score":204,"play_id":"15fee1c0-e95e-4f91-8938-b9df77cf4b62","local_time":"20201221222422","is_ascension_mode":true,"campfire_choices":[{"data":"Noxious Fumes","floor":6,"key":"SMITH"},{"floor":8,"key":"REST"},{"data":"Neutralize","floor":11,"key":"SMITH"},{"floor":13,"key":"REST"},{"data":"Deadly Poison","floor":15,"key":"SMITH"}],"circlet_count":0,"master_deck":["AscendersBane","Strike_G","Strike_G","Strike_G","Strike_G","Defend_G","Defend_G","Defend_G","Defend_G","Defend_G","Survivor","Neutralize+1","All Out Attack","Noxious Fumes+1","Crippling Poison","Deadly Poison+1","Caltrops"],"relics":["Ring of the Snake","The Specimen","Golden Idol","Eternal Feather","Juzu Bracelet","Strawberry"],"acts_visited":["Exordium"],"potions_floor_usage":[],"damage_taken":[{"damage":2,"enemies":"2 Louse","floor":1,"turns":3},{"damage":0,"enemies":"Small Slimes","floor":2,"turns":2},{"damage":1,"enemies":"Cultist","floor":3,"turns":4},{"damage":0,"enemies":"Exordium Thugs","floor":5,"turns":5},{"damage":4,"enemies":"Looter","floor":10,"turns":4},{"damage":21,"enemies":"3 Sentries","floor":12,"turns":5},{"damage":28,"enemies":"Lagavulin","floor":14,"turns":8},{"damage":40,"enemies":"Slime Boss","floor":16,"turns":6}],"seed_played":"-984634615840961773","potions_obtained":[{"floor":1,"key":"GamblersBrew"},{"floor":5,"key":"Strength Potion"}],"is_trial":false,"path_per_floor":["M","M","M","$","M","R","?","R","T","M","R","E","R","E","R","B"],"character_chosen":"THE_SILENT","items_purchased":[],"campfire_rested":2,"item_purchase_floors":[],"current_hp_per_floor":[42,42,41,41,41,41,18,37,37,33,42,21,49,28,37,0,0],"gold":180,"neow_bonus":"ONE_RARE_RELIC","is_daily":false,"chose_seed":false,"campfire_upgraded":3,"win_rate":0.0,"timestamp":1608618262,"path_taken":["M","M","M","$","M","R","?","R","T","M","R","E","R","E","R","BOSS"],"items_purchased_type":[],"build_version":"2020-12-13","purchased_purges":1,"victory":false,"max_hp_per_floor":[66,66,66,66,66,66,66,66,66,66,66,66,66,73,73,73,73],"relic_stats":{"counters":[8,37],"Golden Idol":20,"Eternal Feather":27,"Juzu Bracelet":0,"obtain_stats":[{"The Specimen":0,"Golden Idol":7,"Strawberry":14,"Eternal Feather":9,"Juzu Bracelet":12,"Ring of the Snake":0},{"The Specimen":0,"Golden Idol":4,"Strawberry":7,"Eternal Feather":4,"Juzu Bracelet":6,"Ring of the Snake":0},{"The Specimen":0,"Golden Idol":14,"Strawberry":31,"Eternal Feather":14,"Juzu Bracelet":23,"Ring of the Snake":0}],"Ring of the Snake":[16]},"card_choices":[{"not_picked":["PiercingWail","Flying Knee"],"picked":"All Out Attack","floor":1},{"not_picked":["Sucker Punch","Quick Slash"],"picked":"Noxious Fumes","floor":2},{"not_picked":["Infinite Blades","Backflip"],"picked":"Crippling Poison","floor":3},{"not_picked":["Heel Hook","Deflect"],"picked":"Deadly Poison","floor":5},{"not_picked":["Prepared","Outmaneuver","A Thousand Cuts"],"picked":"SKIP","floor":10},{"not_picked":["Tactician","Blade Dance","Eviscerate"],"picked":"SKIP","floor":12},{"not_picked":["Acrobatics","Underhanded Strike"],"picked":"Caltrops","floor":14}],"player_experience":881120,"relics_obtained":[{"floor":9,"key":"Eternal Feather"},{"floor":12,"key":"Juzu Bracelet"},{"floor":14,"key":"Strawberry"}],"event_choices":[{"damage_healed":0,"gold_gain":0,"player_choice":"Take Damage","damage_taken":23,"relics_obtained":["Golden Idol"],"max_hp_gain":0,"max_hp_loss":0,"event_name":"Golden Idol","floor":7,"gold_loss":0}],"is_beta":false,"boss_relics":[],"items_purged_floors":[4],"is_endless":false,"potions_floor_spawned":[1,5,12,14],"killed_by":"Slime Boss","ascension_level":17}}