{"host":"2d0rd30cigwncx1y","time":1608666543,"event":{"mods":["BaseMod","Colored Map","Colored Powertips","Downfall","MarisaÅiñ∂âJÅ@ñÇóùçπÅj","Minty Spire (QoL Compilation)","Replay The Spire","StSLib","The Alterego","The Marked","The Servant 0.9.4"],"gold_per_floor":[99,111,130,130,149,149,149,166,91,117,21,47,61,75,91,91,91,91],"floor_reached":16,"playtime":1409,"items_purged":[],"score":145,"play_id":"14193b03-d5a9-47f4-943d-12e087516431","local_time":"20201222204903","is_ascension_mode":true,"campfire_choices":[{"data":"champ:Taunt","floor":1,"key":"SMITH"},{"data":"champ:Circumvent","floor":6,"key":"SMITH"},{"data":"champ:StanceDance","floor":9,"key":"SMITH"}],"circlet_count":0,"master_deck":["champ:Strike","champ:Strike","champ:Strike","champ:Defend","champ:Defend","champ:Defend","champ:Defend","champ:Execute","champ:Taunt+1","champ:StanceDance+1","champ:Circumvent+1","champ:DefensiveShout","champ:StanceDance+1","champ:Duel","champ:EnGarde","champ:FalseCounter","champ:RageSigil","champ:ShieldThrow","champ:ShieldSigil"],"relics":["champ:ChampionCrown","downfall:HeartBlessingBlue","Strawberry","Unceasing Top"],"acts_visited":["Exordium"],"potions_floor_usage":[11,11,16,16,16],"damage_taken":[{"damage":2,"enemies":"2 Louse","floor":2,"turns":3},{"damage":10,"enemies":"Cultist","floor":3,"turns":4},{"damage":5,"enemies":"Jaw Worm","floor":5,"turns":5},{"damage":9,"enemies":"3 Louse","floor":8,"turns":5},{"damage":37,"enemies":"3 Sentries","floor":10,"turns":12},{"damage":5,"enemies":"downfall:FleeingMerchant","floor":11,"turns":4},{"damage":1,"enemies":"Replay:BlueRogue","floor":12,"turns":7},{"damage":18,"enemies":"2 Fungi Beasts","floor":13,"turns":4},{"damage":12,"enemies":"Exordium Wildlife","floor":14,"turns":5},{"damage":30,"enemies":"Gremlin Gang","floor":15,"turns":5},{"damage":37,"enemies":"downfall:Defect","floor":16,"turns":5}],"seed_played":"4875412923597058786","potions_obtained":[{"floor":3,"key":"Adrenaline Potion"},{"floor":5,"key":"champ:OpenerPotion"},{"floor":8,"key":"Weak Potion"},{"floor":13,"key":"Adrenaline Potion"},{"floor":14,"key":"Cursed Concoction"},{"floor":15,"key":"DuplicationPotion"}],"is_trial":false,"path_per_floor":["R","M","M","?","M","R","T","M","R","E","$","E","M","M","M","B"],"character_chosen":"THE_CHAMP","items_purchased":["champ:FalseCounter"],"campfire_rested":0,"item_purchase_floors":[11],"current_hp_per_floor":[90,88,88,88,88,88,88,84,94,84,84,83,65,58,28,0,0,0],"gold":91,"neow_bonus":"REMOVE_CARD","is_daily":false,"chose_seed":false,"campfire_upgraded":3,"win_rate":0.0,"timestamp":1608666543,"path_taken":["R","M","M","?","M","R","T","M","R","E","$","E","M","M","M","BOSS"],"items_purchased_type":["Card"],"build_version":"2020-12-13","purchased_purges":0,"victory":false,"max_hp_per_floor":[90,90,90,90,90,90,90,90,100,107,107,107,107,107,107,107,107,107],"card_choices":[{"not_picked":["champ:GladiatorStyle","champ:FaceSlap"],"picked":"champ:StanceDance","floor":2},{"not_picked":["champ:HeartStrike","champ:BladeFlurry"],"picked":"champ:Circumvent","floor":3},{"not_picked":["champ:GladiatorsShout","champ:PerfectedStrike"],"picked":"champ:DefensiveShout","floor":5},{"not_picked":["champ:FanOfKnives","champ:DefensiveShout"],"picked":"champ:StanceDance","floor":8},{"not_picked":["champ:BerserkersShout","champ:FocusedBerserking"],"picked":"champ:Duel","floor":10},{"not_picked":["champ:ViciousMockery","champ:BladeFlurry"],"picked":"champ:EnGarde","floor":11},{"not_picked":["champ:SwordSigil","champ:DefensiveShout"],"picked":"champ:RageSigil","floor":12},{"not_picked":["champ:FlashCut","champ:AdrenalArmor","champ:DefensiveShout"],"picked":"SKIP","floor":13},{"not_picked":["champ:Balance","champ:DefensiveShout"],"picked":"champ:ShieldThrow","floor":14},{"not_picked":["champ:ShieldWall","champ:DefensiveShout"],"picked":"champ:ShieldSigil","floor":15}],"player_experience":80942,"relics_obtained":[{"floor":10,"key":"Strawberry"},{"floor":12,"key":"Unceasing Top"}],"event_choices":[{"damage_healed":0,"gold_gain":0,"player_choice":"Upgraded","damage_taken":0,"max_hp_gain":0,"max_hp_loss":0,"event_name":"Upgrade Shrine","floor":4,"gold_loss":0,"cards_upgraded":["champ:StanceDance"]}],"is_beta":false,"boss_relics":[],"items_purged_floors":[],"is_endless":false,"potions_floor_spawned":[3,5,8,13,14,15],"killed_by":"downfall:Defect","ascension_level":1}}