{"host":"99ad87xtd5ypi7ii","time":1608623106,"event":{"mods":["BaseMod","Hermit","Highlight Path","Marisa????????","Minty Spire (QoL Compilation)","Robot Space Explorer","StSLib","The Bladedancer","The Construct","The Cursed","The Disciple","The Gatherer","The Hierophant","The Runesmith","The Servant 0.9.4","TheVacant"],"gold_per_floor":[15,15,34,49,49,49,59,69,69,69,87,103,103,116,116,224,224,248,158,179,201,51,51,90,5,5,22,29,29],"floor_reached":28,"playtime":1742,"items_purged":[],"score":234,"play_id":"23294592-dcfa-467b-b2be-92b202890277","local_time":"20201222084506","is_ascension_mode":false,"campfire_choices":[{"data":"hermit:GoldenBullet","floor":6,"key":"SMITH"},{"data":"hermit:HeroicBravado","floor":10,"key":"SMITH"},{"data":"hermit:Covet","floor":13,"key":"SMITH"},{"data":"hermit:Scavenge","floor":15,"key":"SMITH"},{"floor":23,"key":"REST"}],"circlet_count":0,"master_deck":["hermit:Strike_Hermit","hermit:Strike_Hermit","hermit:Strike_Hermit","hermit:Defend_Hermit","hermit:Defend_Hermit","hermit:Defend_Hermit+1","hermit:Defend_Hermit","hermit:Snapshot","hermit:Covet+1","hermit:Spite+1","hermit:GoldenBullet+1","hermit:Glare","Regret","hermit:Grudge","hermit:HeroicBravado+1","hermit:BigShot","hermit:Scavenge+1","hermit:EternalForm","hermit:ShadowCloak","hermit:Horror+1","hermit:Virtue","hermit:Reprieve","hermit:Scavenge"],"relics":["hermit:ClaspedLocket","Incense Burner","Question Card","Regal Pillow","Smiling Mask","Meat on the Bone","Centennial Puzzle"],"acts_visited":["Exordium","TheCity"],"potions_floor_usage":[21,24,24,24,27],"damage_taken":[{"damage":0,"enemies":"Small Slimes","floor":1,"turns":3},{"damage":0,"enemies":"2 Louse","floor":3,"turns":2},{"damage":0,"enemies":"Cultist","floor":4,"turns":2},{"damage":6,"enemies":"Large Slime","floor":7,"turns":5},{"damage":0,"enemies":"Looter","floor":8,"turns":2},{"damage":6,"enemies":"Lots of Slimes","floor":11,"turns":3},{"damage":0,"enemies":"3 Louse","floor":12,"turns":3},{"damage":5,"enemies":"Exordium Thugs","floor":14,"turns":3},{"damage":19,"enemies":"Slime Boss","floor":16,"turns":11},{"damage":32,"enemies":"3 Byrds","floor":18,"turns":7},{"damage":0,"enemies":"Chosen","floor":20,"turns":6},{"damage":22,"enemies":"Snecko","floor":21,"turns":6},{"damage":39,"enemies":"Book of Stabbing","floor":24,"turns":9},{"damage":16,"enemies":"Snake Plant","floor":27,"turns":2},{"damage":30,"enemies":"3 Cultists","floor":28,"turns":5}],"seed_played":"-3691887770344461878","potions_obtained":[{"floor":1,"key":"Strength Potion"},{"floor":8,"key":"PowerPotion"},{"floor":11,"key":"Explosive Potion"},{"floor":12,"key":"DuplicationPotion"},{"floor":21,"key":"hermit:Eclipse"},{"floor":24,"key":"PowerPotion"}],"is_trial":false,"path_per_floor":["M","?","M","M","?","R","M","M","T","R","M","M","R","M","R","B",null,"M","?","M","M","$","R","E","?","T","M","M"],"character_chosen":"HERMIT","items_purchased":["Regal Pillow"],"campfire_rested":1,"item_purchase_floors":[22],"current_hp_per_floor":[75,75,75,75,75,75,69,69,69,69,63,63,63,58,58,39,75,44,44,45,24,24,61,23,23,23,20,0,0],"gold":29,"neow_bonus":"ONE_RARE_RELIC","is_daily":false,"chose_seed":false,"campfire_upgraded":4,"win_rate":0.0,"timestamp":1608623106,"path_taken":["M","?","M","M","?","R","M","M","T","R","M","M","R","M","R","BOSS","M","?","M","M","?","R","E","?","T","M","M"],"items_purchased_type":["Relic"],"build_version":"2020-12-13","purchased_purges":0,"victory":false,"max_hp_per_floor":[75,75,75,75,75,75,75,75,75,75,75,75,75,75,75,75,75,75,75,75,75,75,75,75,75,75,75,75,75],"card_choices":[{"not_picked":["hermit:Snipe","hermit:Headshot"],"picked":"hermit:Spite","floor":1},{"not_picked":["hermit:Feint","hermit:CalledShot"],"picked":"hermit:GoldenBullet","floor":3},{"not_picked":["hermit:Feint","hermit:Desperado"],"picked":"hermit:Glare","floor":4},{"not_picked":["hermit:NoHoldsBarred","hermit:WideOpen","hermit:Headshot"],"picked":"hermit:Grudge","floor":7},{"not_picked":["hermit:Feint","hermit:ItchyTrigger","hermit:Glare"],"picked":"hermit:HeroicBravado","floor":8},{"not_picked":["hermit:WideOpen","hermit:TakeCover","hermit:Combo","hermit:LowProfile"],"picked":"SKIP","floor":11},{"not_picked":["hermit:TakeCover","hermit:Roulette","hermit:Dive"],"picked":"hermit:BigShot","floor":12},{"not_picked":["hermit:Glare","hermit:Feint","hermit:LowProfile"],"picked":"hermit:Scavenge","floor":14},{"not_picked":["hermit:Reprieve","hermit:RoundhouseKick","hermit:BlackWind"],"picked":"hermit:EternalForm","floor":16},{"not_picked":["hermit:Misfire","hermit:ItchyTrigger","hermit:DeadMansHand"],"picked":"hermit:ShadowCloak","floor":18},{"not_picked":["hermit:HighCaliber","hermit:Showdown","hermit:Maintenance+1"],"picked":"hermit:Horror+1","floor":20},{"not_picked":["hermit:Headshot","hermit:TakeCover","hermit:BodyArmor"],"picked":"hermit:Virtue","floor":21},{"not_picked":["hermit:HoleUp","hermit:Snipe","hermit:Magnum"],"picked":"hermit:Reprieve","floor":24},{"not_picked":["hermit:Headshot","hermit:HighCaliber","hermit:CalledShot"],"picked":"hermit:Scavenge","floor":27}],"player_experience":808756,"relics_obtained":[{"floor":24,"key":"Smiling Mask"},{"floor":26,"key":"Centennial Puzzle"}],"event_choices":[{"damage_healed":0,"gold_gain":0,"player_choice":"Grow","damage_taken":0,"max_hp_gain":0,"max_hp_loss":0,"event_name":"Living Wall","floor":2,"gold_loss":0,"cards_upgraded":["hermit:Spite"]},{"damage_healed":0,"gold_gain":0,"player_choice":"Box","damage_taken":0,"relics_obtained":["Question Card"],"max_hp_gain":0,"max_hp_loss":0,"event_name":"Big Fish","floor":5,"gold_loss":0,"cards_obtained":["Regret"]},{"cards_removed":["hermit:Strike_Hermit"],"damage_healed":0,"gold_gain":0,"player_choice":"Upgrade and Remove","damage_taken":0,"max_hp_gain":0,"max_hp_loss":0,"event_name":"Designer","floor":19,"gold_loss":90,"cards_upgraded":["hermit:Defend_Hermit"]},{"damage_healed":0,"gold_gain":0,"player_choice":"Obtained Relic","damage_taken":0,"relics_obtained":["Meat on the Bone"],"max_hp_gain":0,"max_hp_loss":0,"event_name":"Addict","floor":25,"gold_loss":85}],"is_beta":false,"boss_relics":[{"not_picked":["Runesmith:UraniumAnvil","SlaversCollar"],"picked":"hermit:ClaspedLocket"}],"items_purged_floors":[],"is_endless":false,"potions_floor_spawned":[1,8,11,12,20,21,24],"killed_by":"3 Cultists","ascension_level":0}}