{"host":"qwttrqaysb380yri","time":1608636771,"event":{"mods":["BaseMod","Custom Start","Minty Spire (QoL Compilation)","Permanent Neow","Puzzle Mod","Relic Stats","StSLib","The Cursed","The Hierophant"],"gold_per_floor":[113,127,47,47,67,94,94,110,161,181,214,227,254,266,266,338,338,355,205,223,223,242,242,242],"floor_reached":23,"playtime":1056,"items_purged":[],"score":366,"play_id":"9d19d914-09d5-40e9-b8ad-6723182f6373","local_time":"20201222123251","is_ascension_mode":true,"campfire_choices":[{"floor":7,"key":"REST"},{"floor":15,"key":"REST"}],"circlet_count":0,"master_deck":["AscendersBane","Strike_G","Strike_G+1","Strike_G","Strike_G","Defend_G","Defend_G","Defend_G","Defend_G","Defend_G","Survivor","Neutralize","Terror","Eviscerate","Dagger Throw","Bouncing Flask","After Image","Quick Slash+1","Underhanded Strike","Infinite Blades","Escape Plan","Dagger Throw","Blade Dance","Tools of the Trade","Well Laid Plans","Night Terror","Acrobatics+1"],"relics":["Ring of the Snake","Incense Burner","Question Card","Blood Vial","Akabeko","Potion Belt","Fusion Hammer","Whetstone"],"acts_visited":["Exordium","TheCity"],"potions_floor_usage":[6,13,16,16,18],"damage_taken":[{"damage":6,"enemies":"Cultist","floor":1,"turns":3},{"damage":0,"enemies":"2 Louse","floor":2,"turns":3},{"damage":2,"enemies":"Jaw Worm","floor":5,"turns":4},{"damage":20,"enemies":"Lagavulin","floor":6,"turns":4},{"damage":2,"enemies":"2 Fungi Beasts","floor":8,"turns":4},{"damage":11,"enemies":"Red Slaver","floor":10,"turns":3},{"damage":2,"enemies":"Gremlin Nob","floor":11,"turns":4},{"damage":6,"enemies":"Exordium Thugs","floor":12,"turns":4},{"damage":2,"enemies":"3 Sentries","floor":13,"turns":7},{"damage":5,"enemies":"Looter","floor":14,"turns":3},{"damage":9,"enemies":"The Guardian","floor":16,"turns":9},{"damage":7,"enemies":"3 Byrds","floor":18,"turns":5},{"damage":9,"enemies":"Spheric Guardian","floor":20,"turns":3},{"damage":4,"enemies":"3 Cultists","floor":22,"turns":5},{"damage":68,"enemies":"Gremlin Leader","floor":23,"turns":7}],"seed_played":"8288583650322233854","potions_obtained":[{"floor":1,"key":"Weak Potion"},{"floor":5,"key":"Strength Potion"},{"floor":8,"key":"SmokeBomb"},{"floor":11,"key":"DistilledChaos"},{"floor":14,"key":"SkillPotion"},{"floor":16,"key":"DistilledChaos"},{"floor":18,"key":"SmokeBomb"}],"is_trial":false,"path_per_floor":["M","M","$","?","M","E","R","M","T","M","E","M","E","M","R","B",null,"M","$","M","?","M","E"],"character_chosen":"THE_SILENT","items_purchased":["Dagger Throw","Bouncing Flask","Whetstone"],"campfire_rested":2,"item_purchase_floors":[3,3,19],"current_hp_per_floor":[38,38,38,38,36,16,35,33,33,24,24,20,20,17,36,29,57,52,52,45,66,62,0,0],"gold":242,"neow_bonus":"ONE_RARE_RELIC","is_daily":false,"chose_seed":false,"campfire_upgraded":0,"win_rate":0.0,"timestamp":1608636771,"path_taken":["M","M","?","?","M","E","R","?","T","M","E","M","E","M","R","BOSS","M","$","M","?","?","E"],"items_purchased_type":["Card","Card","Relic"],"build_version":"2020-12-13","purchased_purges":0,"victory":false,"max_hp_per_floor":[66,66,66,66,66,66,66,66,66,66,66,66,66,66,66,66,66,66,66,66,66,66,66,66],"relic_stats":{"Blood Vial":18,"counters":[15,68],"Whetstone":["Quick Slash","Strike_G"],"Question Card":10,"obtain_stats":[{"Blood Vial":9,"Potion Belt":13,"Fusion Hammer":17,"Incense Burner":0,"Whetstone":19,"Question Card":6,"Akabeko":11,"Ring of the Snake":0},{"Blood Vial":5,"Potion Belt":9,"Fusion Hammer":11,"Incense Burner":0,"Whetstone":12,"Question Card":4,"Akabeko":7,"Ring of the Snake":0},{"Blood Vial":18,"Potion Belt":36,"Fusion Hammer":48,"Incense Burner":0,"Whetstone":53,"Question Card":14,"Akabeko":25,"Ring of the Snake":0}],"Ring of the Snake":[30]},"card_choices":[{"not_picked":["Blur","Heel Hook"],"picked":"Terror","floor":1},{"not_picked":["Prepared","Quick Slash"],"picked":"Eviscerate","floor":2},{"not_picked":["Bane","Caltrops"],"picked":"Quick Slash","floor":5},{"not_picked":["Accuracy","Quick Slash"],"picked":"Underhanded Strike","floor":6},{"not_picked":["Catalyst","Noxious Fumes","Escape Plan"],"picked":"Infinite Blades","floor":8},{"not_picked":["Backflip","Endless Agony","Skewer"],"picked":"Escape Plan","floor":10},{"not_picked":["Dodge and Roll","Poisoned Stab","Outmaneuver"],"picked":"Dagger Throw","floor":11},{"not_picked":["Deadly Poison","Accuracy","Outmaneuver"],"picked":"Blade Dance","floor":12},{"not_picked":["Prepared","Setup","Riddle With Holes"],"picked":"Tools of the Trade","floor":13},{"not_picked":["Endless Agony","Choke","Bane"],"picked":"Well Laid Plans","floor":14},{"not_picked":["Burst","Die Die Die","Corpse Explosion"],"picked":"Night Terror","floor":16},{"not_picked":["PiercingWail+1","Flying Knee","Underhanded Strike"],"picked":"Acrobatics+1","floor":18},{"not_picked":["Slice","Deadly Poison","Bane+1","Sucker Punch"],"picked":"SKIP","floor":20},{"not_picked":["Dagger Throw","Endless Agony","Sucker Punch","Riddle With Holes"],"picked":"SKIP","floor":22}],"player_experience":1934999,"relics_obtained":[{"floor":6,"key":"Question Card"},{"floor":9,"key":"Blood Vial"},{"floor":11,"key":"Akabeko"},{"floor":13,"key":"Potion Belt"}],"event_choices":[{"damage_healed":0,"gold_gain":0,"cards_transformed":["Strike_G"],"player_choice":"Transformed","damage_taken":0,"max_hp_gain":0,"max_hp_loss":0,"event_name":"Transmorgrifier","floor":4,"gold_loss":0,"cards_obtained":["After Image"]},{"damage_healed":21,"gold_gain":0,"player_choice":"Full Heal","damage_taken":0,"max_hp_gain":0,"max_hp_loss":0,"event_name":"Wheel of Change","floor":21,"gold_loss":0}],"is_beta":false,"boss_relics":[{"not_picked":["Ring of the Serpent","Pandora\u0027s Box"],"picked":"Fusion Hammer"}],"items_purged_floors":[],"is_endless":false,"potions_floor_spawned":[1,5,8,11,14,16,18],"killed_by":"Gremlin Leader","ascension_level":14}}