{"host":"hfvpa4llnnjpeawn","time":1608655479,"event":{"mods":["2.2 Compatiblity","AchievementEnabler","Act Like it!","Aspiration","Bard","BaseMod","Beaked The Cultist","Better Sensory Stone","Better Skull","Better Third Choice","BetterRewards","CapriCore","Conspire","Downfall","Elementarium","Energized Spire","Hubris","Infinite Spire","Jorbs\u0027s Wanderer Trilogy","Minty Spire (QoL Compilation)","Replay The Spire","Shade Mod","Spicy Shops","StSLib","The Bladedancer","The Factory","The Gatherer","The Jungle","Waifu the Spire","Wandering Minibosses"],"gold_per_floor":[219,53,328,345,345,378,378,413,488,488,43,43,43,43,43,43,43],"floor_reached":16,"playtime":599,"items_purged":[],"score":104,"play_id":"5a7f2858-025c-46ef-90db-b43b4cd4af2e","local_time":"20201222114439","is_ascension_mode":false,"campfire_choices":[{"data":"Indignation","floor":7,"key":"SMITH"},{"data":"ReplayUltimateDefense","floor":12,"key":"SMITH"},{"floor":15,"key":"REST"}],"circlet_count":0,"master_deck":["Strike_P","Strike_P","Strike_P","Defend_P","Defend_P","Defend_P","Eruption","Vigilance","Crescendo","BowlingBash","MentalFortress","EmptyBody","Regret","Consecrate","expansioncontent:Corrupt","Indignation+1","FlurryOfBlows","Regret","ReplayUltimateDefense+1","Consecrate","ForeignInfluence","Steam"],"relics":["PureWater","aspiration:DSix","Happy Flower","Replay:Ringing Soul","TungstenRod","Pen Nib"],"acts_visited":["Exordium"],"potions_floor_usage":[16],"damage_taken":[{"damage":4,"enemies":"conspire:RoseBush","floor":1,"turns":3},{"damage":10,"enemies":"infinitespire:Voidling","floor":4,"turns":4},{"damage":15,"enemies":"Replay:BlueRogue","floor":6,"turns":5},{"damage":9,"enemies":"Gremlin Nob","floor":8,"turns":3},{"damage":86,"enemies":"Hexaghost","floor":16,"turns":12}],"seed_played":"-3931705703675890878","potions_obtained":[{"floor":8,"key":"LiquidBronze"}],"is_trial":false,"path_per_floor":["M","$","?","M","?","E","R","E","T","?","$","R","$","?","R","B"],"character_chosen":"WATCHER","items_purchased":["BowlingBash","MentalFortress","EmptyBody","Pen Nib","ReplayUltimateDefense","Consecrate"],"campfire_rested":1,"item_purchase_floors":[2,2,2,11,11,11],"current_hp_per_floor":[68,68,68,58,58,51,51,42,42,45,48,48,48,51,75,0,0],"gold":43,"neow_bonus":"HUNDRED_GOLD","is_daily":false,"chose_seed":false,"campfire_upgraded":2,"win_rate":0.0,"timestamp":1608655479,"path_taken":["M","$","?","?","?","E","R","E","T","?","$","R","$","?","R","BOSS"],"items_purchased_type":["Card","Card","Card","Relic","Card","Card"],"build_version":"2020-12-13","purchased_purges":0,"victory":false,"max_hp_per_floor":[72,72,72,72,72,72,72,72,72,75,78,78,78,81,81,81,81],"card_choices":[{"not_picked":["FlyingSleeves","ClearTheMind"],"picked":"Crescendo","floor":1},{"not_picked":["Replay:DivineShield","CrushJoints"],"picked":"Consecrate","floor":4},{"not_picked":["ReplayTheSpireMod:Brewmster","Flash of Steel"],"picked":"expansioncontent:Corrupt","floor":5},{"not_picked":["Replay:Hum","SashWhip"],"picked":"Indignation","floor":6},{"not_picked":["FollowUp","Protect"],"picked":"FlurryOfBlows","floor":8}],"player_experience":321177,"relics_obtained":[{"floor":6,"key":"aspiration:DSix"},{"floor":8,"key":"Happy Flower"},{"floor":9,"key":"Replay:Ringing Soul"}],"event_choices":[{"damage_healed":0,"gold_gain":275,"player_choice":"Desecrate","damage_taken":0,"max_hp_gain":0,"max_hp_loss":0,"event_name":"Golden Shrine","floor":3,"gold_loss":0,"cards_obtained":["Regret"]},{"damage_healed":0,"gold_gain":1,"player_choice":"1","damage_taken":0,"max_hp_gain":0,"max_hp_loss":0,"event_name":"betterStone:BetterStone","floor":5,"gold_loss":0},{"damage_healed":0,"gold_gain":0,"player_choice":"Box","damage_taken":0,"relics_obtained":["TungstenRod"],"max_hp_gain":0,"max_hp_loss":0,"event_name":"Big Fish","floor":10,"gold_loss":0,"cards_obtained":["Regret"]}],"is_beta":false,"boss_relics":[],"items_purged_floors":[],"is_endless":false,"potions_floor_spawned":[8],"killed_by":"Hexaghost","ascension_level":0}}