{"host":"36ls4ricihodphgx","time":1608675795,"event":{"mods":["AchievementEnabler","BaseMod","Colored Map","Downfall","Hermit","HololiveMod","Marisa????????","Minty Spire (QoL Compilation)","Replay The Spire","StSLib","The Animator","The Cursed","The Servant 0.9.4"],"gold_per_floor":[118,118,133,133,151,151,176,176,176,189,189,189,464,482,482,482,482],"floor_reached":16,"playtime":4001,"items_purged":[],"score":100,"play_id":"d641ddf7-eed6-4687-a197-ec6ff8e905fa","local_time":"20201222152315","is_ascension_mode":false,"campfire_choices":[{"data":"DoubleEdge","floor":6,"key":"SMITH"},{"floor":8,"key":"REST"},{"floor":12,"key":"REST"},{"floor":15,"key":"REST"}],"circlet_count":0,"master_deck":["Strike_S","Strike_S","Strike_S","Defend_S","Defend_S","Defend_S","Defend_S","KidneyShot","Exchange","DoubleEdge+1","ShiftingGears+1","Rearm","Moonlight","Parasite","Regret","GearUp"],"relics":["Uniform","NeowsBlessing","WingedGreaves","Mirror"],"acts_visited":["Exordium"],"potions_floor_usage":[16,16],"damage_taken":[{"damage":0,"enemies":"2 Louse","floor":1,"turns":2},{"damage":0,"enemies":"Small Slimes","floor":3,"turns":1},{"damage":0,"enemies":"Cultist","floor":5,"turns":1},{"damage":42,"enemies":"Lagavulin","floor":7,"turns":7},{"damage":9,"enemies":"Large Slime","floor":10,"turns":6},{"damage":17,"enemies":"Blue Slaver","floor":14,"turns":5},{"damage":75,"enemies":"Fading Forest","floor":16,"turns":10}],"seed_played":"4432424318166281897","potions_obtained":[{"floor":4,"key":"Dexterity Potion"},{"floor":4,"key":"SteroidPotion"},{"floor":4,"key":"Languid Potion"},{"floor":14,"key":"LifebloodPotion"}],"is_trial":false,"path_per_floor":["M","?","M","?","M","R","E","R","T","M","?","R","?","M","R","B"],"character_chosen":"THE_SERVANT","items_purchased":[],"campfire_rested":3,"item_purchase_floors":[],"current_hp_per_floor":[65,65,65,65,65,65,23,42,42,33,49,65,65,48,65,0,0],"gold":482,"neow_bonus":"THREE_ENEMY_KILL","is_daily":false,"chose_seed":false,"campfire_upgraded":1,"win_rate":0.0,"timestamp":1608675795,"path_taken":["M","?","M","?","M","R","E","R","T","?","?","R","?","?","R","BOSS"],"items_purchased_type":[],"build_version":"2020-12-13","purchased_purges":0,"victory":false,"max_hp_per_floor":[65,65,65,65,65,65,65,65,65,65,65,65,65,65,65,65,65],"card_choices":[{"not_picked":["Defy","Read"],"picked":"DoubleEdge","floor":1},{"not_picked":["BottledTime","ShatteredReality"],"picked":"Rearm","floor":3},{"not_picked":["Revamp","SpecialFormula","Replace"],"picked":"SKIP","floor":5},{"not_picked":["Misdirection","StarChef"],"picked":"Moonlight","floor":7},{"not_picked":["Revamp","Solidify","DoubleEdge"],"picked":"SKIP","floor":10},{"not_picked":["TimeWarp","Collapse"],"picked":"GearUp","floor":14}],"player_experience":10919,"relics_obtained":[{"floor":7,"key":"WingedGreaves"},{"floor":9,"key":"Mirror"}],"event_choices":[{"damage_healed":0,"gold_gain":0,"player_choice":"Got Potions","damage_taken":0,"max_hp_gain":0,"max_hp_loss":0,"event_name":"Lab","floor":4,"gold_loss":0},{"damage_healed":16,"gold_gain":0,"player_choice":"Healed and dodged fight","damage_taken":0,"max_hp_gain":0,"max_hp_loss":0,"event_name":"Mushrooms","floor":11,"gold_loss":0,"cards_obtained":["Parasite"]},{"damage_healed":0,"gold_gain":275,"player_choice":"Desecrate","damage_taken":0,"max_hp_gain":0,"max_hp_loss":0,"event_name":"Golden Shrine","floor":13,"gold_loss":0,"cards_obtained":["Regret"]}],"is_beta":false,"boss_relics":[],"items_purged_floors":[],"is_endless":false,"potions_floor_spawned":[14],"killed_by":"Fading Forest","ascension_level":0}}