{"host":"1fmavympeq0d2zu8","time":1608677257,"event":{"mods":["BaseMod","Minty Spire (QoL Compilation)","StSLib","The Alterego"],"gold_per_floor":[111,126,141,26,39,39,71,90,90,90,141,158,158,158,158,158,158],"floor_reached":16,"playtime":507,"items_purged":[],"score":102,"play_id":"d9d5c2cc-9b50-4200-a1a2-e2c03f075638","local_time":"20201222164737","is_ascension_mode":false,"campfire_choices":[{"data":"alterego_mod:Impale","floor":6,"key":"SMITH"},{"floor":10,"key":"REST"},{"floor":13,"key":"REST"},{"floor":15,"key":"REST"}],"circlet_count":0,"master_deck":["alterego_mod:Strike","alterego_mod:Strike","alterego_mod:Strike","alterego_mod:Strike","alterego_mod:Defend","alterego_mod:Defend","alterego_mod:Defend","alterego_mod:Defend","alterego_mod:Impale+1","alterego_mod:BigMeatyClaws","alterego_mod:BrynhildrsRune","alterego_mod:SakuraPetals","alterego_mod:RocketPunch","alterego_mod:Bounce","alterego_mod:Stockings","alterego_mod:Undulate","alterego_mod:Lingerie","alterego_mod:Valentines","alterego_mod:Bunnysuit","alterego_mod:STier+1"],"relics":["alterego_mod:MasochisticConstitution","NeowsBlessing","Oddly Smooth Stone","Toxic Egg 2","PreservedInsect","Golden Idol"],"acts_visited":["Exordium"],"potions_floor_usage":[16,16,16,16,16,16],"damage_taken":[{"damage":0,"enemies":"Cultist","floor":1,"turns":1},{"damage":0,"enemies":"Small Slimes","floor":2,"turns":1},{"damage":0,"enemies":"Jaw Worm","floor":3,"turns":2},{"damage":13,"enemies":"Gremlin Gang","floor":5,"turns":6},{"damage":17,"enemies":"Gremlin Nob","floor":7,"turns":4},{"damage":7,"enemies":"3 Louse","floor":8,"turns":3},{"damage":17,"enemies":"Looter","floor":12,"turns":3},{"damage":76,"enemies":"The Guardian","floor":16,"turns":7}],"seed_played":"1518534083416400996","potions_obtained":[{"floor":5,"key":"SkillPotion"},{"floor":7,"key":"Dexterity Potion"},{"floor":12,"key":"EntropicBrew"}],"is_trial":false,"path_per_floor":["M","M","M","$","M","R","E","M","T","R","T","M","R","?","R","B"],"character_chosen":"The_Alterego","items_purchased":["alterego_mod:Stockings","alterego_mod:Undulate"],"campfire_rested":3,"item_purchase_floors":[4,4],"current_hp_per_floor":[70,70,70,70,58,58,42,36,36,57,57,41,63,45,67,0,0],"gold":158,"neow_bonus":"THREE_ENEMY_KILL","is_daily":false,"chose_seed":false,"campfire_upgraded":1,"win_rate":0.0,"timestamp":1608677257,"path_taken":["M","?","?","$","M","R","E","M","T","R","?","M","R","?","R","BOSS"],"items_purchased_type":["Card","Card"],"build_version":"2020-12-13","purchased_purges":0,"victory":false,"max_hp_per_floor":[70,70,70,70,71,71,72,73,73,73,73,74,74,74,74,74,74],"card_choices":[{"not_picked":["alterego_mod:Cycle","alterego_mod:Mirror"],"picked":"alterego_mod:SakuraPetals","floor":1},{"not_picked":["alterego_mod:SakuraLabyrinth","alterego_mod:Complex"],"picked":"alterego_mod:RocketPunch","floor":2},{"not_picked":["alterego_mod:HighServant","alterego_mod:Santa"],"picked":"alterego_mod:Bounce","floor":3},{"not_picked":["alterego_mod:HighServant","alterego_mod:Belts"],"picked":"alterego_mod:Lingerie","floor":5},{"not_picked":["alterego_mod:Table","alterego_mod:BeGentle"],"picked":"alterego_mod:Valentines","floor":7},{"not_picked":["alterego_mod:Skirt","alterego_mod:BoobPocket"],"picked":"alterego_mod:Bunnysuit","floor":8},{"not_picked":["alterego_mod:GoddessCore","alterego_mod:Bounce"],"picked":"alterego_mod:STier+1","floor":12}],"player_experience":50101,"relics_obtained":[{"floor":7,"key":"Oddly Smooth Stone"},{"floor":9,"key":"Toxic Egg 2"},{"floor":11,"key":"PreservedInsect"}],"event_choices":[{"damage_healed":0,"gold_gain":0,"player_choice":"Take Damage","damage_taken":18,"relics_obtained":["Golden Idol"],"max_hp_gain":0,"max_hp_loss":0,"event_name":"Golden Idol","floor":14,"gold_loss":0}],"is_beta":false,"boss_relics":[],"items_purged_floors":[],"is_endless":false,"potions_floor_spawned":[5,7,12],"killed_by":"The Guardian","ascension_level":0}}