{"host":"cijhj3091wf4aho3","time":1608609738,"event":{"mods":["BaseMod","Colored Map","Colored Powertips","Downfall","Friendly Minions","GifTheSpireLib","Highlight Path","Minty Spire (QoL Compilation)","Permanent Neow","Random Character Button","Relic Sorter","Relic Stats","StSLib","everything is the same but u backflip on backflip","slay the spire mod where everything is the same but ironclad has a cowboy hat"],"gold_per_floor":[99,116,134,134,147,163,163,88,106,135,235,235,235,235,253,349,349,349,369,385,396,396,407,407,332,356,387,312,342,32,49,65,167,167,167,183,183,183,68,68,68,68],"floor_reached":40,"playtime":2117,"items_purged":["Regret","champ:FlashCut"],"score":634,"play_id":"af8f2557-ee41-40f9-873c-01a904083593","local_time":"20201221200218","is_ascension_mode":true,"campfire_choices":[{"floor":1.0,"key":"RECALL"},{"data":"champ:TornadoPunch","floor":8.0,"key":"SMITH"},{"data":"champ:DefensiveShout","floor":13.0,"key":"SMITH"},{"data":"champ:SkillfulDodge","floor":18.0,"key":"SMITH"},{"data":"champ:Circumvent","floor":25.0,"key":"SMITH"},{"data":"champ:EnGarde","floor":28.0,"key":"SMITH"},{"data":"champ:EnchantShield","floor":35.0,"key":"SMITH"}],"circlet_count":0,"master_deck":["champ:Strike","champ:Strike","champ:Defend","champ:Defend+1","champ:Defend","champ:Defend","champ:Execute+1","champ:Taunt+1","champ:DefensiveStyle+1","champ:Lariat+1","champ:DefensiveShout+1","champ:SkillfulDodge+1","champ:ShieldSigil","champ:Circumvent+1","champ:FocusedDefense","champ:EnGarde+1","champ:ShieldWall","champ:ShieldSigil","champ:EnchantShield+1"],"relics":["champ:ChampionCrown","HornCleat","downfall:HeartBlessingRed","TungstenRod","Pocketwatch","SlaversCollar","downfall:HeartBlessingBlue","Orichalcum","champ:GladiatorsBookOfMartialProwess","downfall:HeartBlessingGreen","Centennial Puzzle","ClockworkSouvenir","Coffee Dripper"],"acts_visited":["Exordium","TheCity","TheBeyond"],"potions_floor_usage":[39],"damage_taken":[{"damage":12.0,"enemies":"Cultist","floor":2.0,"turns":5.0},{"damage":20.0,"enemies":"Small Slimes","floor":3.0,"turns":4.0},{"damage":2.0,"enemies":"Jaw Worm","floor":5.0,"turns":3.0},{"damage":5.0,"enemies":"Lots of Slimes","floor":6.0,"turns":3.0},{"damage":12.0,"enemies":"Exordium Wildlife","floor":9.0,"turns":4.0},{"damage":8.0,"enemies":"Gremlin Nob","floor":10.0,"turns":4.0},{"damage":28.0,"enemies":"downfall:Heads","floor":11.0,"turns":5.0},{"damage":8.0,"enemies":"Large Slime","floor":15.0,"turns":3.0},{"damage":16.0,"enemies":"downfall:Silent","floor":16.0,"turns":8.0},{"damage":4.0,"enemies":"Spheric Guardian","floor":19.0,"turns":3.0},{"damage":13.0,"enemies":"3 Byrds","floor":20.0,"turns":4.0},{"damage":4.0,"enemies":"Cultist and Chosen","floor":21.0,"turns":4.0},{"damage":4.0,"enemies":"Sentry and Sphere","floor":23.0,"turns":5.0},{"damage":5.0,"enemies":"Book of Stabbing","floor":27.0,"turns":5.0},{"damage":16.0,"enemies":"Slavers","floor":29.0,"turns":5.0},{"damage":4.0,"enemies":"downfall:FleeingMerchant","floor":30.0,"turns":4.0},{"damage":3.0,"enemies":"Shelled Parasite and Fungi","floor":31.0,"turns":3.0},{"damage":8.0,"enemies":"3 Cultists","floor":32.0,"turns":4.0},{"damage":1.0,"enemies":"downfall:Defect","floor":33.0,"turns":6.0},{"damage":12.0,"enemies":"3 Shapes","floor":36.0,"turns":6.0},{"damage":4,"enemies":"downfall:FleeingMerchant","floor":39,"turns":4},{"damage":89,"enemies":"Nemesis","floor":40,"turns":13}],"seed_played":"-4574169208973112989","potions_obtained":[{"floor":3.0,"key":"Fruit Juice"},{"floor":4.0,"key":"Regen Potion"},{"floor":4.0,"key":"hexamod:EctoCoolerPotion"},{"floor":4.0,"key":"Slimebound:ThreeZeroPotion"},{"floor":9.0,"key":"Regen Potion"},{"floor":20.0,"key":"Regen Potion"},{"floor":21.0,"key":"Swift Potion"},{"floor":23.0,"key":"Strength Potion"}],"is_trial":false,"path_per_floor":["R","M","M","?","M","M","T","R","M","E","?","?","R","T","M","B",null,"R","M","M","M","?","M","T","R","T","E","R","E","$","M","M","B",null,"R","M","?","?","$","E"],"character_chosen":"THE_CHAMP","items_purchased":["champ:ShieldWall","ClockworkSouvenir"],"campfire_rested":0,"item_purchase_floors":[30,30],"current_hp_per_floor":[81,79,69,74,72,72,72,72,65,57,53,53,53,53,50,49,84,84,80,72,68,68,64,64,74,74,69,69,53,54,51,43,57,93,93,81,81,49,50,0,0,0],"gold":68,"neow_bonus":"UPGRADE_CARD","is_daily":false,"chose_seed":false,"campfire_upgraded":6,"win_rate":0.0,"timestamp":1608609738,"path_taken":["R","M","M","?","M","?","T","R","M","E","?","?","R","?","M","BOSS","R","M","?","M","?","M","T","R","?","E","R","E","$","M","M","BOSS","R","M","?","?","$","E"],"items_purchased_type":["Card","Relic"],"build_version":"2020-12-13","purchased_purges":2,"victory":false,"max_hp_per_floor":[90,90,90,95,95,95,95,95,95,95,95,95,95,95,95,95,95,95,95,95,95,95,95,95,105,105,105,105,105,105,105,105,105,105,105,105,105,105,105,105,105,105],"relic_stats":{"Centennial Puzzle":[21],"counters":[22,105],"Orichalcum":[6],"obtain_stats":[{"downfall:HeartBlessingRed":8,"champ:ChampionCrown":0,"downfall:HeartBlessingGreen":28,"Orichalcum":26,"champ:GladiatorsBookOfMartialProwess":27,"ClockworkSouvenir":30,"SlaversCollar":17,"Centennial Puzzle":29,"HornCleat":7,"downfall:HeartBlessingBlue":25,"Coffee Dripper":34,"TungstenRod":10,"Pocketwatch":14},{"downfall:HeartBlessingRed":4,"champ:ChampionCrown":0,"downfall:HeartBlessingGreen":14,"Orichalcum":13,"champ:GladiatorsBookOfMartialProwess":14,"ClockworkSouvenir":16,"SlaversCollar":9,"Centennial Puzzle":15,"HornCleat":4,"downfall:HeartBlessingBlue":13,"Coffee Dripper":19,"TungstenRod":6,"Pocketwatch":7},{"downfall:HeartBlessingRed":15,"champ:ChampionCrown":0,"downfall:HeartBlessingGreen":60,"Orichalcum":55,"champ:GladiatorsBookOfMartialProwess":60,"ClockworkSouvenir":69,"SlaversCollar":39,"Centennial Puzzle":65,"HornCleat":15,"downfall:HeartBlessingBlue":55,"Coffee Dripper":82,"TungstenRod":23,"Pocketwatch":28}],"TungstenRod":52,"Pocketwatch":[97]},"card_choices":[{"not_picked":["champ:ShieldSigil","champ:Haymaker"],"picked":"champ:DefensiveStyle","floor":2.0},{"not_picked":["champ:SwordSigil","champ:CrookedStrike"],"picked":"champ:TornadoPunch","floor":3.0},{"not_picked":["champ:BerserkersShout","champ:FanOfKnives"],"picked":"champ:Lariat","floor":5.0},{"not_picked":["champ:RisingSlash","champ:FightOn","champ:BladeFlurry"],"picked":"SKIP","floor":6.0},{"not_picked":["champ:GutPunch","champ:Shatter","champ:EnragedBash"],"picked":"SKIP","floor":9.0},{"not_picked":["champ:MurderStrike","champ:FanOfKnives","champ:SwordSigil"],"picked":"SKIP","floor":10.0},{"not_picked":["champ:EndlessRage","champ:BladeFlurry"],"picked":"champ:DefensiveShout","floor":11.0},{"not_picked":["champ:DefensiveShout","champ:Lariat"],"picked":"champ:SkillfulDodge","floor":15.0},{"not_picked":["champ:FlashCut","champ:BerserkersShout"],"picked":"champ:ShieldSigil","floor":19.0},{"not_picked":["champ:StanceDance","champ:Haymaker","champ:TornadoPunch+1"],"picked":"SKIP","floor":20.0},{"not_picked":["champ:Backstep","champ:BerserkersShout"],"picked":"champ:Circumvent","floor":21.0},{"not_picked":["champ:ShieldSigil","champ:TornadoPunch"],"picked":"champ:FocusedDefense","floor":23.0},{"not_picked":["champ:ArenaPreparation","champ:MurderStrike"],"picked":"champ:EnGarde","floor":27.0},{"not_picked":["champ:FaceSlap","champ:GutPunch+1","champ:Encircle"],"picked":"SKIP","floor":29.0},{"not_picked":["champ:Lariat+1","champ:BerserkerStyle","champ:FlashCut"],"picked":"SKIP","floor":30.0},{"not_picked":["champ:BladeFlurry","champ:Aggression+1"],"picked":"champ:ShieldSigil","floor":31.0},{"not_picked":["champ:Riposte","champ:BerserkersShout+1","champ:AdrenalArmor"],"picked":"SKIP","floor":32.0},{"not_picked":["champ:ShieldSlam","champ:EnchantSword"],"picked":"champ:EnchantShield","floor":33.0},{"not_picked":["champ:RecklessLeap","champ:BerserkersShout+1","champ:StanceDance+1"],"picked":"SKIP","floor":36.0},{"not_picked":["champ:CrookedStrike","champ:TornadoPunch+1","champ:CrownThrow"],"picked":"SKIP","floor":39}],"player_experience":457336,"relics_obtained":[{"floor":7.0,"key":"HornCleat"},{"floor":10.0,"key":"TungstenRod"},{"floor":14.0,"key":"Pocketwatch"},{"floor":26.0,"key":"Orichalcum"},{"floor":27.0,"key":"champ:GladiatorsBookOfMartialProwess"},{"floor":29.0,"key":"Centennial Puzzle"}],"event_choices":[{"damage_healed":0.0,"max_hp_gain":0.0,"max_hp_loss":0.0,"gold_gain":0.0,"event_name":"Lab","player_choice":"Got Potions","floor":4.0,"gold_loss":0.0,"damage_taken":0.0},{"damage_healed":0.0,"max_hp_gain":0.0,"max_hp_loss":0.0,"gold_gain":0.0,"event_name":"Vampires","player_choice":"Ignored","floor":22.0,"gold_loss":0.0,"damage_taken":0.0},{"cards_removed":["champ:TornadoPunch"],"damage_healed":0.0,"max_hp_gain":0.0,"max_hp_loss":0.0,"gold_gain":0.0,"event_name":"Falling","player_choice":"Removed Attack","floor":37.0,"gold_loss":0.0,"damage_taken":0.0}],"is_beta":false,"boss_relics":[{"not_picked":["Calling Bell","Runic Dome"],"picked":"SlaversCollar"},{"not_picked":["Runic Pyramid","Cursed Key"],"picked":"Coffee Dripper"}],"items_purged_floors":[30,39],"is_endless":false,"potions_floor_spawned":[3,9,20,21,23,32],"killed_by":"Nemesis","ascension_level":7}}