{"host":"5ty8fyb0ngp9gspj","time":1608627246,"event":{"mods":["2.2 Compatiblity","AchievementEnabler","Act Like it!","BaseMod","Colored Map","Downfall","Minty Spire (QoL Compilation)","Rare Cards Sparkle","StSLib"],"gold_per_floor":[114,133,103,117,135,162,162,190,240,259,259,259,104,114,114,218,218,235,253,105,125,125,125],"floor_reached":22,"playtime":868,"items_purged":[],"score":253,"play_id":"020c865b-c176-417a-b6da-298873cf9e04","local_time":"20201222195406","is_ascension_mode":true,"campfire_choices":[{"data":"Infernal Blade","floor":7,"key":"SMITH"},{"floor":11,"key":"RECALL"},{"data":"Warcry","floor":15,"key":"SMITH"}],"circlet_count":0,"master_deck":["Strike_R","Strike_R","Strike_R","Strike_R","Defend_R","Defend_R","Bash","Clash","Pummel","Warcry+1","Body Slam","Clash","Carnage","Infernal Blade+1","Fire Breathing","Clash","Clash","Corruption","Headbutt+1","Evolve+1","Warcry"],"relics":["Black Blood","Nunchaku","Darkstone Periapt","Omamori","Medical Kit"],"acts_visited":["Exordium","TheCity"],"potions_floor_usage":[6,6,18,19,21],"damage_taken":[{"damage":6,"enemies":"Cultist","floor":1,"turns":3},{"damage":4,"enemies":"Jaw Worm","floor":2,"turns":3},{"damage":7,"enemies":"Small Slimes","floor":4,"turns":3},{"damage":4,"enemies":"3 Louse","floor":5,"turns":3},{"damage":20,"enemies":"3 Sentries","floor":6,"turns":8},{"damage":15,"enemies":"Gremlin Nob","floor":8,"turns":3},{"damage":2,"enemies":"Gremlin Gang","floor":10,"turns":3},{"damage":5,"enemies":"Lots of Slimes","floor":14,"turns":3},{"damage":44,"enemies":"Hexaghost","floor":16,"turns":6},{"damage":6,"enemies":"2 Thieves","floor":18,"turns":3},{"damage":25,"enemies":"Shell Parasite","floor":19,"turns":4},{"damage":48,"enemies":"Centurion and Healer","floor":21,"turns":4},{"damage":26,"enemies":"Shelled Parasite and Fungi","floor":22,"turns":2}],"seed_played":"-4233106575797399591","potions_obtained":[{"floor":2,"key":"hexamod:EctoCoolerPotion"},{"floor":3,"key":"CultistPotion"},{"floor":3,"key":"AttackPotion"},{"floor":10,"key":"SkillPotion"},{"floor":14,"key":"Strength Potion"},{"floor":18,"key":"Block Potion"},{"floor":19,"key":"SteroidPotion"},{"floor":21,"key":"EntropicBrew"}],"is_trial":false,"path_per_floor":["M","M","?","M","M","E","R","E","T","M","R","?","$","M","R","B",null,"M","M","$","M","M"],"character_chosen":"IRONCLAD","items_purchased":["Omamori","Medical Kit"],"campfire_rested":0,"item_purchase_floors":[13,20],"current_hp_per_floor":[72,72,72,71,72,58,58,49,49,53,53,53,53,54,54,16,72,72,59,59,23,0,0],"gold":125,"neow_bonus":"TRANSFORM_TWO_CARDS","is_daily":false,"chose_seed":false,"campfire_upgraded":2,"win_rate":0.0,"timestamp":1608627246,"path_taken":["M","?","?","?","M","E","R","E","T","M","R","?","$","?","R","BOSS","M","M","$","M","M"],"items_purchased_type":["Relic","Relic"],"build_version":"2020-12-13","purchased_purges":0,"victory":false,"max_hp_per_floor":[72,72,72,72,72,72,72,72,72,72,72,72,72,72,72,72,72,72,72,72,72,72,72],"card_choices":[{"not_picked":["Heavy Blade","Blood for Blood"],"picked":"Warcry","floor":1},{"not_picked":["Entrench","Havoc"],"picked":"Body Slam","floor":2},{"not_picked":["Wild Strike","Uppercut"],"picked":"Clash","floor":4},{"not_picked":["Body Slam","Perfected Strike"],"picked":"Carnage","floor":5},{"not_picked":["Carnage","Entrench"],"picked":"Infernal Blade","floor":6},{"not_picked":["Berserk","Heavy Blade"],"picked":"Fire Breathing","floor":8},{"not_picked":["Perfected Strike","Flex"],"picked":"Clash","floor":10},{"not_picked":["Spot Weakness","Inflame"],"picked":"Clash","floor":14},{"not_picked":["Impervious","Limit Break"],"picked":"Corruption","floor":16},{"not_picked":["Power Through+1","Cleave"],"picked":"Headbutt+1","floor":18},{"not_picked":["Pummel","Seeing Red+1"],"picked":"Evolve+1","floor":19},{"not_picked":["Fire Breathing+1","Carnage+1"],"picked":"Warcry","floor":21}],"player_experience":317732,"relics_obtained":[{"floor":6,"key":"Nunchaku"},{"floor":8,"key":"Darkstone Periapt"}],"event_choices":[{"damage_healed":0,"gold_gain":0,"player_choice":"Bought 2 Potions","damage_taken":0,"max_hp_gain":0,"max_hp_loss":0,"event_name":"The Woman in Blue","floor":3,"gold_loss":0},{"cards_removed":["Defend_R"],"damage_healed":0,"gold_gain":0,"player_choice":"Purged","damage_taken":0,"max_hp_gain":0,"max_hp_loss":0,"event_name":"Purifier","floor":12,"gold_loss":0}],"is_beta":false,"boss_relics":[{"not_picked":["Runic Dome","Black Star"],"picked":"Black Blood"}],"items_purged_floors":[],"is_endless":false,"potions_floor_spawned":[2,5,10,14,18,19,21],"killed_by":"Shelled Parasite and Fungi","ascension_level":3}}