{"host":"sdjng9zhqonqi3uc","time":1608658485,"event":{"mods":["2.2 Compatiblity","AchievementEnabler","BaseMod","BetterRewards","Colored Powertips","Hero for Fun","Minty Spire (QoL Compilation)","StSLib","Td1madao Mod"],"gold_per_floor":[115,115,161,183,192,226,245,271,271,15,44,62,83,126,126,126,126],"floor_reached":16,"playtime":894,"items_purged":[],"score":114,"play_id":"00363b62-7493-4b81-bc15-b7260510bf29","local_time":"20201222183445","is_ascension_mode":false,"campfire_choices":[{"floor":15,"key":"REST"}],"circlet_count":0,"master_deck":["Strike_C","Strike_C","Defend_C","Defend_C","Defend_C","Knight Kick","Chip","Cooling Song","Black Execution","Awareness","Memory Alloy","Thunder Jump","Winding Magic","Lunge","De Ware Chip","Sudden Beat"],"relics":["Apod","CeramicFish","Bottled Flame","White Beast Statue","Bottled Tornado","Matryoshka"],"acts_visited":["Exordium"],"potions_floor_usage":[7,8,14,14,16,16],"damage_taken":[{"damage":1,"enemies":"Small Slimes","floor":1,"turns":3},{"damage":0,"enemies":"Jaw Worm","floor":4,"turns":5},{"damage":25,"enemies":"Gremlin Nob","floor":6,"turns":5},{"damage":1,"enemies":"Cultist","floor":7,"turns":5},{"damage":6,"enemies":"Looter","floor":8,"turns":3},{"damage":14,"enemies":"3 Louse","floor":11,"turns":3},{"damage":4,"enemies":"2 Fungi Beasts","floor":12,"turns":4},{"damage":3,"enemies":"Blue Slaver","floor":13,"turns":3},{"damage":32,"enemies":"3 Sentries","floor":14,"turns":5},{"damage":28,"enemies":"The Guardian","floor":16,"turns":2}],"seed_played":"-4776552697256761354","potions_obtained":[{"floor":1,"key":"Regen Potion"},{"floor":4,"key":"LiquidBronze"},{"floor":6,"key":"ColorlessPotion"},{"floor":7,"key":"LiquidBronze"},{"floor":11,"key":"Dexterity Potion"},{"floor":13,"key":"Fire Potion"},{"floor":14,"key":"Dexterity Potion"}],"is_trial":false,"path_per_floor":["M","?","T","M","?","E","M","M","T","$","M","M","M","E","R","B"],"character_chosen":"TD1MADAO_CLASS","items_purchased":["Bottled Tornado"],"campfire_rested":1,"item_purchase_floors":[10],"current_hp_per_floor":[69,69,69,69,69,47,60,55,55,55,42,40,37,7,28,0,0],"gold":126,"neow_bonus":"REMOVE_CARD","is_daily":false,"chose_seed":false,"campfire_upgraded":0,"win_rate":0.0,"timestamp":1608658485,"path_taken":["M","?","?","M","?","E","M","M","T","$","?","M","M","E","R","BOSS"],"items_purchased_type":["Relic"],"build_version":"2020-12-13","purchased_purges":0,"victory":false,"max_hp_per_floor":[70,70,70,70,70,70,70,70,70,70,70,70,70,70,70,70,70],"card_choices":[{"not_picked":["Lunge","Reflection Mechanism"],"picked":"Cooling Song","floor":1},{"not_picked":["Fixing","Energy Supply"],"picked":"Black Execution","floor":4},{"not_picked":["Overclocking","Pod Fire"],"picked":"Memory Alloy","floor":6},{"not_picked":["Cursed Blade","Fixing"],"picked":"Thunder Jump","floor":7},{"not_picked":["Light Attack","Reflection Mechanism"],"picked":"Winding Magic","floor":8},{"not_picked":["Twin Teeth","Floating Swing Kick"],"picked":"Lunge","floor":11},{"not_picked":["Provocative","Oblique Hack","Resistance"],"picked":"SKIP","floor":12},{"not_picked":["Fire Blade","Resistance"],"picked":"De Ware Chip","floor":13},{"not_picked":["Energy Supply","Black Spear"],"picked":"Sudden Beat","floor":14}],"player_experience":205999,"relics_obtained":[{"floor":3,"key":"CeramicFish"},{"floor":6,"key":"Bottled Flame"},{"floor":9,"key":"White Beast Statue"},{"floor":14,"key":"Matryoshka"}],"event_choices":[{"cards_removed":["Strike_C"],"damage_healed":0,"gold_gain":0,"player_choice":"Forget","damage_taken":0,"max_hp_gain":0,"max_hp_loss":0,"event_name":"Living Wall","floor":2,"gold_loss":0},{"damage_healed":0,"gold_gain":0,"cards_transformed":["Strike_C"],"player_choice":"Transformed","damage_taken":0,"max_hp_gain":0,"max_hp_loss":0,"event_name":"Transmorgrifier","floor":5,"gold_loss":0,"cards_obtained":["Awareness"]}],"is_beta":false,"boss_relics":[],"items_purged_floors":[],"is_endless":false,"potions_floor_spawned":[1,4,6,7,11,12,13,14],"killed_by":"The Guardian","ascension_level":0}}