{"host":"9iosvng142x134hb","time":1608600461,"event":{"mods":["AchievementEnabler","Act Like it!","BaseMod","Colored Powertips","Downfall","Force Act Four","Googly Eyes","Minty Spire (QoL Compilation)","Relic Stats","StSLib"],"gold_per_floor":[99,111,140,140,140,2,2,2,16,16,26,42,60,45,59,160,210,210,228,228,246,246,246,246],"floor_reached":22,"playtime":1601,"items_purged":[],"score":186,"play_id":"c6ab79b6-915d-4705-be83-5840d5ac28da","local_time":"20201221202741","is_ascension_mode":false,"campfire_choices":[{"data":"expansioncontent:StudyTheSpire","floor":1.0,"key":"SMITH"},{"data":"Guardian:SpikerProtocol","floor":5.0,"key":"SMITH"},{"floor":10.0,"key":"REST"},{"data":"Guardian:ArmoredProtocol","floor":18.0,"key":"SMITH"},{"data":"Guardian:CurlUp","floor":20.0,"key":"SMITH"}],"circlet_count":0,"master_deck":["Guardian:Strike_Guardian","Guardian:Strike_Guardian+1","Guardian:Strike_Guardian","Guardian:Strike_Guardian","Guardian:Defend_Guardian","Guardian:Defend_Guardian+1","Guardian:Defend_Guardian","Guardian:Defend_Guardian","Guardian:CurlUp+1","Guardian:TwinSlam+1","expansioncontent:StudyTheSpire+1","Guardian:SpikerProtocol+1","Regret","Guardian:ArmoredProtocol+1","Guardian:RollAttack","Guardian:ExploitGems+1","Guardian:RollAttack","Guardian:Planning","Guardian:Gem_White"],"relics":["Guardian:ModeShifter","Smiling Mask","Bag of Marbles","Tiny House"],"acts_visited":[],"potions_floor_usage":[],"damage_taken":[{"damage":0.0,"enemies":"Jaw Worm","floor":2.0,"turns":4.0},{"damage":13.0,"enemies":"3 Sentries","floor":3.0,"turns":10.0},{"damage":7.0,"enemies":"downfall:FleeingMerchant","floor":6.0,"turns":4.0},{"damage":1.0,"enemies":"Cultist","floor":9.0,"turns":3.0},{"damage":5.0,"enemies":"2 Louse","floor":11.0,"turns":3.0},{"damage":4.0,"enemies":"Large Slime","floor":12.0,"turns":5.0},{"damage":0.0,"enemies":"Blue Slaver","floor":13.0,"turns":3.0},{"damage":5.0,"enemies":"downfall:FleeingMerchant","floor":14.0,"turns":4.0},{"damage":0.0,"enemies":"Red Slaver","floor":15.0,"turns":2.0},{"damage":17.0,"enemies":"downfall:CharBossSilent","floor":16.0,"turns":8.0},{"damage":9.0,"enemies":"Shell Parasite","floor":19.0,"turns":6.0},{"damage":3.0,"enemies":"Chosen","floor":21.0,"turns":4.0}],"seed_played":"4532329344128118583","potions_obtained":[{"floor":2.0,"key":"hexamod:EctoCoolerPotion"},{"floor":11.0,"key":"sneckomod:MuddlingPotion"},{"floor":13.0,"key":"Ancient Potion"},{"floor":15.0,"key":"Fire Potion"},{"floor":16.0,"key":"SpeedPotion"},{"floor":17.0,"key":"EssenceOfSteel"}],"is_trial":false,"path_per_floor":["R","M","E","?","R","$","T","?","M","R","M","M","M","$","M","B",null,"R","M","R","M","?"],"character_chosen":"GUARDIAN","items_purchased":["Guardian:ArmoredProtocol","Guardian:Gem_Cyan"],"campfire_rested":1,"item_purchase_floors":[6,6],"current_hp_per_floor":[72,72,59,59,59,52,52,52,51,72,67,63,63,58,58,41,77,77,68,68,65,65,65,65],"gold":246,"neow_bonus":"RANDOM_COLORLESS_2","is_daily":false,"chose_seed":false,"campfire_upgraded":4,"win_rate":0.0,"timestamp":1608600461,"path_taken":["R","M","E","?","R","$","T","?","M","R","M","M","M","$","M","BOSS","R","M","R","?","?"],"items_purchased_type":["Card","Card"],"build_version":"2020-12-13","purchased_purges":0,"victory":false,"max_hp_per_floor":[72,72,72,72,72,72,72,72,72,72,72,72,72,72,72,72,77,77,77,77,77,77,77,77],"relic_stats":{"counters":[35,163],"Smiling Mask":0,"obtain_stats":[{"Tiny House":17,"Guardian:ModeShifter":0,"Bag of Marbles":7,"Smiling Mask":3},{"Tiny House":33,"Guardian:ModeShifter":0,"Bag of Marbles":26,"Smiling Mask":25},{"Tiny House":153,"Guardian:ModeShifter":0,"Bag of Marbles":125,"Smiling Mask":121}]},"card_choices":[{"not_picked":["Chrysalis","Violence"],"picked":"expansioncontent:StudyTheSpire","floor":0.0},{"not_picked":["Guardian:TemporalStrike","Guardian:Orbwalk"],"picked":"Guardian:Gem_Green","floor":2.0},{"not_picked":["Guardian:Gem_Blue","Guardian:ChargeUp"],"picked":"Guardian:SpikerProtocol","floor":3.0},{"not_picked":["Guardian:Planning","Guardian:Orbwalk"],"picked":"Guardian:RollAttack","floor":9.0},{"not_picked":["Guardian:PiercingHide","Guardian:WalkerClaw"],"picked":"Guardian:Gem_Red","floor":11.0},{"not_picked":["Guardian:SphericShield","Guardian:Recover"],"picked":"Guardian:Gem_Red","floor":12.0},{"not_picked":["Guardian:ChargeCore","Guardian:TemporalStrike"],"picked":"Guardian:Gem_Fragmented","floor":13.0},{"not_picked":["Guardian:Gem_Fragmented","Guardian:VentSteam"],"picked":"Guardian:Gem_Purple","floor":15.0},{"not_picked":["Guardian:Gem_Orange","Guardian:StasisStrike"],"picked":"Guardian:ExploitGems","floor":16.0},{"not_picked":["Guardian:PolyBeam","Guardian:SpikerProtocol"],"picked":"Guardian:RollAttack","floor":17.0},{"not_picked":["Guardian:Emergency","Guardian:Recover+1"],"picked":"Guardian:Planning","floor":19.0},{"not_picked":["Guardian:SpikerProtocol","Guardian:Harden"],"picked":"Guardian:Gem_White","floor":21.0}],"player_experience":452015,"relics_obtained":[{"floor":3.0,"key":"Smiling Mask"},{"floor":7.0,"key":"Bag of Marbles"}],"event_choices":[],"is_beta":false,"boss_relics":[{"not_picked":["Busted Crown","Ectoplasm"],"picked":"Tiny House"}],"items_purged_floors":[],"is_endless":false,"potions_floor_spawned":[2,11,13,15,16],"ascension_level":0}}