{"host":"cd9ii0p4lcq6b7m2","time":1608669565,"event":{"mods":["BaseMod","Block Reminder","Colored Map","Highlight Path","Minty Spire (QoL Compilation)"],"gold_per_floor":[116,116,133,149,168,180,207,232,232,232,232,248,27,45,45,45,45],"floor_reached":16,"playtime":1540,"items_purged":["Defend_P"],"score":104,"play_id":"726b87f6-a0e8-42b4-96e7-21031d7584f2","local_time":"20201222203925","is_ascension_mode":false,"campfire_choices":[{"floor":11,"key":"REST"},{"floor":15,"key":"REST"}],"circlet_count":0,"master_deck":["Strike_P","Strike_P","Strike_P","Strike_P","Defend_P","Defend_P","Defend_P","Eruption","Vigilance","EmptyFist","Decay","Prostrate","Perseverance","EmptyMind","CrushJoints","Tantrum","Evaluate","Pray","SandsOfTime"],"relics":["PureWater","Dream Catcher","Vajra","Blue Candle","Blood Vial","Membership Card"],"acts_visited":["Exordium"],"potions_floor_usage":[8,12,14,16],"damage_taken":[{"damage":4,"enemies":"Cultist","floor":1,"turns":4},{"damage":3,"enemies":"2 Louse","floor":3,"turns":3},{"damage":0,"enemies":"Small Slimes","floor":4,"turns":2},{"damage":17,"enemies":"Exordium Thugs","floor":5,"turns":5},{"damage":6,"enemies":"Exordium Wildlife","floor":6,"turns":3},{"damage":42,"enemies":"3 Sentries","floor":8,"turns":11},{"damage":7,"enemies":"Red Slaver","floor":12,"turns":3},{"damage":1,"enemies":"Large Slime","floor":14,"turns":2},{"damage":58,"enemies":"The Guardian","floor":16,"turns":7}],"seed_played":"-767320512312937312","potions_obtained":[{"floor":5,"key":"GamblersBrew"},{"floor":6,"key":"SpeedPotion"},{"floor":8,"key":"ColorlessPotion"},{"floor":12,"key":"Regen Potion"},{"floor":14,"key":"AttackPotion"}],"is_trial":false,"path_per_floor":["M","?","M","M","M","M","T","E","T","?","R","M","$","M","R","B"],"character_chosen":"WATCHER","items_purchased":["Membership Card","Pray"],"campfire_rested":2,"item_purchase_floors":[13,13],"current_hp_per_floor":[75,75,72,72,55,49,49,7,7,7,30,25,25,31,54,0,0],"gold":45,"neow_bonus":"TEN_PERCENT_HP_BONUS","is_daily":false,"chose_seed":false,"campfire_upgraded":0,"win_rate":0.0,"timestamp":1608669565,"path_taken":["M","?","M","?","M","M","?","E","T","?","R","?","$","?","R","BOSS"],"items_purchased_type":["Relic","Card"],"build_version":"2020-12-13","purchased_purges":1,"victory":false,"max_hp_per_floor":[79,79,79,79,79,79,79,79,79,79,79,79,79,79,79,79,79],"card_choices":[{"not_picked":["ClearTheMind","Evaluate"],"picked":"EmptyFist","floor":1},{"not_picked":["FlurryOfBlows","Omniscience"],"picked":"Prostrate","floor":3},{"not_picked":["Evaluate","EmptyBody"],"picked":"Perseverance","floor":4},{"not_picked":["BowlingBash","Nirvana"],"picked":"EmptyMind","floor":5},{"not_picked":["Evaluate","ThirdEye"],"picked":"CrushJoints","floor":6},{"not_picked":["PathToVictory","Worship"],"picked":"Tantrum","floor":8},{"not_picked":["MasterReality","FlyingSleeves"],"picked":"Evaluate","floor":12},{"not_picked":["Swivel","WheelKick"],"picked":"SandsOfTime","floor":14}],"player_experience":138244,"relics_obtained":[{"floor":7,"key":"Dream Catcher"},{"floor":8,"key":"Vajra"},{"floor":9,"key":"Blue Candle"}],"event_choices":[{"damage_healed":0,"gold_gain":0,"player_choice":"Cursed","damage_taken":0,"max_hp_gain":0,"max_hp_loss":0,"event_name":"Wheel of Change","floor":2,"gold_loss":0,"cards_obtained":["Decay"]},{"damage_healed":0,"gold_gain":0,"player_choice":"Gave Potion","damage_taken":0,"relics_obtained":["Blood Vial"],"max_hp_gain":0,"max_hp_loss":0,"event_name":"WeMeetAgain","floor":10,"gold_loss":0}],"is_beta":false,"boss_relics":[],"items_purged_floors":[13],"is_endless":false,"potions_floor_spawned":[5,6,8,12,14],"killed_by":"The Guardian","ascension_level":0}}