{"host":"jwbw4f4imxd0v0b0","time":1608625956,"event":{"mods":["BaseMod","Colored Map","Highlight Path","Minty Spire (QoL Compilation)","Relic Stats","StSLib"],"gold_per_floor":[110,110,123,137,175,208,208,223,223,223,298,314,348,368,368,440,740,752,149,39,58,78,108,124,124,170,182,182],"floor_reached":27,"playtime":1274,"items_purged":["Pain"],"score":482,"play_id":"34efd361-dc1a-462b-ba63-90645ca71ee4","local_time":"20201222023236","is_ascension_mode":true,"campfire_choices":[{"data":"Combust","floor":7.0,"key":"SMITH"},{"data":"Flame Barrier","floor":10.0,"key":"SMITH"},{"floor":15.0,"key":"REST"}],"circlet_count":0,"master_deck":["AscendersBane","Strike_R","Strike_R","Strike_R","Strike_R","Defend_R","Defend_R+1","Defend_R","Defend_R","Bash+1","Wild Strike","Combust+1","Anger","Havoc","Inflame","Flame Barrier+1","Armaments","Clothesline","Disarm","Limit Break","CurseOfTheBell","Spot Weakness","Evolve","Spot Weakness","Limit Break","Sword Boomerang+1","Warcry+1","Battle Trance"],"relics":["Burning Blood","WarpedTongs","Oddly Smooth Stone","Bottled Tornado","Gremlin Horn","Calling Bell","Dream Catcher","Matryoshka","Old Coin","Vajra","Happy Flower","Strawberry","MawBank"],"acts_visited":["Exordium","TheCity"],"potions_floor_usage":[23],"damage_taken":[{"damage":1.0,"enemies":"Cultist","floor":1.0,"turns":3.0},{"damage":1.0,"enemies":"2 Louse","floor":3.0,"turns":3.0},{"damage":4.0,"enemies":"Jaw Worm","floor":4.0,"turns":2.0},{"damage":8.0,"enemies":"Lots of Slimes","floor":5.0,"turns":3.0},{"damage":14.0,"enemies":"Gremlin Nob","floor":6.0,"turns":3.0},{"damage":13.0,"enemies":"Large Slime","floor":8.0,"turns":6.0},{"damage":14.0,"enemies":"Blue Slaver","floor":12.0,"turns":3.0},{"damage":26.0,"enemies":"Lagavulin","floor":13.0,"turns":6.0},{"damage":8.0,"enemies":"Exordium Thugs","floor":14.0,"turns":2.0},{"damage":37.0,"enemies":"Slime Boss","floor":16.0,"turns":6.0},{"damage":3.0,"enemies":"3 Byrds","floor":18.0,"turns":4.0},{"damage":7.0,"enemies":"Spheric Guardian","floor":21.0,"turns":3.0},{"damage":24.0,"enemies":"Snake Plant","floor":22.0,"turns":4.0},{"damage":20,"enemies":"Book of Stabbing","floor":23,"turns":5},{"damage":22,"enemies":"Cultist and Chosen","floor":24,"turns":5},{"damage":21,"enemies":"Slavers","floor":27,"turns":1}],"seed_played":"9185883356241257857","potions_obtained":[{"floor":1.0,"key":"ColorlessPotion"},{"floor":5.0,"key":"Swift Potion"},{"floor":8.0,"key":"Energy Potion"},{"floor":12.0,"key":"EssenceOfSteel"},{"floor":18.0,"key":"Ancient Potion"},{"floor":22.0,"key":"HeartOfIron"}],"is_trial":false,"path_per_floor":["M","?","M","M","M","E","R","M","T","R","?","M","E","M","R","B",null,"M","$","?","M","M","E","M","?","T","E"],"character_chosen":"IRONCLAD","items_purchased":["Vajra","DistilledChaos","Evolve","Spot Weakness","Limit Break"],"campfire_rested":1,"item_purchase_floors":[19,19,19,19,19],"current_hp_per_floor":[73,73,75,75,73,65,65,58,58,58,47,39,19,17,39,8,58,61,61,61,60,42,28,12,12,19,0,0],"gold":182,"neow_bonus":"UPGRADE_CARD","is_daily":false,"chose_seed":false,"campfire_upgraded":2,"win_rate":0.0,"timestamp":1608625956,"path_taken":["M","?","?","M","?","E","R","M","T","R","?","M","E","M","R","BOSS","M","$","?","?","M","E","M","?","T","E"],"items_purchased_type":["Relic","Potion","Card","Card","Card"],"build_version":"2020-12-13","purchased_purges":1,"victory":false,"max_hp_per_floor":[75,75,75,75,75,75,75,75,75,75,75,75,75,75,75,75,75,75,75,75,75,75,75,75,75,82,82,82],"relic_stats":{"Dream Catcher":0,"Gremlin Horn":[5,5],"Happy Flower":[2],"counters":[16,59],"MawBank":12,"obtain_stats":[{"Gremlin Horn":13,"Happy Flower":23,"Oddly Smooth Stone":6,"Vajra":19,"Bottled Tornado":9,"MawBank":26,"Burning Blood":0,"WarpedTongs":2,"Old Coin":17,"Calling Bell":17,"Dream Catcher":17,"Matryoshka":17,"Strawberry":26},{"Gremlin Horn":8,"Happy Flower":14,"Oddly Smooth Stone":5,"Vajra":11,"Bottled Tornado":6,"MawBank":15,"Burning Blood":0,"WarpedTongs":1,"Old Coin":10,"Calling Bell":10,"Dream Catcher":10,"Matryoshka":10,"Strawberry":15},{"Gremlin Horn":29,"Happy Flower":53,"Oddly Smooth Stone":14,"Vajra":41,"Bottled Tornado":20,"MawBank":58,"Burning Blood":0,"WarpedTongs":3,"Old Coin":37,"Calling Bell":37,"Dream Catcher":37,"Matryoshka":37,"Strawberry":58}],"Burning Blood":85,"WarpedTongs":[56]},"card_choices":[{"not_picked":["Shrug It Off","Iron Wave"],"picked":"Wild Strike","floor":1.0},{"not_picked":["Headbutt","Clothesline"],"picked":"Combust","floor":3.0},{"not_picked":["Dropkick","Burning Pact"],"picked":"Anger","floor":4.0},{"not_picked":["Infernal Blade","Twin Strike"],"picked":"Havoc","floor":5.0},{"not_picked":["Flex","Brutality"],"picked":"Inflame","floor":6.0},{"not_picked":["Clothesline","Twin Strike"],"picked":"Flame Barrier","floor":8.0},{"not_picked":["Warcry","Clash"],"picked":"Armaments","floor":12.0},{"not_picked":["Warcry","Rampage"],"picked":"Clothesline","floor":13.0},{"not_picked":["Searing Blow","Rage"],"picked":"Disarm","floor":14.0},{"not_picked":["Reaper","Feed"],"picked":"Limit Break","floor":16.0},{"not_picked":["Flex","Headbutt"],"picked":"Spot Weakness","floor":18.0},{"not_picked":["Shrug It Off","Fire Breathing"],"picked":"Sword Boomerang+1","floor":21.0},{"not_picked":["Carnage","Thunderclap"],"picked":"Warcry+1","floor":22.0},{"not_picked":["Thunderclap","Body Slam","Rampage"],"picked":"SKIP","floor":23},{"not_picked":["Body Slam","Thunderclap+1"],"picked":"Battle Trance","floor":24}],"player_experience":951501,"relics_obtained":[{"floor":6.0,"key":"Oddly Smooth Stone"},{"floor":9.0,"key":"Bottled Tornado"},{"floor":13.0,"key":"Gremlin Horn"},{"floor":17.0,"key":"Dream Catcher"},{"floor":17.0,"key":"Matryoshka"},{"floor":17.0,"key":"Old Coin"},{"floor":23,"key":"Happy Flower"},{"floor":26,"key":"Strawberry"},{"floor":26,"key":"MawBank"}],"event_choices":[{"damage_healed":0.0,"max_hp_gain":0.0,"max_hp_loss":0.0,"gold_gain":0.0,"event_name":"Accursed Blacksmith","player_choice":"Rummage","floor":2.0,"gold_loss":0.0,"damage_taken":0.0,"relics_obtained":["WarpedTongs"],"cards_obtained":["Pain"]},{"damage_healed":0.0,"max_hp_gain":0.0,"max_hp_loss":0.0,"gold_gain":75.0,"event_name":"World of Goop","player_choice":"Gather Gold","floor":11.0,"gold_loss":0.0,"damage_taken":11.0},{"cards_removed":["Strike_R"],"damage_healed":0.0,"max_hp_gain":0.0,"max_hp_loss":0.0,"gold_gain":0.0,"event_name":"Designer","player_choice":"Upgrade and Remove","floor":20.0,"gold_loss":110.0,"damage_taken":0.0,"cards_upgraded":["Defend_R"]},{"damage_healed":0,"gold_gain":0,"player_choice":"Ignored","damage_taken":0,"max_hp_gain":0,"max_hp_loss":0,"event_name":"The Mausoleum","floor":25,"gold_loss":0}],"is_beta":false,"boss_relics":[{"not_picked":["Tiny House","Black Blood"],"picked":"Calling Bell"}],"items_purged_floors":[19],"is_endless":false,"potions_floor_spawned":[1,5,8,12,18,22],"killed_by":"Slavers","ascension_level":19}}