{"host":"npubv26u89aif4fa","time":1608600860,"event":{"mods":["Astrologer","BaseMod","Better Vampires","Colored Powertips","GifTheSpireLib","GungeonMod","HornydragonMod","Hubris","Jedi Mod","Minty Spire (QoL Compilation)","Nova Terra(诺娃・泰拉)","Quick Restart","Remilia（蕾米莉亚）","Replay The Spire","StSLib","Td1madao Mod","The Administrix","The Alterego","The Bug Knight","The Cursed","The Dragon Tamer","The Hayseed","The Runesmith","TheWitcher","Yuri Mod","Yuyuko","【东方二次创作】八云紫mod"],"gold_per_floor":[365,380,6,16,30,63,33,46,98,114,114,114,114,128,128,227,227,227,227],"floor_reached":18,"playtime":2909,"items_purged":["Strike_P"],"score":189,"play_id":"22f4a88b-5bf1-44ee-bd06-c49dc6cb26df","local_time":"20201222093420","is_ascension_mode":false,"campfire_choices":[{"floor":12.0,"key":"RECALL"},{"data":"Ghostdom Sakura","floor":15.0,"key":"SMITH"}],"circlet_count":0,"master_deck":["Fantasy Butterflies","Fantasy Butterflies","Fantasy Butterflies","Fantasy Butterflies","Fantasy Butterflies","Dreamy Sakura","Dreamy Sakura","Dreamy Sakura","Dreamy Sakura","Dreamy Sakura","Deathly Ground","Faramita\u0027s Temptation+1","HollowMod:QuickDashStart","The Inky Sakura","Fondling of Papilio","Song of Papilio","Ghostdom Sakura+1","Revive The Butterflies"],"relics":["Coronal","Yuyuko\u0027s fan","Chemical X","Mercury Hourglass","hubris:Towel","Ring of Chaos"],"acts_visited":["Exordium","TheCity"],"potions_floor_usage":[],"damage_taken":[{"damage":28.0,"enemies":"Cultist","floor":1.0,"turns":6.0},{"damage":18.0,"enemies":"Jaw Worm","floor":2.0,"turns":5.0},{"damage":14.0,"enemies":"2 Louse","floor":4.0,"turns":3.0},{"damage":33.0,"enemies":"Exordium Wildlife","floor":5.0,"turns":5.0},{"damage":68.0,"enemies":"HollowMod:MossKnight","floor":6.0,"turns":13.0},{"damage":20.0,"enemies":"Looter","floor":7.0,"turns":4.0},{"damage":23.0,"enemies":"2 Fungi Beasts","floor":8.0,"turns":4.0},{"damage":17.0,"enemies":"Large Slime","floor":10.0,"turns":5.0},{"damage":34.0,"enemies":"Exordium Thugs","floor":14.0,"turns":4.0},{"damage":92.0,"enemies":"The Guardian","floor":16.0,"turns":11.0},{"damage":0,"enemies":"Chosen","floor":18,"turns":1}],"seed_played":"4898107105833003571","potions_obtained":[{"floor":1.0,"key":"Fire Potion"},{"floor":5.0,"key":"Dexterity Potion"},{"floor":6.0,"key":"LiquidBronze"},{"floor":8.0,"key":"Fire Potion"},{"floor":14.0,"key":"Block Potion"}],"is_trial":false,"path_per_floor":["M","M","$","M","M","E","M","M","T","M","?","R","?","M","R","B",null,"M"],"character_chosen":"YUYOKO","items_purchased":["Chemical X","The Inky Sakura"],"campfire_rested":0,"item_purchase_floors":[3,3],"current_hp_per_floor":[25,35,35,26,29,12,18,22,22,24,24,24,24,14,14,1,40,40,40],"gold":227,"neow_bonus":"TWO_FIFTY_GOLD","is_daily":false,"chose_seed":false,"campfire_upgraded":1,"win_rate":0.0,"timestamp":1608600860,"path_taken":["M","M","$","M","M","E","M","M","T","M","?","R","?","M","R","BOSS","M"],"items_purchased_type":["Relic","Card"],"build_version":"2020-12-13","purchased_purges":1,"victory":false,"max_hp_per_floor":[40,40,40,40,40,40,40,40,40,40,40,40,40,40,40,40,40,40,40],"card_choices":[{"not_picked":["Gather the Spring","Unborn Light","Ghostdom Sakura"],"picked":"SKIP","floor":1.0},{"not_picked":["Monster Cherry Tree","End of Faramita","Phantom Village"],"picked":"SKIP","floor":2.0},{"not_picked":["The Forgotten Winter","Gather the Spring","Reverse The Screen"],"picked":"SKIP","floor":4.0},{"not_picked":["Phantom Village","Reunion after Death","Butterflies in Dream"],"picked":"SKIP","floor":5.0},{"not_picked":["Dark Wind","The Forgotten Winter","Phantom Butterflies"],"picked":"SKIP","floor":6.0},{"not_picked":["Butterflies in Dream","Full Moon"],"picked":"Fondling of Papilio","floor":7.0},{"not_picked":["Redemption of Death","Suicide"],"picked":"Song of Papilio","floor":8.0},{"not_picked":["Dark Wind","Stifle"],"picked":"Ghostdom Sakura","floor":10.0},{"not_picked":["Full Moon","Gone","Triple Snow"],"picked":"SKIP","floor":14.0},{"not_picked":["Reunion after Death","Mirror of Mind"],"picked":"Revive The Butterflies","floor":16.0}],"player_experience":130743,"relics_obtained":[{"floor":6.0,"key":"Mercury Hourglass"}],"event_choices":[{"damage_healed":0.0,"max_hp_gain":0.0,"max_hp_loss":0.0,"gold_gain":0.0,"event_name":"Living Wall","player_choice":"Grow","floor":11.0,"gold_loss":0.0,"damage_taken":0.0,"cards_upgraded":["Faramita\u0027s Temptation"]}],"is_beta":false,"boss_relics":[{"not_picked":["Honey Jar","Empty Cage"],"picked":"Ring of Chaos"}],"items_purged_floors":[3],"is_endless":false,"potions_floor_spawned":[1,5,6,8,14],"killed_by":"Chosen","ascension_level":0}}