{"host":"28p8ce41sjwa6lzf","time":1608656028,"event":{"mods":["BaseMod","Colored Map","Colored Powertips","Highlight Path","Minty Spire (QoL Compilation)","Permanent Neow","Quick Restart","Random Character Button","Rare Cards Sparkle","Relic Stats","StSLib","Unceasing Turn Reminder"],"gold_per_floor":[116,133,152,152,152,152,187,187,187,214,224,251,251,265,265,338,338,355,355,374,374,386,386,413,430,430,430,430],"floor_reached":27,"playtime":794,"items_purged":[],"score":506,"play_id":"e6826c31-9528-4715-b829-662484b060cd","local_time":"20201222105348","is_ascension_mode":true,"campfire_choices":[{"data":"Bash","floor":6.0,"key":"SMITH"},{"data":"Sword Boomerang","floor":8.0,"key":"SMITH"},{"data":"Evolve","floor":13.0,"key":"SMITH"},{"floor":15.0,"key":"REST"},{"floor":23.0,"key":"REST"}],"circlet_count":0,"master_deck":["AscendersBane","Strike_R","Strike_R","Strike_R","Strike_R","Defend_R","Defend_R","Defend_R","Defend_R","Bash+1","Heavy Blade","Whirlwind+1","Sword Boomerang+1","Spot Weakness+1","Battle Trance","Evolve+1","Flex","Immolate","Uppercut","Limit Break","Burning Pact","Double Tap","Disarm","Shockwave"],"relics":["Burning Blood","Ornamental Fan","White Beast Statue","Bottled Lightning","Paper Frog","Sozu","Torii"],"acts_visited":["Exordium","TheCity"],"potions_floor_usage":[],"damage_taken":[{"damage":4.0,"enemies":"Small Slimes","floor":1.0,"turns":3.0},{"damage":11.0,"enemies":"Jaw Worm","floor":2.0,"turns":4.0},{"damage":7.0,"enemies":"Cultist","floor":3.0,"turns":4.0},{"damage":25.0,"enemies":"Lagavulin","floor":7.0,"turns":4.0},{"damage":11.0,"enemies":"Gremlin Nob","floor":10.0,"turns":3.0},{"damage":0.0,"enemies":"3 Louse","floor":11.0,"turns":2.0},{"damage":35.0,"enemies":"Lagavulin","floor":12.0,"turns":6.0},{"damage":5.0,"enemies":"Red Slaver","floor":14.0,"turns":2.0},{"damage":12.0,"enemies":"Slime Boss","floor":16.0,"turns":6.0},{"damage":0.0,"enemies":"Chosen","floor":18.0,"turns":2.0},{"damage":31.0,"enemies":"2 Thieves","floor":20.0,"turns":3.0},{"damage":12.0,"enemies":"Cultist and Chosen","floor":22.0,"turns":3.0},{"damage":51.0,"enemies":"Book of Stabbing","floor":24.0,"turns":4.0},{"damage":1.0,"enemies":"Sentry and Sphere","floor":25.0,"turns":3.0},{"damage":20,"enemies":"Gremlin Leader","floor":27,"turns":2}],"seed_played":"-8684349932194308611","potions_obtained":[{"floor":1.0,"key":"DuplicationPotion"},{"floor":7.0,"key":"SpeedPotion"},{"floor":10.0,"key":"BloodPotion"},{"floor":11.0,"key":"Energy Potion"},{"floor":12.0,"key":"EssenceOfSteel"},{"floor":14.0,"key":"Strength Potion"},{"floor":16.0,"key":"SpeedPotion"}],"is_trial":false,"path_per_floor":["M","M","M","?","?","R","E","R","T","E","M","E","R","M","R","B",null,"M","?","M","?","M","R","E","M","T","E"],"character_chosen":"IRONCLAD","items_purchased":[],"campfire_rested":2,"item_purchase_floors":[],"current_hp_per_floor":[70,65,64,64,64,64,45,45,45,40,46,17,17,18,40,34,65,71,50,25,25,19,43,14,19,19,0,0],"gold":430,"neow_bonus":"TRANSFORM_CARD","is_daily":false,"chose_seed":false,"campfire_upgraded":3,"win_rate":0.0,"timestamp":1608656028,"path_taken":["M","M","M","?","?","R","E","R","T","E","M","E","R","?","R","BOSS","M","?","M","?","M","R","E","?","T","E"],"items_purchased_type":[],"build_version":"2020-12-13","purchased_purges":0,"victory":false,"max_hp_per_floor":[75,75,75,75,75,75,75,75,75,75,75,75,75,75,75,75,75,75,80,80,80,80,80,80,80,80,80,80],"relic_stats":{"Sozu":5,"Torii":8,"counters":[15,51],"Ornamental Fan":[4],"obtain_stats":[{"Sozu":17,"Torii":24,"Ornamental Fan":7,"Bottled Lightning":10,"Burning Blood":0,"White Beast Statue":9,"Paper Frog":12},{"Sozu":9,"Torii":13,"Ornamental Fan":4,"Bottled Lightning":5,"Burning Blood":0,"White Beast Statue":4,"Paper Frog":7},{"Sozu":34,"Torii":46,"Ornamental Fan":15,"Bottled Lightning":18,"Burning Blood":0,"White Beast Statue":15,"Paper Frog":26}],"Burning Blood":84},"card_choices":[{"not_picked":["Clash","Armaments"],"picked":"Whirlwind","floor":1.0},{"not_picked":["Warcry","Anger"],"picked":"Sword Boomerang","floor":2.0},{"not_picked":["Dual Wield","Burning Pact"],"picked":"Spot Weakness","floor":3.0},{"not_picked":["Pummel","Cleave"],"picked":"Battle Trance","floor":7.0},{"not_picked":["Body Slam","Clash"],"picked":"Evolve","floor":10.0},{"not_picked":["Thunderclap","Dropkick"],"picked":"Flex","floor":11.0},{"not_picked":["Wild Strike","Combust"],"picked":"Immolate","floor":12.0},{"not_picked":["Fire Breathing","Infernal Blade"],"picked":"Uppercut","floor":14.0},{"not_picked":["Double Tap","Demon Form"],"picked":"Limit Break","floor":16.0},{"not_picked":["Second Wind","True Grit"],"picked":"Burning Pact","floor":18.0},{"not_picked":["Perfected Strike","Headbutt","Clothesline"],"picked":"SKIP","floor":20.0},{"not_picked":["Wild Strike","Searing Blow"],"picked":"Disarm","floor":22.0},{"not_picked":["Entrench","True Grit"],"picked":"Shockwave","floor":24.0},{"not_picked":["Clash","Iron Wave","Pommel Strike"],"picked":"SKIP","floor":25.0}],"player_experience":1017314,"relics_obtained":[{"floor":7.0,"key":"Ornamental Fan"},{"floor":9.0,"key":"White Beast Statue"},{"floor":10.0,"key":"Bottled Lightning"},{"floor":12.0,"key":"Paper Frog"},{"floor":24.0,"key":"Torii"}],"event_choices":[{"damage_healed":0.0,"max_hp_gain":0.0,"max_hp_loss":0.0,"gold_gain":0.0,"event_name":"Living Wall","player_choice":"Grow","floor":4.0,"gold_loss":0.0,"damage_taken":0.0,"cards_upgraded":["Whirlwind"]},{"damage_healed":0.0,"max_hp_gain":0.0,"max_hp_loss":0.0,"gold_gain":0.0,"event_name":"Upgrade Shrine","player_choice":"Upgraded","floor":5.0,"gold_loss":0.0,"damage_taken":0.0,"cards_upgraded":["Spot Weakness"]},{"damage_healed":0.0,"max_hp_gain":5.0,"max_hp_loss":0.0,"gold_gain":0.0,"event_name":"Forgotten Altar","player_choice":"Shed Blood","floor":19.0,"gold_loss":0.0,"damage_taken":26.0},{"damage_healed":0.0,"max_hp_gain":0.0,"max_hp_loss":0.0,"gold_gain":0.0,"event_name":"Match and Keep!","player_choice":"1 cards matched","floor":21.0,"gold_loss":0.0,"damage_taken":0.0,"cards_obtained":["Double Tap"]}],"is_beta":false,"boss_relics":[{"not_picked":["Pandora\u0027s Box","Tiny House"],"picked":"Sozu"}],"items_purged_floors":[],"is_endless":false,"potions_floor_spawned":[1,7,10,11,12,14,16,18,20,22,24,25],"killed_by":"Gremlin Leader","ascension_level":20}}