{"host":"k6v1xkuzrj71f4ss","time":1608622229,"event":{"mods":["Act Like it!","BaseMod","Bestiary","Better Altar","Better Third Choice","BetterRewards","Block Reminder","Colored Map","Colored Powertips","Curses Come First","Hubris","Minty Spire (QoL Compilation)","Quick Restart","Relic Stats","Remove Card Discount Mod","Spicy Shops","StSLib","óô»ðÖ¸ÄÏ"],"gold_per_floor":[119,5063,0,0,19,50,81,125,152,195,209,209,244,270,270,374,433,455,464,486,486,513,513,513],"floor_reached":23,"playtime":1729,"items_purged":["Strike_R","Defend_R","Strike_R","Strike_R"],"score":339,"play_id":"e8519d96-930c-426a-a5d7-bbd69916a53d","local_time":"20201222153029","daily_mods":["Green Cards","Heirloom","Flight","DeadlyEvents"],"is_ascension_mode":true,"campfire_choices":[{"floor":15,"key":"REST"}],"circlet_count":0,"master_deck":["Flex+1","Strike_R","Defend_R+1","Defend_R","Defend_R","Flex","Underhanded Strike","Flying Knee","Infernal Blade","Anger","Seeing Red","Feed","hubris:DuctTapeCard","Limit Break","Terror","Heavy Blade+1","RitualDagger","Heavy Blade","Inflame"],"relics":["Burning Blood","Torii","Bag of Marbles","Lantern","Ice Cream","CeramicFish","Happy Flower","Letter Opener","hubris:DuctTape","Blood Vial","Tiny House"],"acts_visited":["Exordium","TheCity"],"potions_floor_usage":[8,13,16,23],"damage_taken":[{"damage":7,"enemies":"Jaw Worm","floor":1,"turns":2},{"damage":0,"enemies":"2 Louse","floor":5,"turns":1},{"damage":30,"enemies":"Lagavulin","floor":6,"turns":5},{"damage":20,"enemies":"Gremlin Nob","floor":7,"turns":4},{"damage":10,"enemies":"Lagavulin","floor":8,"turns":5},{"damage":22,"enemies":"3 Sentries","floor":10,"turns":6},{"damage":0,"enemies":"Small Slimes","floor":11,"turns":1},{"damage":0,"enemies":"Gremlin Nob","floor":13,"turns":2},{"damage":30,"enemies":"Lagavulin","floor":14,"turns":6},{"damage":25,"enemies":"Slime Boss","floor":16,"turns":7},{"damage":26,"enemies":"3 Byrds","floor":18,"turns":5},{"damage":1,"enemies":"Chosen","floor":20,"turns":3},{"damage":29,"enemies":"Centurion and Healer","floor":22,"turns":4},{"damage":74,"enemies":"Book of Stabbing","floor":23,"turns":4}],"seed_played":"-4054047780087620606","potions_obtained":[{"floor":6,"key":"DistilledChaos"},{"floor":8,"key":"PowerPotion"},{"floor":10,"key":"ColorlessPotion"},{"floor":11,"key":"CultistPotion"},{"floor":14,"key":"BlessingOfTheForge"},{"floor":17,"key":"Regen Potion"}],"is_trial":true,"path_per_floor":["M","$","?","T","M","E","E","E","T","E","M","?","E","E","R","B",null,"M","?","M","?","M","E"],"character_chosen":"IRONCLAD","items_purchased":["Flying Knee"],"campfire_rested":1,"item_purchase_floors":[2],"current_hp_per_floor":[79,79,85,85,86,62,48,44,44,28,37,37,43,22,49,35,100,83,77,84,84,63,0,0],"gold":513,"neow_bonus":"","is_daily":false,"chose_seed":false,"campfire_upgraded":0,"win_rate":0.0,"timestamp":1608622229,"path_taken":["M","$","?","?","M","E","E","E","T","E","?","?","?","E","R","BOSS","M","?","M","?","?","E"],"items_purchased_type":["Card"],"build_version":"2020-12-13","purchased_purges":4,"victory":false,"max_hp_per_floor":[80,80,86,86,86,86,86,86,86,86,89,89,89,92,92,95,100,103,103,103,103,103,103,103],"relic_stats":{"Blood Vial":8,"Torii":10,"Happy Flower":[12],"counters":[14,55],"CeramicFish":81,"Letter Opener":[36],"obtain_stats":[{"Ice Cream":7,"Blood Vial":14,"Lantern":6,"Tiny House":17,"Torii":0,"Happy Flower":9,"hubris:DuctTape":13,"CeramicFish":8,"Bag of Marbles":4,"Letter Opener":10,"Burning Blood":0},{"Ice Cream":4,"Blood Vial":9,"Lantern":3,"Tiny House":10,"Torii":0,"Happy Flower":5,"hubris:DuctTape":8,"CeramicFish":5,"Bag of Marbles":1,"Letter Opener":6,"Burning Blood":0},{"Ice Cream":12,"Blood Vial":32,"Lantern":8,"Tiny House":39,"Torii":0,"Happy Flower":17,"hubris:DuctTape":26,"CeramicFish":17,"Bag of Marbles":2,"Letter Opener":23,"Burning Blood":0}],"Burning Blood":73},"card_choices":[{"not_picked":["Sucker Punch","Clothesline"],"picked":"Underhanded Strike","floor":1},{"not_picked":["Deflect","Bloodletting"],"picked":"Infernal Blade","floor":5},{"not_picked":["Tactician","Quick Slash","Poisoned Stab"],"picked":"SKIP","floor":6},{"not_picked":["Dagger Throw","Bloodletting"],"picked":"Anger","floor":7},{"not_picked":["Sucker Punch","Intimidate"],"picked":"Seeing Red","floor":8},{"not_picked":["Eviscerate","Burst"],"picked":"Feed","floor":10},{"not_picked":["Dodge and Roll","Dagger Spray","Sentinel"],"picked":"SKIP","floor":11},{"not_picked":["Backstab","Poisoned Stab","Storm of Steel"],"picked":"SKIP","floor":13},{"not_picked":["Quick Slash","Metallicize","Sentinel"],"picked":"SKIP","floor":14},{"not_picked":["Malaise","Brutality"],"picked":"Limit Break","floor":16},{"not_picked":["Perfected Strike","Thunderclap"],"picked":"Terror","floor":17},{"not_picked":["Dagger Throw","True Grit+1"],"picked":"Heavy Blade+1","floor":18},{"not_picked":["Ghostly Armor+1","Footwork"],"picked":"Heavy Blade","floor":20},{"not_picked":["Sword Boomerang","Choke+1"],"picked":"Inflame","floor":22}],"player_experience":189571,"relics_obtained":[{"floor":4,"key":"Bag of Marbles"},{"floor":6,"key":"Lantern"},{"floor":7,"key":"Ice Cream"},{"floor":8,"key":"CeramicFish"},{"floor":9,"key":"Happy Flower"},{"floor":10,"key":"Letter Opener"},{"floor":13,"key":"hubris:DuctTape"},{"floor":14,"key":"Blood Vial"}],"event_choices":[{"damage_healed":0,"gold_gain":0,"player_choice":"RENOUNCE","damage_taken":5063,"max_hp_gain":0,"max_hp_loss":0,"event_name":"betterThird:BetterSerpent","floor":3,"gold_loss":5063,"cards_obtained":["Enlightenment"]},{"damage_healed":0,"gold_gain":0,"player_choice":"Ignored","damage_taken":0,"max_hp_gain":0,"max_hp_loss":0,"event_name":"Golden Idol","floor":12,"gold_loss":0},{"damage_healed":0,"gold_gain":0,"player_choice":"Dagger","damage_taken":6,"max_hp_gain":0,"max_hp_loss":0,"event_name":"betterThird:BetterNest","floor":19,"gold_loss":0,"cards_obtained":["RitualDagger"]},{"cards_removed":["Strike_R"],"damage_healed":0,"gold_gain":0,"player_choice":"Elegance","damage_taken":0,"max_hp_gain":0,"max_hp_loss":0,"event_name":"betterThird:BetterWriting","floor":21,"gold_loss":0}],"is_beta":false,"boss_relics":[{"not_picked":["hubris:RunicObelisk","Calling Bell"],"picked":"Tiny House"}],"items_purged_floors":[2,2,2,2],"is_endless":false,"potions_floor_spawned":[6,8,10,11,14,22],"killed_by":"Book of Stabbing","ascension_level":4}}