{"host":"newqdrzxfhh2im9e","time":1608664517,"event":{"mods":["AchievementEnabler","BaseMod","BetterRewards","Block Reminder","Colored Map","Jorbs\u0027s Wanderer Trilogy","Minty Spire (QoL Compilation)","Rare Cards Sparkle","Shop Mod","StSLib"],"gold_per_floor":[19,31,45,58,58,58,75,75,98,30,30,47,47,57,57,160,160,175,62,62,80,99,99,24,24,24,41,51,63,63,63,63,63,63],"floor_reached":33,"playtime":919,"items_purged":[],"score":290,"play_id":"97384e80-b992-4e18-a474-b3ce7435dfb5","local_time":"20201222111517","is_ascension_mode":true,"campfire_choices":[{"floor":6.0,"key":"REST"},{"floor":8.0,"key":"REST"},{"data":"Hyperbeam","floor":11.0,"key":"SMITH"},{"floor":15.0,"key":"REST"},{"floor":23,"key":"REST"},{"floor":25,"key":"REST"},{"data":"Fission","floor":30,"key":"SMITH"},{"floor":32,"key":"REST"}],"circlet_count":0,"master_deck":["Strike_B","Strike_B","Strike_B","Strike_B","Defend_B","Defend_B","Defend_B","Defend_B","Zap","Dualcast","Reprogram","Recycle","Loop","Conserve Battery","FTL","Hyperbeam+1","Heatsinks","Storm","Fission+1","FTL+1","Doom and Gloom","Loop","Dramatic Entrance","Zap","Heatsinks+1","Storm","Rip and Tear","Defragment"],"relics":["Cracked Core","Pen Nib","DataDisk","Oddly Smooth Stone","Nuclear Battery","FossilizedHelix"],"acts_visited":["Exordium","TheCity"],"potions_floor_usage":[22,33],"damage_taken":[{"damage":6.0,"enemies":"Cultist","floor":1.0,"turns":3.0},{"damage":14.0,"enemies":"2 Louse","floor":2.0,"turns":3.0},{"damage":15.0,"enemies":"Jaw Worm","floor":3.0,"turns":4.0},{"damage":37.0,"enemies":"Gremlin Gang","floor":4.0,"turns":7.0},{"damage":29.0,"enemies":"Lots of Slimes","floor":7.0,"turns":7.0},{"damage":2.0,"enemies":"Red Slaver","floor":12.0,"turns":2.0},{"damage":13.0,"enemies":"Blue Slaver","floor":14.0,"turns":3.0},{"damage":24.0,"enemies":"Hexaghost","floor":16.0,"turns":9.0},{"damage":24.0,"enemies":"2 Thieves","floor":18.0,"turns":3.0},{"damage":33.0,"enemies":"Chosen","floor":21.0,"turns":6.0},{"damage":15,"enemies":"Centurion and Healer","floor":22,"turns":3},{"damage":0,"enemies":"Snecko","floor":27,"turns":3},{"damage":0,"enemies":"Shelled Parasite and Fungi","floor":28,"turns":1},{"damage":26,"enemies":"Snake Plant","floor":29,"turns":3},{"damage":70,"enemies":"Champ","floor":33,"turns":9}],"seed_played":"4217566763680955183","potions_obtained":[{"floor":7.0,"key":"FearPotion"},{"floor":14.0,"key":"Regen Potion"},{"floor":18.0,"key":"SpeedPotion"},{"floor":21.0,"key":"ColorlessPotion"}],"is_trial":false,"path_per_floor":["M","M","M","M","?","R","M","R","T","$","R","M","?","M","R","B",null,"M","$","?","M","M","R","$","R","T","M","M","M","R","?","R","B"],"character_chosen":"DEFECT","items_purchased":["Hyperbeam","Doom and Gloom","Loop","Storm"],"campfire_rested":6,"item_purchase_floors":[10,19,19,24],"current_hp_per_floor":[83,69,54,17,17,43,14,40,40,40,40,38,38,25,51,42,89,65,65,65,32,17,43,43,69,69,69,69,43,43,26,54,0,0],"gold":63,"neow_bonus":"TWENTY_PERCENT_HP_BONUS","is_daily":false,"chose_seed":false,"campfire_upgraded":2,"win_rate":0.0,"timestamp":1608664517,"path_taken":["M","M","M","?","?","R","?","R","T","$","R","M","?","?","R","BOSS","M","$","?","?","M","R","?","R","T","?","M","M","R","?","R","BOSS"],"items_purchased_type":["Card","Card","Card","Card"],"build_version":"2020-12-13","purchased_purges":0,"victory":false,"max_hp_per_floor":[89,89,89,89,89,89,89,89,89,89,89,89,89,89,89,89,89,89,89,89,89,89,89,89,89,89,89,89,89,89,94,94,94,94],"card_choices":[{"not_picked":["Compile Driver","Sweeping Beam"],"picked":"Reprogram","floor":1.0},{"not_picked":["Leap","Stack"],"picked":"Recycle","floor":2.0},{"not_picked":["Chill","Gash"],"picked":"Loop","floor":3.0},{"not_picked":["Double Energy","Scrape"],"picked":"Conserve Battery","floor":4.0},{"not_picked":["Barrage","Beam Cell"],"picked":"FTL","floor":7.0},{"not_picked":["Scrape","Compile Driver"],"picked":"Heatsinks","floor":12.0},{"not_picked":["Steam","Streamline"],"picked":"Storm","floor":14.0},{"not_picked":["Machine Learning","Hyperbeam"],"picked":"Fission","floor":16.0},{"not_picked":["Rebound+1","Skim"],"picked":"FTL+1","floor":18.0},{"not_picked":["Steam","Redo","Cold Snap"],"picked":"SKIP","floor":21.0},{"not_picked":["Coolheaded","White Noise+1"],"picked":"Heatsinks+1","floor":22},{"not_picked":["Steam","Beam Cell"],"picked":"Rip and Tear","floor":27},{"not_picked":["Turbo","Steam","Leap"],"picked":"SKIP","floor":28},{"not_picked":["Turbo","Sweeping Beam+1"],"picked":"Defragment","floor":29}],"player_experience":632571,"relics_obtained":[{"floor":5.0,"key":"Pen Nib"},{"floor":9.0,"key":"DataDisk"},{"floor":26,"key":"FossilizedHelix"}],"event_choices":[{"damage_healed":0.0,"max_hp_gain":0.0,"max_hp_loss":0.0,"gold_gain":0.0,"event_name":"Wheel of Change","player_choice":"Relic","floor":5.0,"gold_loss":0.0,"damage_taken":0.0},{"damage_healed":0.0,"max_hp_gain":0.0,"max_hp_loss":0.0,"gold_gain":0.0,"event_name":"WeMeetAgain","player_choice":"Gave Potion","floor":13.0,"gold_loss":0.0,"damage_taken":0.0,"relics_obtained":["Oddly Smooth Stone"]},{"damage_healed":0.0,"max_hp_gain":0.0,"max_hp_loss":0.0,"gold_gain":0.0,"event_name":"Match and Keep!","player_choice":"2 cards matched","floor":20.0,"gold_loss":0.0,"damage_taken":0.0,"cards_obtained":["Dramatic Entrance","Zap"]},{"damage_healed":0,"gold_gain":0,"player_choice":"Shed Blood","damage_taken":22,"max_hp_gain":5,"max_hp_loss":0,"event_name":"Forgotten Altar","floor":31,"gold_loss":0}],"is_beta":false,"boss_relics":[{"not_picked":["Velvet Choker","Calling Bell"],"picked":"Nuclear Battery"}],"items_purged_floors":[],"is_endless":false,"potions_floor_spawned":[7,14,18,21],"killed_by":"Champ","ascension_level":2}}