{"host":"7khtwbkyze7y134w","time":1608636001,"event":{"mods":["AchievementEnabler","BaseMod","Bestiary","Colored Map","Colored Powertips","Highlight Path","Minty Spire (QoL Compilation)","Quick Restart","Relic Stats","StSLib","SuperFastMode"],"gold_per_floor":[367,93,104,121,131,131,144,170,170,170,186,202,237,252,252,357,357,373,387,387,401,436,463,463,463,463,480,480,480],"floor_reached":28,"playtime":862,"items_purged":["Strike_R"],"score":279,"play_id":"7684f710-eb67-4891-ae73-52122356a45f","local_time":"20201222112001","is_ascension_mode":false,"campfire_choices":[{"data":"Feed","floor":6,"key":"SMITH"},{"data":"Armaments","floor":10,"key":"SMITH"},{"data":"Inflame","floor":15,"key":"SMITH"},{"data":"Limit Break","floor":25,"key":"SMITH"}],"circlet_count":0,"master_deck":["Strike_R","Strike_R","Strike_R","Strike_R","Defend_R","Defend_R","Defend_R","Defend_R","Bash","Armaments+1","Iron Wave","Anger","Feed+1","Shockwave","Twin Strike","Inflame+1","Headbutt","Limit Break+1","Thunderclap","Pommel Strike"],"relics":["Burning Blood","Anchor","Nunchaku","Self Forming Clay","White Beast Statue","Runic Pyramid","Mummified Hand","Red Mask","PreservedInsect","MutagenicStrength","Pantograph"],"acts_visited":["Exordium","TheCity"],"potions_floor_usage":[16,16,16,21,21,23,23,28],"damage_taken":[{"damage":1,"enemies":"Cultist","floor":1,"turns":3},{"damage":2,"enemies":"Small Slimes","floor":3,"turns":3},{"damage":0,"enemies":"2 Louse","floor":4,"turns":3},{"damage":4,"enemies":"Exordium Wildlife","floor":5,"turns":5},{"damage":8,"enemies":"2 Fungi Beasts","floor":7,"turns":3},{"damage":26,"enemies":"3 Sentries","floor":8,"turns":8},{"damage":8,"enemies":"Exordium Thugs","floor":11,"turns":5},{"damage":20,"enemies":"Large Slime","floor":12,"turns":7},{"damage":21,"enemies":"Gremlin Nob","floor":13,"turns":4},{"damage":9,"enemies":"Exordium Wildlife","floor":14,"turns":4},{"damage":13,"enemies":"Hexaghost","floor":16,"turns":7},{"damage":17,"enemies":"Chosen","floor":18,"turns":5},{"damage":4,"enemies":"2 Thieves","floor":19,"turns":4},{"damage":11,"enemies":"Snake Plant","floor":21,"turns":3},{"damage":29,"enemies":"Masked Bandits","floor":22,"turns":4},{"damage":28,"enemies":"Book of Stabbing","floor":23,"turns":6},{"damage":29,"enemies":"Centurion and Healer","floor":27,"turns":7},{"damage":36,"enemies":"Slavers","floor":28,"turns":5}],"seed_played":"-8538984562721678828","potions_obtained":[{"floor":1,"key":"GamblersBrew"},{"floor":3,"key":"DistilledChaos"},{"floor":5,"key":"LiquidMemories"},{"floor":12,"key":"Dexterity Potion"},{"floor":14,"key":"Explosive Potion"},{"floor":16,"key":"Dexterity Potion"},{"floor":18,"key":"GamblersBrew"},{"floor":19,"key":"Regen Potion"},{"floor":21,"key":"FearPotion"},{"floor":22,"key":"Dexterity Potion"},{"floor":23,"key":"GamblersBrew"},{"floor":27,"key":"SkillPotion"}],"is_trial":false,"path_per_floor":["M","$","M","M","M","R","M","E","T","R","M","M","E","M","R","B",null,"M","M","?","M","?","E","?","R","T","M","E"],"character_chosen":"IRONCLAD","items_purchased":["Iron Wave","Anchor"],"campfire_rested":0,"item_purchase_floors":[2,2],"current_hp_per_floor":[72,72,72,72,75,75,77,57,57,57,59,49,34,31,31,24,87,80,82,82,86,67,49,49,49,49,30,0,0],"gold":480,"neow_bonus":"TWO_FIFTY_GOLD","is_daily":false,"chose_seed":false,"campfire_upgraded":4,"win_rate":0.0,"timestamp":1608636001,"path_taken":["M","$","M","M","M","R","?","E","T","R","M","M","E","M","R","BOSS","M","M","?","?","?","E","?","R","T","M","E"],"items_purchased_type":["Card","Relic"],"build_version":"2020-12-13","purchased_purges":1,"victory":false,"max_hp_per_floor":[72,72,72,72,75,75,79,79,79,79,83,87,87,87,87,87,87,91,91,91,91,95,99,99,99,99,103,107,107],"relic_stats":{"Nunchaku":[11],"counters":[18,86],"Self Forming Clay":[120],"Mummified Hand":[5],"Pantograph":0,"PreservedInsect":40,"obtain_stats":[{"Anchor":2,"Nunchaku":8,"Self Forming Clay":9,"Mummified Hand":20,"MutagenicStrength":24,"Pantograph":26,"PreservedInsect":23,"Red Mask":22,"Burning Blood":0,"White Beast Statue":13,"Runic Pyramid":17},{"Anchor":1,"Nunchaku":6,"Self Forming Clay":6,"Mummified Hand":13,"MutagenicStrength":16,"Pantograph":16,"PreservedInsect":16,"Red Mask":15,"Burning Blood":0,"White Beast Statue":9,"Runic Pyramid":11},{"Anchor":3,"Nunchaku":25,"Self Forming Clay":25,"Mummified Hand":61,"MutagenicStrength":74,"Pantograph":74,"PreservedInsect":74,"Red Mask":68,"Burning Blood":0,"White Beast Statue":41,"Runic Pyramid":52}],"Burning Blood":85},"card_choices":[{"not_picked":["Burning Pact","Perfected Strike"],"picked":"Armaments","floor":1},{"not_picked":["Shockwave","Infernal Blade"],"picked":"Anger","floor":3},{"not_picked":["Clothesline","Second Wind"],"picked":"Feed","floor":4},{"not_picked":["Perfected Strike","True Grit","Disarm"],"picked":"SKIP","floor":5},{"not_picked":["Heavy Blade","Cleave"],"picked":"Shockwave","floor":7},{"not_picked":["Clothesline","Sever Soul"],"picked":"Twin Strike","floor":8},{"not_picked":["Carnage","Iron Wave"],"picked":"Inflame","floor":11},{"not_picked":["Iron Wave","Second Wind"],"picked":"Headbutt","floor":12},{"not_picked":["Heavy Blade","Cleave"],"picked":"Limit Break","floor":13},{"not_picked":["Hemokinesis","Rupture","Seeing Red"],"picked":"SKIP","floor":14},{"not_picked":["Uppercut","Perfected Strike","Ghostly Armor"],"picked":"SKIP","floor":18},{"not_picked":["Headbutt","Cleave"],"picked":"Uppercut","floor":19},{"not_picked":["Armaments+1","Combust","Burning Pact"],"picked":"SKIP","floor":21},{"not_picked":["Twin Strike","Cleave"],"picked":"Thunderclap","floor":22},{"not_picked":["Fire Breathing","Brutality","Dual Wield"],"picked":"SKIP","floor":23},{"not_picked":["Intimidate","Sever Soul"],"picked":"Pommel Strike","floor":27}],"player_experience":3617,"relics_obtained":[{"floor":8,"key":"Nunchaku"},{"floor":9,"key":"Self Forming Clay"},{"floor":13,"key":"White Beast Statue"},{"floor":22,"key":"Red Mask"},{"floor":23,"key":"PreservedInsect"},{"floor":26,"key":"Pantograph"}],"event_choices":[{"cards_removed":["Uppercut"],"damage_healed":0,"gold_gain":0,"player_choice":"Gave Card","damage_taken":0,"relics_obtained":["Mummified Hand"],"max_hp_gain":0,"max_hp_loss":0,"event_name":"WeMeetAgain","floor":20,"gold_loss":0},{"damage_healed":0,"gold_gain":0,"player_choice":"Fought Bandits","damage_taken":0,"max_hp_gain":0,"max_hp_loss":0,"event_name":"Masked Bandits","floor":22,"gold_loss":0},{"damage_healed":0,"gold_gain":0,"player_choice":"Inject Mutagens","damage_taken":0,"relics_obtained":["MutagenicStrength"],"max_hp_gain":0,"max_hp_loss":0,"event_name":"Drug Dealer","floor":24,"gold_loss":0}],"is_beta":false,"boss_relics":[{"not_picked":["SlaversCollar","Astrolabe"],"picked":"Runic Pyramid"}],"items_purged_floors":[2],"is_endless":false,"potions_floor_spawned":[1,3,5,12,14,16,18,19,21,22,23,27],"killed_by":"Slavers","ascension_level":0}}