{"host":"g53g9qlo34vrqi92","time":1608612612,"event":{"mods":["Aspiration","Bard","BaseMod","Beaked The Cultist","BetterRewards","Colored Map","Conspire","Energized Spire","Fiend Mod","GifTheSpireLib","Googly Eyes","Gremlin Skip","Halation","Hermit","Hubris","Infinite Spire","Jedi Mod","Minty Spire (QoL Compilation)","Permanent Neow","Quick Restart","Relic Filter","Replay The Spire","Spikes Relics","StSLib","Stuff the Spire","Synergy Search","The Bladedancer","The Bug Knight","The Construct","The Cursed","The Factory","The Forsaken","The Jungle","The Necromancer","The Spell Scribe","The Trickster","Trackpad","slay the spire mod where everything is the same but ironclad has a cowboy hat","vexMod"],"gold_per_floor":[117,137,53,53,73,103,103,138,165,183,183,183,218,16,16,120,120,140,88,63,63,76,107,126,126,152,152,170,182,182,182,182,286,286,303,322,70,70,70,70,70],"floor_reached":40,"playtime":2484,"items_purged":[],"score":447,"play_id":"1c1af42f-b87a-4876-91f1-e85086b0af8a","local_time":"20201221205012","is_ascension_mode":false,"campfire_choices":[{"data":"blademaster:ThunderSlash","floor":7,"key":"SMITH"},{"floor":12,"key":"REST"},{"floor":15,"key":"REST"},{"floor":27,"key":"RECALL"},{"data":"blademaster:FuriousStrike","floor":30,"key":"SMITH"},{"data":"theTrickster:SuperiorTactics","floor":32,"key":"SMITH"}],"circlet_count":0,"master_deck":["blademaster:Strike","blademaster:Strike","blademaster:Strike","blademaster:Strike","blademaster:Defend","blademaster:Defend","blademaster:Defend","blademaster:Defend","blademaster:RagingBlow","blademaster:HighVoltage","blademaster:LightningCrash","blademaster:DeadlyDance+1","blademaster:Frontflip","blademaster:Frontflip","blademaster:ThunderSlash+1","blademaster:ThreePointStrike+1","blademaster:Flurry","blademaster:LeechingStrike+1","blademaster:Empower+1","Trip+1","blademaster:Flash+1","blademaster:Safeguard","blademaster:ThunderSlash","blademaster:TraverseCut","blademaster:FuriousStrike+1","blademaster:Blindside","blademaster:Thrust","theTrickster:SuperiorTactics+1","blademaster:ColdBlood","blademaster:DragonStrike","blademaster:AwakeningStrike+1","jedi:forcepull"],"relics":["blademaster:DancersAmulet","Anchor","SpikesRelics:ToyHorsey","Rawhide","StuffTheSpire:SapphireSignet","vexMod:ImprovementManual","infinitespire:Satchel","Replay:Bottled Steam","halation:PrussianBluePaint","halation:Prosthetics","trackpad:BottledTsunami"],"acts_visited":["Exordium","TheCity","TheBeyond"],"potions_floor_usage":[6,8,18,28,28,33],"damage_taken":[{"damage":0.0,"enemies":"Jaw Worm","floor":1.0,"turns":2.0},{"damage":0.0,"enemies":"Small Slimes","floor":2.0,"turns":3.0},{"damage":0.0,"enemies":"2 Louse","floor":5.0,"turns":2.0},{"damage":14,"enemies":"Replay:BlueRogue","floor":6,"turns":5},{"damage":9,"enemies":"3 Sentries","floor":8,"turns":7},{"damage":6,"enemies":"Red Slaver","floor":10,"turns":3},{"damage":16,"enemies":"Gremlin Nob","floor":13,"turns":4},{"damage":19,"enemies":"Hexaghost","floor":16,"turns":7},{"damage":0,"enemies":"Shell Parasite","floor":18,"turns":2},{"damage":0,"enemies":"Snake Plant","floor":22,"turns":3},{"damage":0,"enemies":"Gremlin Leader","floor":23,"turns":5},{"damage":0,"enemies":"Sentry and Sphere","floor":24,"turns":3},{"damage":0,"enemies":"conspire:HollyBat","floor":28,"turns":3},{"damage":0,"enemies":"Shelled Parasite and Fungi","floor":29,"turns":2},{"damage":20,"enemies":"Champ","floor":33,"turns":7},{"damage":0,"enemies":"Orb Walker","floor":35,"turns":2},{"damage":2,"enemies":"3 Darklings","floor":36,"turns":4},{"damage":42,"enemies":"Nightmare","floor":40,"turns":5}],"seed_played":"-5710385166470439784","potions_obtained":[{"floor":1.0,"key":"Energy Potion"},{"floor":2.0,"key":"SkillPotion"},{"floor":6,"key":"GamblersBrew"},{"floor":16,"key":"DistilledChaos"},{"floor":18,"key":"Swift Potion"},{"floor":28,"key":"construct:ShiftPotion"},{"floor":29,"key":"Weak Potion"},{"floor":33,"key":"Weak Potion"}],"is_trial":false,"path_per_floor":["M","M","$","?","M","E","R","E","T","M","?","R","E","$","R","B",null,"M","$","?","?","M","E","M","$","T","R","M","M","R","?","R","B",null,"M","M","$","?","$","NM"],"character_chosen":"THE_BLADEMASTER","items_purchased":["blademaster:Frontflip","blademaster:ThunderSlash","blademaster:Empower","Trip","Swift Potion","blademaster:ThunderSlash","trackpad:BottledTsunami"],"campfire_rested":2,"item_purchase_floors":[3,3,14,14,14,19,37],"current_hp_per_floor":[75,75,75,75,75,61,61,52,52,46,46,68,52,52,74,55,75,75,75,75,75,75,75,75,75,75,75,75,75,75,75,75,61,40,40,38,38,38,38,0,0],"gold":70,"neow_bonus":"RANDOM_COMMON_RELIC","is_daily":false,"chose_seed":false,"campfire_upgraded":3,"win_rate":0.0,"timestamp":1608612612,"path_taken":["M","M","$","?","M","E","R","E","T","M","?","R","E","$","R","BOSS","M","$","?","?","M","E","M","?","T","R","?","M","R","?","R","BOSS","M","M","$","?","?","NM"],"items_purchased_type":["Card","Card","Card","Card","Potion","Card","Relic"],"build_version":"2020-12-13","purchased_purges":0,"victory":false,"max_hp_per_floor":[75,75,75,75,75,75,75,75,75,75,75,75,75,75,75,75,75,75,75,75,75,75,75,75,75,75,75,75,75,75,75,75,75,40,40,40,40,40,40,40,40],"card_choices":[{"not_picked":["blademaster:Cut","blademaster:EyeOfTheTornado"],"picked":"blademaster:LightningCrash","floor":1.0},{"not_picked":["blademaster:DragonStrike","blademaster:IcyWind"],"picked":"blademaster:DeadlyDance","floor":2.0},{"not_picked":["blademaster:Rupture","blademaster:Sunder","blademaster:IcyWind"],"picked":"SKIP","floor":5.0},{"not_picked":["blademaster:AwakeningDefend","blademaster:CombatPrep"],"picked":"blademaster:ThreePointStrike","floor":6},{"not_picked":["blademaster:Gust","blademaster:FlockOfBlades"],"picked":"blademaster:Flurry","floor":8},{"not_picked":["blademaster:Frontflip","blademaster:Stormstrike","blademaster:Sunder"],"picked":"SKIP","floor":10},{"not_picked":["blademaster:BrainBloom","blademaster:ThunderSlash"],"picked":"blademaster:LeechingStrike","floor":13},{"not_picked":["blademaster:UnrelentingWind","blademaster:BladeDance"],"picked":"blademaster:Flash","floor":16},{"not_picked":["blademaster:ChargingUp","blademaster:DancingEdge"],"picked":"blademaster:Safeguard","floor":18},{"not_picked":["blademaster:AspectOfLightning+1","blademaster:Gust"],"picked":"blademaster:TraverseCut","floor":22},{"not_picked":["blademaster:Safeguard","blademaster:SlyStabs"],"picked":"blademaster:FuriousStrike","floor":23},{"not_picked":["blademaster:Cut","blademaster:LeechingStrike"],"picked":"blademaster:Blindside","floor":24},{"not_picked":["blademaster:Cut","blademaster:Sunder"],"picked":"blademaster:Thrust","floor":28},{"not_picked":["blademaster:LeechingStrike","blademaster:SlyStabs","blademaster:AwakeningDefend"],"picked":"SKIP","floor":29},{"not_picked":["blademaster:FuryOfTheElements","blademaster:Flash"],"picked":"blademaster:ColdBlood","floor":33},{"not_picked":["blademaster:Sharpen","blademaster:Cut"],"picked":"blademaster:DragonStrike","floor":35},{"not_picked":["blademaster:Overcharge+1","blademaster:Stability"],"picked":"blademaster:AwakeningStrike+1","floor":36},{"not_picked":["Finesse","Crow Ritual"],"picked":"jedi:forcepull","floor":38}],"player_experience":1054214,"relics_obtained":[{"floor":6,"key":"SpikesRelics:ToyHorsey"},{"floor":6,"key":"blademaster:FinisherDrawCardPerk"},{"floor":8,"key":"Rawhide"},{"floor":8,"key":"blademaster:DextrousPerk"},{"floor":13,"key":"StuffTheSpire:SapphireSignet"},{"floor":13,"key":"blademaster:ComboEveryTurnPerk"},{"floor":21,"key":"infinitespire:Satchel"},{"floor":23,"key":"blademaster:FuryEveryTurnPerk"},{"floor":23,"key":"Replay:Bottled Steam"},{"floor":26,"key":"halation:PrussianBluePaint"}],"event_choices":[{"damage_healed":0,"gold_gain":0,"player_choice":"Read","damage_taken":0,"max_hp_gain":0,"max_hp_loss":0,"event_name":"The Library","floor":31,"gold_loss":0,"cards_obtained":["theTrickster:SuperiorTactics"]},{"damage_healed":0,"gold_gain":0,"player_choice":"Memory 1","damage_taken":0,"max_hp_gain":0,"max_hp_loss":0,"event_name":"SensoryStone","floor":38,"gold_loss":0}],"is_beta":false,"boss_relics":[{"not_picked":["StuffTheSpire:Kangaroo","energizedSpire:MagnifyingGlass"],"picked":"vexMod:ImprovementManual"},{"not_picked":["vexMod:DeviousBotling","energizedSpire:StickyHand"],"picked":"halation:Prosthetics"}],"items_purged_floors":[],"is_endless":false,"potions_floor_spawned":[1,2,6,16,18,28,29,33],"killed_by":"Nightmare","ascension_level":0}}