{"host":"sa7ebub27cgn5wai","time":1608636592,"event":{"mods":["BaseMod","Colored Map","Minty Spire (QoL Compilation)","SuperFastMode"],"gold_per_floor":[112,127,141,165,183,183,199,213,213,213,230,255,266,278,278,379,379,399,399,411,181,181,181,212,212,284,300,300,311,331,348,348,449,449,463,482,582,29,47,75,75,87,87,87,87,107,107,118,118,118,118],"floor_reached":50,"playtime":1279,"items_purged":["Strike_G","Dagger Throw"],"score":703,"play_id":"5e828845-7995-4dab-b44f-c15314c364ff","local_time":"20201222202952","is_ascension_mode":true,"campfire_choices":[{"data":"Predator","floor":6,"key":"SMITH"},{"data":"Terror","floor":10,"key":"SMITH"},{"floor":15,"key":"REST"},{"data":"Sucker Punch","floor":23,"key":"SMITH"},{"data":"Die Die Die","floor":25,"key":"SMITH"},{"data":"Dagger Spray","floor":28,"key":"SMITH"},{"floor":32,"key":"REST"},{"floor":41,"key":"REST"},{"floor":45,"key":"REST"},{"data":"Neutralize","floor":49,"key":"SMITH"}],"circlet_count":0,"master_deck":["Strike_G+1","Strike_G+1","Strike_G+1","Strike_G+1","Defend_G+1","Defend_G+1","Defend_G+1","Defend_G+1","Defend_G+1","Survivor","Neutralize+1","Terror+1","Backflip","Predator+1","Infinite Blades","Die Die Die","Flying Knee","Sucker Punch+1","Die Die Die+1","CurseOfTheBell","Cloak And Dagger+1","Dagger Spray+1","Prepared+1","Infinite Blades+1","Quick Slash+1","Die Die Die","Decay","Finesse","Escape Plan","Tactician"],"relics":["Ring of the Snake","NeowsBlessing","Lantern","Bottled Tornado","Happy Flower","Calling Bell","Art of War","Incense Burner","Pantograph","Oddly Smooth Stone","Bag of Preparation","Shuriken","Cursed Key","Centennial Puzzle","TheAbacus","Singing Bowl","Mummified Hand"],"acts_visited":["Exordium","TheCity","TheBeyond"],"potions_floor_usage":[16,16,20,30,31,33,33,40,50,50,50,50,50],"damage_taken":[{"damage":0,"enemies":"Cultist","floor":1,"turns":1},{"damage":0,"enemies":"Small Slimes","floor":2,"turns":1},{"damage":0,"enemies":"Jaw Worm","floor":3,"turns":1},{"damage":17,"enemies":"Exordium Thugs","floor":5,"turns":6},{"damage":5,"enemies":"Red Slaver","floor":7,"turns":3},{"damage":1,"enemies":"Exordium Wildlife","floor":8,"turns":2},{"damage":4,"enemies":"3 Louse","floor":11,"turns":2},{"damage":12,"enemies":"3 Sentries","floor":12,"turns":5},{"damage":11,"enemies":"Lots of Slimes","floor":13,"turns":3},{"damage":0,"enemies":"Exordium Thugs","floor":14,"turns":3},{"damage":31,"enemies":"The Guardian","floor":16,"turns":10},{"damage":11,"enemies":"Spheric Guardian","floor":18,"turns":3},{"damage":0,"enemies":"3 Byrds","floor":20,"turns":4},{"damage":11,"enemies":"Book of Stabbing","floor":24,"turns":7},{"damage":15,"enemies":"Centurion and Healer","floor":27,"turns":3},{"damage":2,"enemies":"Cultist and Chosen","floor":29,"turns":3},{"damage":6,"enemies":"Snake Plant","floor":30,"turns":4},{"damage":13,"enemies":"Sentry and Sphere","floor":31,"turns":4},{"damage":12,"enemies":"Collector","floor":33,"turns":4},{"damage":0,"enemies":"3 Darklings","floor":35,"turns":4},{"damage":0,"enemies":"Orb Walker","floor":36,"turns":3},{"damage":0,"enemies":"Transient","floor":39,"turns":5},{"damage":21,"enemies":"Nemesis","floor":40,"turns":5},{"damage":21,"enemies":"4 Shapes","floor":42,"turns":3},{"damage":0,"enemies":"3 Darklings","floor":46,"turns":3},{"damage":0,"enemies":"Jaw Worm Horde","floor":48,"turns":2},{"damage":77,"enemies":"Time Eater","floor":50,"turns":10}],"seed_played":"-8208471527713527449","potions_obtained":[{"floor":1,"key":"Regen Potion"},{"floor":3,"key":"FairyPotion"},{"floor":5,"key":"DuplicationPotion"},{"floor":16,"key":"Fire Potion"},{"floor":18,"key":"Strength Potion"},{"floor":19,"key":"EntropicBrew"},{"floor":20,"key":"Poison Potion"},{"floor":35,"key":"SteroidPotion"},{"floor":39,"key":"BlessingOfTheForge"},{"floor":46,"key":"DistilledChaos"}],"is_trial":false,"path_per_floor":["M","M","M","T","M","R","M","M","T","R","M","E","M","M","R","B",null,"M","?","M","$","?","R","E","R","T","M","R","M","M","M","R","B",null,"M","M","?","$","M","E","R","M","T","?","R","M","?","M","R","B"],"character_chosen":"THE_SILENT","items_purchased":["Oddly Smooth Stone","Centennial Puzzle","TheAbacus","Die Die Die"],"campfire_rested":4,"item_purchase_floors":[21,38,38,38],"current_hp_per_floor":[63,63,63,63,46,46,41,40,40,40,36,24,13,13,34,18,57,46,46,46,46,46,46,35,35,35,20,20,18,12,21,42,55,66,66,66,66,66,66,47,68,49,49,49,71,71,71,73,73,0,0],"gold":118,"neow_bonus":"THREE_ENEMY_KILL","is_daily":false,"chose_seed":false,"campfire_upgraded":6,"win_rate":0.0,"timestamp":1608636592,"path_taken":["M","M","M","?","M","R","?","M","T","R","M","E","M","M","R","BOSS","M","?","?","$","?","R","E","R","T","M","R","M","M","M","R","BOSS","M","M","?","?","?","E","R","M","T","?","R","M","?","?","R","BOSS"],"items_purchased_type":["Relic","Relic","Relic","Card"],"build_version":"2020-12-13","purchased_purges":2,"victory":false,"max_hp_per_floor":[70,70,70,70,70,70,70,70,70,70,70,70,70,70,70,70,70,70,70,70,70,70,70,70,70,70,70,70,70,70,70,70,70,70,70,70,70,70,70,72,72,74,74,74,74,74,74,76,76,76,76],"card_choices":[{"not_picked":["PiercingWail","Slice"],"picked":"Terror","floor":1},{"not_picked":["Prepared","Crippling Poison"],"picked":"Backflip","floor":2},{"not_picked":["Backflip","Outmaneuver"],"picked":"Predator","floor":3},{"not_picked":["Finisher","Dodge and Roll"],"picked":"Dagger Throw","floor":5},{"not_picked":["Prepared","Setup"],"picked":"Infinite Blades","floor":7},{"not_picked":["Underhanded Strike","Poisoned Stab"],"picked":"Die Die Die","floor":8},{"not_picked":["Acrobatics","Dagger Throw","Deflect"],"picked":"SKIP","floor":11},{"not_picked":["All Out Attack","Underhanded Strike"],"picked":"Flying Knee","floor":12},{"not_picked":["Choke","Backflip"],"picked":"Sucker Punch","floor":13},{"not_picked":["Heel Hook","Dodge and Roll","Predator"],"picked":"SKIP","floor":14},{"not_picked":["After Image","Venomology"],"picked":"Die Die Die","floor":16},{"not_picked":["Deflect","Dodge and Roll","Sucker Punch"],"picked":"SKIP","floor":18},{"not_picked":["Expertise","Concentrate","Leg Sweep"],"picked":"SKIP","floor":20},{"not_picked":["Outmaneuver+1","Leg Sweep"],"picked":"Cloak And Dagger+1","floor":24},{"not_picked":["Choke","Dash"],"picked":"Dagger Spray","floor":27},{"not_picked":["Sucker Punch+1","Choke","Blur"],"picked":"SKIP","floor":29},{"not_picked":["Terror","Poisoned Stab"],"picked":"Prepared+1","floor":30},{"not_picked":["Deadly Poison+1","Dagger Throw+1","Dagger Spray"],"picked":"SKIP","floor":31},{"not_picked":["Poisoned Stab","Prepared"],"picked":"Infinite Blades+1","floor":35},{"not_picked":["Dagger Throw+1","Dodge and Roll"],"picked":"Quick Slash+1","floor":36},{"not_picked":["Dodge and Roll+1","Flying Knee","Bane"],"picked":"SKIP","floor":39},{"not_picked":["PiercingWail","Well Laid Plans+1","Envenom"],"picked":"Singing Bowl","floor":40},{"not_picked":["Prepared+1","Deadly Poison+1","Heel Hook+1"],"picked":"Singing Bowl","floor":42},{"not_picked":["Transmutation","Deep Breath"],"picked":"Finesse","floor":44},{"not_picked":["Bane+1","Dagger Spray+1"],"picked":"Escape Plan","floor":46},{"not_picked":["Skewer+1","Deflect","Noxious Fumes+1"],"picked":"Singing Bowl","floor":48}],"player_experience":263358,"relics_obtained":[{"floor":4,"key":"Lantern"},{"floor":9,"key":"Bottled Tornado"},{"floor":12,"key":"Happy Flower"},{"floor":17,"key":"Art of War"},{"floor":17,"key":"Incense Burner"},{"floor":17,"key":"Pantograph"},{"floor":24,"key":"Bag of Preparation"},{"floor":26,"key":"Shuriken"},{"floor":40,"key":"Singing Bowl"},{"floor":43,"key":"Mummified Hand"}],"event_choices":[{"damage_healed":0,"gold_gain":0,"player_choice":"Got Potions","damage_taken":0,"max_hp_gain":0,"max_hp_loss":0,"event_name":"Lab","floor":19,"gold_loss":0},{"damage_healed":0,"gold_gain":0,"player_choice":"Simplicity","damage_taken":0,"max_hp_gain":0,"max_hp_loss":0,"event_name":"Back to Basics","floor":22,"gold_loss":0,"cards_upgraded":["Strike_G","Strike_G","Strike_G","Strike_G","Defend_G","Defend_G","Defend_G","Defend_G","Defend_G"]},{"damage_healed":0,"gold_gain":100,"player_choice":"Pray","damage_taken":0,"max_hp_gain":0,"max_hp_loss":0,"event_name":"Golden Shrine","floor":37,"gold_loss":0},{"damage_healed":0,"gold_gain":0,"player_choice":"Memory 1","damage_taken":0,"max_hp_gain":0,"max_hp_loss":0,"event_name":"SensoryStone","floor":44,"gold_loss":0},{"damage_healed":0,"gold_gain":0,"player_choice":"1 cards matched","damage_taken":0,"max_hp_gain":0,"max_hp_loss":0,"event_name":"Match and Keep!","floor":47,"gold_loss":0,"cards_obtained":["Tactician"]}],"is_beta":false,"boss_relics":[{"not_picked":["Runic Dome","Astrolabe"],"picked":"Calling Bell"},{"not_picked":["SlaversCollar","Snecko Eye"],"picked":"Cursed Key"}],"items_purged_floors":[21,38],"is_endless":false,"potions_floor_spawned":[1,3,5,7,11,16,18,20,31,35,39,46,48],"killed_by":"Time Eater","ascension_level":8}}