{"host":"a5lz0e76zb3fcwkm","time":1608603927,"event":{"mods":["AchievementEnabler","BaseMod","Colored Map","Colored Powertips","Minty Spire (QoL Compilation)","StSLib","SuperFastMode"],"gold_per_floor":[116,191,191,22,42,68,68,88,115,115,115,115],"floor_reached":11,"playtime":165,"items_purged":[],"score":192,"play_id":"6e0940c3-c144-450d-9ce7-634bc69232d2","local_time":"20201222112527","is_ascension_mode":true,"campfire_choices":[{"data":"Limit Break","floor":7,"key":"SMITH"},{"data":"Bash","floor":10,"key":"SMITH"}],"circlet_count":0,"master_deck":["AscendersBane","Strike_R","Strike_R","Strike_R","Strike_R+1","Strike_R","Defend_R","Defend_R","Defend_R","Defend_R+1","Bash+1","Limit Break+1","Shrug It Off"],"relics":["Burning Blood","NeowsBlessing","Toolbox","Smiling Mask","Akabeko"],"acts_visited":[],"potions_floor_usage":[11],"damage_taken":[{"damage":0,"enemies":"Cultist","floor":1,"turns":1},{"damage":0,"enemies":"Small Slimes","floor":5,"turns":1},{"damage":0,"enemies":"Gremlin Nob","floor":6,"turns":1},{"damage":12,"enemies":"Jaw Worm","floor":8,"turns":3},{"damage":27,"enemies":"3 Sentries","floor":11,"turns":12}],"seed_played":"6477167729347850509","potions_obtained":[{"floor":5,"key":"Energy Potion"}],"is_trial":false,"path_per_floor":["M","?","?","$","M","E","R","M","T","R","E"],"character_chosen":"IRONCLAD","items_purchased":["Toolbox"],"campfire_rested":0,"item_purchase_floors":[4],"current_hp_per_floor":[74,63,40,40,46,52,52,46,46,46,19,19],"gold":115,"neow_bonus":"THREE_ENEMY_KILL","is_daily":false,"chose_seed":false,"campfire_upgraded":2,"win_rate":0.0,"timestamp":1608603927,"path_taken":["M","?","?","?","M","E","R","M","T","R","E"],"items_purchased_type":["Relic"],"build_version":"2020-12-13","purchased_purges":0,"victory":false,"max_hp_per_floor":[75,75,75,75,75,75,75,75,75,75,75,75],"card_choices":[{"not_picked":["Flex","Headbutt","Clash"],"picked":"SKIP","floor":1},{"not_picked":["Clothesline","Dual Wield","Clash"],"picked":"SKIP","floor":5},{"not_picked":["Flex","Reckless Charge"],"picked":"Limit Break","floor":6},{"not_picked":["Disarm","Cleave"],"picked":"Shrug It Off","floor":8}],"player_experience":1633440,"relics_obtained":[{"floor":6,"key":"Smiling Mask"},{"floor":9,"key":"Akabeko"}],"event_choices":[{"damage_healed":0,"gold_gain":75,"player_choice":"Gather Gold","damage_taken":11,"max_hp_gain":0,"max_hp_loss":0,"event_name":"World of Goop","floor":2,"gold_loss":0},{"damage_healed":0,"gold_gain":0,"player_choice":"Entered Light","damage_taken":23,"max_hp_gain":0,"max_hp_loss":0,"event_name":"Shining Light","floor":3,"gold_loss":0,"cards_upgraded":["Strike_R","Defend_R"]}],"is_beta":false,"boss_relics":[],"items_purged_floors":[],"is_endless":false,"potions_floor_spawned":[5],"killed_by":"3 Sentries","ascension_level":20}}