{"host":"k5dhp0bkccqfauyu","time":1608634499,"event":{"mods":["BaseMod","Better Note","Better Skull","Better Vampires","Colored Map","Colored Powertips","DeckTracker","Minty Spire (QoL Compilation)","Permanent Neow","StSLib","SuperFastMode"],"gold_per_floor":[20,35,53,66,84,84,103,103,127,23,84,103,103,117,117,191,191,191,191,29,29,29,29,29,29,29,29,29,29,29,29,29,29,29,29,29,29,29,29,29,29,29,29,29,29,29,29,29,29,29,29,29,29,0,0,0,0],"floor_reached":56,"playtime":3395,"items_purged":["Strike_G"],"score":2082,"play_id":"39e7498d-0f7f-4d6f-8c4f-23621d7204f8","local_time":"20201222215459","is_ascension_mode":true,"campfire_choices":[{"data":"Cloak And Dagger","floor":6,"key":"SMITH"},{"floor":8,"key":"REST"},{"floor":13,"key":"REST"},{"data":"Panache","floor":15,"key":"SMITH"},{"data":"After Image","floor":24,"key":"SMITH"},{"data":"Flechettes","floor":28,"key":"SMITH"},{"floor":32,"key":"REST"},{"data":"After Image","floor":40,"key":"SMITH"},{"data":"Footwork","floor":44,"key":"SMITH"},{"floor":49,"key":"RECALL"},{"floor":53,"key":"REST"}],"circlet_count":0,"master_deck":["AscendersBane","Strike_G","Strike_G+1","Strike_G","Strike_G+1","Defend_G","Defend_G","Defend_G","Defend_G","Defend_G","Survivor","Neutralize","Panache+1","Deflect","Backflip","Cloak And Dagger+1","Backflip","Flechettes+1","Escape Plan","Acrobatics","Infinite Blades","Footwork","After Image+1","Blade Dance","Slice+1","Footwork+1","Leg Sweep","Blur+1","Dodge and Roll+1","After Image+1","Cloak And Dagger","Apotheosis","Master of Strategy","Flash of Steel","PiercingWail+1","Decay","Crippling Poison+1","Predator","Tools of the Trade","Backflip"],"relics":["Ring of the Snake","Regal Pillow","The Specimen","Ectoplasm","Sling","Toy Ornithopter","Whetstone","Singing Bowl","Red Mask","Sundial","Runic Dome","Pantograph","Pear","Bag of Marbles","Shuriken"],"acts_visited":["Exordium","TheCity","TheBeyond","TheEnding"],"potions_floor_usage":[3,11,16,23,25,35,37,39,42,46,46,56],"damage_taken":[{"damage":8,"enemies":"Cultist","floor":1,"turns":5},{"damage":5,"enemies":"Small Slimes","floor":2,"turns":5},{"damage":0,"enemies":"2 Louse","floor":3,"turns":4},{"damage":3,"enemies":"2 Fungi Beasts","floor":4,"turns":7},{"damage":29,"enemies":"Exordium Wildlife","floor":5,"turns":8},{"damage":5,"enemies":"Exordium Thugs","floor":7,"turns":4},{"damage":16,"enemies":"3 Sentries","floor":11,"turns":6},{"damage":2,"enemies":"2 Fungi Beasts","floor":12,"turns":4},{"damage":4,"enemies":"Looter","floor":14,"turns":3},{"damage":19,"enemies":"The Guardian","floor":16,"turns":15},{"damage":2,"enemies":"Shell Parasite","floor":18,"turns":5},{"damage":0,"enemies":"3 Byrds","floor":19,"turns":4},{"damage":10,"enemies":"Snake Plant","floor":21,"turns":4},{"damage":0,"enemies":"Gremlin Leader","floor":23,"turns":4},{"damage":21,"enemies":"Slavers","floor":25,"turns":5},{"damage":0,"enemies":"Centurion and Healer","floor":29,"turns":5},{"damage":15,"enemies":"Masked Bandits","floor":30,"turns":3},{"damage":11,"enemies":"Gremlin Leader","floor":31,"turns":6},{"damage":33,"enemies":"Champ","floor":33,"turns":20},{"damage":0,"enemies":"Orb Walker","floor":35,"turns":7},{"damage":0,"enemies":"3 Shapes","floor":37,"turns":7},{"damage":24,"enemies":"3 Darklings","floor":39,"turns":6},{"damage":0,"enemies":"Maw","floor":41,"turns":9},{"damage":0,"enemies":"Giant Head","floor":42,"turns":9},{"damage":0,"enemies":"Writhing Mass","floor":45,"turns":8},{"damage":9,"enemies":"Reptomancer","floor":46,"turns":6},{"damage":14,"enemies":"Spire Growth","floor":47,"turns":6},{"damage":10,"enemies":"Nemesis","floor":48,"turns":9},{"damage":2,"enemies":"Donu and Deca","floor":50,"turns":14},{"damage":78,"enemies":"Awakened One","floor":51,"turns":21},{"damage":41,"enemies":"Shield and Spear","floor":55,"turns":12},{"damage":83,"enemies":"The Heart","floor":56,"turns":8}],"seed_played":"-6002537373822354344","potions_obtained":[{"floor":2,"key":"Block Potion"},{"floor":5,"key":"Poison Potion"},{"floor":14,"key":"Poison Potion"},{"floor":16,"key":"GhostInAJar"},{"floor":19,"key":"SteroidPotion"},{"floor":21,"key":"DistilledChaos"},{"floor":23,"key":"Fruit Juice"},{"floor":31,"key":"Dexterity Potion"},{"floor":33,"key":"Block Potion"},{"floor":35,"key":"SkillPotion"},{"floor":37,"key":"AttackPotion"},{"floor":39,"key":"Explosive Potion"},{"floor":45,"key":"CunningPotion"},{"floor":55,"key":"Block Potion"}],"is_trial":false,"path_per_floor":["M","M","M","M","M","R","M","R","T","$","?","M","R","M","R","B",null,"M","M","$","M","?","E","R","E","T","?","R","M","?","E","R","B",null,"M","?","M","?","M","R","M","E","T","R","M","E","M","E","R","B","B",null,"R","$","E","B"],"character_chosen":"THE_SILENT","items_purchased":["Acrobatics","Sling","Backflip"],"campfire_rested":4,"item_purchase_floors":[10,20,54],"current_hp_per_floor":[51,46,46,43,14,14,9,28,28,28,12,10,44,40,40,21,55,53,53,53,43,43,53,53,37,37,37,37,37,22,11,47,14,57,62,52,57,57,40,40,42,47,47,47,49,62,48,38,38,61,8,69,89,89,50,0,0],"gold":0,"neow_bonus":"RANDOM_COLORLESS_2","is_daily":false,"chose_seed":false,"campfire_upgraded":6,"win_rate":0.0,"timestamp":1608634499,"path_taken":["M","M","M","?","M","R","M","R","T","?","?","M","R","M","R","BOSS","M","M","$","M","?","E","R","E","T","?","R","M","?","E","R","BOSS","M","?","M","?","M","R","M","E","T","R","M","E","M","E","R","BOSS","BOSS","R","$","E","BOSS"],"items_purchased_type":["Card","Relic","Card"],"build_version":"2020-12-13","purchased_purges":1,"victory":false,"max_hp_per_floor":[66,66,66,66,66,66,66,66,66,66,66,66,66,66,66,66,66,66,66,66,66,66,71,71,71,71,71,71,71,71,71,71,71,71,71,71,71,71,73,73,75,75,75,75,77,89,89,89,89,89,89,89,89,89,91,91,91],"card_choices":[{"not_picked":["Master of Strategy","Magnetism"],"picked":"Panache","floor":0},{"not_picked":["Infinite Blades","Distraction"],"picked":"Deflect","floor":1},{"not_picked":["Dodge and Roll","Sucker Punch"],"picked":"Backflip","floor":2},{"not_picked":["Flying Knee","Dagger Throw"],"picked":"Cloak And Dagger","floor":3},{"not_picked":["Deflect","Catalyst"],"picked":"Backflip","floor":4},{"not_picked":["Dagger Throw","Terror"],"picked":"Flechettes","floor":5},{"not_picked":["Underhanded Strike","Slice"],"picked":"Escape Plan","floor":7},{"not_picked":["Poisoned Stab","PiercingWail"],"picked":"Infinite Blades","floor":11},{"not_picked":["Outmaneuver","Caltrops","Sucker Punch"],"picked":"SKIP","floor":12},{"not_picked":["Poisoned Stab","PiercingWail"],"picked":"Footwork","floor":14},{"not_picked":["Die Die Die","Unload"],"picked":"After Image","floor":16},{"not_picked":["Caltrops","Underhanded Strike"],"picked":"Blade Dance","floor":18},{"not_picked":["Dagger Spray","Well Laid Plans","Blade Dance"],"picked":"SKIP","floor":19},{"not_picked":["Outmaneuver","Deadly Poison"],"picked":"Slice+1","floor":21},{"not_picked":["Outmaneuver","All Out Attack","Dagger Spray"],"picked":"SKIP","floor":23},{"not_picked":["Masterful Stab","Backstab+1"],"picked":"Footwork","floor":25},{"not_picked":["Sucker Punch","Slice"],"picked":"Leg Sweep","floor":29},{"not_picked":["Underhanded Strike","Slice+1"],"picked":"Blur+1","floor":30},{"not_picked":["Infinite Blades","Heel Hook"],"picked":"Dodge and Roll+1","floor":31},{"not_picked":["Adrenaline","A Thousand Cuts"],"picked":"After Image","floor":33},{"not_picked":["Distraction","Reflex"],"picked":"Cloak And Dagger","floor":35},{"not_picked":["Master of Strategy","Metamorphosis"],"picked":"Apotheosis","floor":36},{"not_picked":["Violence","Panacea"],"picked":"Master of Strategy","floor":36},{"not_picked":["Madness","Purity"],"picked":"Flash of Steel","floor":36},{"not_picked":["Outmaneuver","Flying Knee"],"picked":"PiercingWail+1","floor":37},{"not_picked":["Terror","PiercingWail","Cloak And Dagger"],"picked":"Singing Bowl","floor":39},{"not_picked":["Dagger Spray","Backflip","Blade Dance"],"picked":"Singing Bowl","floor":41},{"not_picked":["Catalyst","Riddle With Holes+1"],"picked":"Crippling Poison+1","floor":42},{"not_picked":["Flying Knee+1","Expertise","Distraction"],"picked":"Singing Bowl","floor":45},{"not_picked":["Blade Dance","Eviscerate","Dodge and Roll"],"picked":"Singing Bowl","floor":46},{"not_picked":["Blade Dance","Sucker Punch"],"picked":"Predator","floor":47},{"not_picked":["Infinite Blades","Quick Slash+1"],"picked":"Tools of the Trade","floor":48},{"not_picked":["Deadly Poison","Dash","Bane"],"picked":"Singing Bowl","floor":55}],"player_experience":1808014,"relics_obtained":[{"floor":9,"key":"Regal Pillow"},{"floor":11,"key":"The Specimen"},{"floor":23,"key":"Toy Ornithopter"},{"floor":25,"key":"Whetstone"},{"floor":26,"key":"Singing Bowl"},{"floor":30,"key":"Red Mask"},{"floor":31,"key":"Sundial"},{"floor":42,"key":"Pantograph"},{"floor":46,"key":"Pear"},{"floor":48,"key":"Bag of Marbles"},{"floor":55,"key":"Shuriken"}],"event_choices":[{"damage_healed":0,"gold_gain":0,"player_choice":"Searched \u00272\u0027 times","damage_taken":0,"max_hp_gain":0,"max_hp_loss":0,"event_name":"Dead Adventurer","floor":11,"gold_loss":0},{"damage_healed":0,"gold_gain":0,"player_choice":"Ignored","damage_taken":0,"max_hp_gain":0,"max_hp_loss":0,"event_name":"The Mausoleum","floor":22,"gold_loss":0},{"damage_healed":0,"gold_gain":0,"player_choice":"Ignored","damage_taken":0,"max_hp_gain":0,"max_hp_loss":0,"event_name":"Vampires","floor":27,"gold_loss":0},{"damage_healed":0,"gold_gain":0,"player_choice":"Fought Bandits","damage_taken":0,"max_hp_gain":0,"max_hp_loss":0,"event_name":"Masked Bandits","floor":30,"gold_loss":0},{"damage_healed":0,"gold_gain":0,"player_choice":"Memory 3","damage_taken":10,"max_hp_gain":0,"max_hp_loss":0,"event_name":"SensoryStone","floor":36,"gold_loss":0},{"damage_healed":0,"gold_gain":0,"player_choice":"Cursed","damage_taken":0,"max_hp_gain":0,"max_hp_loss":0,"event_name":"Wheel of Change","floor":38,"gold_loss":0,"cards_obtained":["Decay"]}],"is_beta":false,"boss_relics":[{"not_picked":["SacredBark","Empty Cage"],"picked":"Ectoplasm"},{"not_picked":["Tiny House","Fusion Hammer"],"picked":"Runic Dome"}],"items_purged_floors":[10],"is_endless":false,"potions_floor_spawned":[2,5,14,16,19,21,23,31,33,35,37,39,45,55],"killed_by":"The Heart","ascension_level":20}}