{"host":"jak4ncvfzor9mys0","time":1608618190,"event":{"mods":["2.2 Compatiblity","AchievementEnabler","BaseMod","Better Altar","Better Match","Better Note","Better Sensory Stone","Better Skull","Better Third Choice","BetterRewards","Block Reminder","Colored Map","Colored Powertips","Energized Spire","Gold Saver","Hubris","Infinite Spire","Key Reminder","Minty Spire (QoL Compilation)","Rare Cards Sparkle","Red Circlet Mod","Relic Sorter","Relic Stats","Replay The Spire","Retaliation","StSLib","SuperFastMode","The Blue Laboratory"],"gold_per_floor":[1515,1531,1544,1556,1216,1216,1216,1216,1216,1227,1242,1242,1142,1157,1157,1256,1256,1275,1200,1200,1226,1226,1255,1255,1255,1255,1268,1268,1283,1312,557,557,700,700,757,357,357,404,404,404,404,449,472,513,513,251,289,332,332,454,454,488,526,370,398,443,479,479,520,543,543,582,582,628,667,667,791,791,844,901,901,909,961,961,961,1040,1040,1117,1117,865,940,1003,1003,1142,1142,1229,844,901,901,756,815,815,869,869,829,829,829,885,946,946,1073,1073,1150,1150,1232,1153,1238,1238,1324,1324,1324,1324,1414,1414,1529,1529,1529,1706,1706,1809,1724,1724,1724,1664,1664,1502,1526,1538,1472,1590,1382,1505,1505,1505,1700,1700,1828,1754,1754,1890,1943,1943,2118,2118,2167,2359,2359,2544,2592,2778,2778,3088,3088,3088,2941,3197,3496],"floor_reached":158,"playtime":6109,"items_purged":["Strike_B","Strike_B","Defend_B","Strike_B","Defend_B","Streamline+1","Conserve Battery+1","Rebound+1"],"score":5176,"play_id":"631dff64-a2f4-442d-92b4-ee4d4ecf8509","local_time":"20201221222310","is_ascension_mode":false,"campfire_choices":[{"data":"Zap","floor":6.0,"key":"SMITH"},{"data":"Dualcast","floor":12.0,"key":"SMITH"},{"data":"Streamline","floor":15.0,"key":"SMITH"},{"data":"Defend_B","floor":24.0,"key":"SMITH"},{"floor":28.0,"key":"REST"},{"floor":32.0,"key":"REST"},{"data":"Capacitor","floor":40.0,"key":"SMITH"},{"data":"infinitespire:Oblivion","floor":49.0,"key":"SMITH"},{"data":"Ball Lightning","floor":63.0,"key":"SMITH"},{"data":"Ball Lightning","floor":66.0,"key":"SMITH"},{"data":"infinitespire:Oblivion","floor":74.0,"key":"SMITH"},{"data":"Conserve Battery","floor":79.0,"key":"SMITH"},{"data":"Rebound","floor":83.0,"key":"SMITH"},{"data":"Defend_B+3","floor":92.0,"key":"SMITH"},{"data":"Defend_B+5","floor":96.0,"key":"SMITH"},{"data":"Defend_B+6","floor":100.0,"key":"SMITH"},{"floor":108.0,"key":"REST"},{"data":"Defend_B+7","floor":110.0,"key":"SMITH"},{"data":"Defend_B+9","floor":117.0,"key":"SMITH"},{"data":"Defend_B+10","floor":125.0,"key":"SMITH"},{"floor":134.0,"key":"REST"},{"floor":142.0,"key":"REST"},{"floor":144,"key":"REST"},{"floor":147,"key":"REST"},{"floor":151,"key":"REST"},{"floor":154,"key":"REST"}],"circlet_count":0,"master_deck":["Defend_B+5","Zap+1","Dualcast+1","Stack+1","hubris:Ukulele+1","Ball Lightning+1","Steam+1","Echo Form+1","Ball Lightning+1","infinitespire:Fortify+1","Redo+1","Leap+1","infinitespire:Fortify+1","Capacitor+1","Consume+1","infinitespire:Oblivion+1","FIFO Queue+1","Defragment+1","infinitespire:Oblivion+1","Leap+1","Chill+1"],"relics":["Cracked Core","hubris:Stopwatch","Velvet Choker","hubris:Teleporter","hubris:BundleOfHerbs","infinitespire:WardingShard","infinitespire:Eraser","infinitespire:SolderingIron","Tiny Chest","infinitespire:ShieldingShard","Incense Burner","hubris:64BitClover","Inserter","Anchor","Toxic Egg 2","hubris:ToyBattleship","Empty Cage","Replay:Baseball","ReplayFunnel","Pantograph","Bottled Tornado","infinitespire:Midas Blood","infinitespire:EvilPickle","Replay:Ringing Soul","hubris:BallOfYels","hubris:Towel","Cables","Simple Rune","Busted Crown","infinitespire:Freezer","Gremlin Food","hubris:SlimyHat","Geode","Darkstone Periapt","Replay:Kaleidoscope","Membership Card","CaptainsWheel","hubris:TenFootPole","Sling","PreservedInsect","Oddly Smooth Stone","SlaversCollar","White Beast Statue","ReplayTheSpireMod:Lightbulb","Replay:Bottled Eggs","Replay:Wax Seal","MawBank","InkBottle","Replay:Bandana","Runic Capacitor","infinitespire:CheckeredPen","HornCleat","MealTicket","infinitespire:PuzzleCube","infinitespire:CursedDice","Eternal Feather","Lantern","Replay:Rubber Ducky","Gremlin Horn","Pear","DataDisk","Vajra","Art of War"],"acts_visited":["Exordium","TheCity","TheBeyond","Exordium","TheCity","TheBeyond","Exordium","TheCity","TheBeyond","TheEnding"],"potions_floor_usage":[156,156,157,157],"damage_taken":[{"damage":2.0,"enemies":"2 Louse","floor":1.0,"turns":2.0},{"damage":1.0,"enemies":"Cultist","floor":2.0,"turns":3.0},{"damage":6.0,"enemies":"Jaw Worm","floor":3.0,"turns":4.0},{"damage":2.0,"enemies":"Exordium Thugs","floor":4.0,"turns":5.0},{"damage":0.0,"enemies":"2 Fungi Beasts","floor":10.0,"turns":2.0},{"damage":0.0,"enemies":"3 Louse","floor":11.0,"turns":3.0},{"damage":0.0,"enemies":"Lots of Slimes","floor":14.0,"turns":2.0},{"damage":15.0,"enemies":"Hexaghost","floor":16.0,"turns":6.0},{"damage":10.0,"enemies":"2 Thieves","floor":18.0,"turns":3.0},{"damage":6.0,"enemies":"Replay:Snechameleon","floor":23.0,"turns":6.0},{"damage":21.0,"enemies":"3 Byrds","floor":27.0,"turns":4.0},{"damage":1.0,"enemies":"Shelled Parasite and Fungi","floor":29.0,"turns":4.0},{"damage":19.0,"enemies":"Nightmare","floor":30.0,"turns":7.0},{"damage":3.0,"enemies":"Pondfish","floor":33.0,"turns":10.0},{"damage":0.0,"enemies":"Orb Walker","floor":35.0,"turns":5.0},{"damage":0.0,"enemies":"2 Orb Walkers","floor":38.0,"turns":4.0},{"damage":0.0,"enemies":"3 Shapes","floor":42.0,"turns":3.0},{"damage":0.0,"enemies":"Transient","floor":44.0,"turns":5.0},{"damage":1.0,"enemies":"Writhing Mass","floor":47.0,"turns":5.0},{"damage":14.0,"enemies":"Sphere and 2 Shapes","floor":48.0,"turns":4.0},{"damage":0.0,"enemies":"Awakened One","floor":50.0,"turns":9.0},{"damage":12.0,"enemies":"Jaw Worm","floor":52.0,"turns":2.0},{"damage":0.0,"enemies":"Cultist","floor":53.0,"turns":3.0},{"damage":0.0,"enemies":"Small Slimes","floor":55.0,"turns":2.0},{"damage":0.0,"enemies":"Lagavulin Event","floor":56.0,"turns":3.0},{"damage":0.0,"enemies":"2 Fungi Beasts","floor":57.0,"turns":3.0},{"damage":4.0,"enemies":"Exordium Thugs","floor":59.0,"turns":3.0},{"damage":0.0,"enemies":"Looter","floor":62.0,"turns":2.0},{"damage":0.0,"enemies":"Exordium Wildlife","floor":64.0,"turns":2.0},{"damage":0.0,"enemies":"Large Slime","floor":65.0,"turns":5.0},{"damage":0.0,"enemies":"Hexaghost","floor":67.0,"turns":5.0},{"damage":0.0,"enemies":"Chosen","floor":69.0,"turns":3.0},{"damage":0.0,"enemies":"Shell Parasite","floor":70.0,"turns":3.0},{"damage":0.0,"enemies":"3 Cultists","floor":73.0,"turns":6.0},{"damage":16.0,"enemies":"Book of Stabbing","floor":76.0,"turns":4.0},{"damage":21.0,"enemies":"Gremlin Leader","floor":78.0,"turns":5.0},{"damage":0.0,"enemies":"Snecko","floor":82.0,"turns":4.0},{"damage":0.0,"enemies":"Automaton","floor":84.0,"turns":5.0},{"damage":17.0,"enemies":"Orb Walker","floor":86.0,"turns":2.0},{"damage":0.0,"enemies":"3 Shapes","floor":88.0,"turns":3.0},{"damage":4.0,"enemies":"R_Hoarder","floor":91.0,"turns":5.0},{"damage":0.0,"enemies":"Jaw Worm Horde","floor":93.0,"turns":4.0},{"damage":0.0,"enemies":"4 Shapes","floor":98.0,"turns":6.0},{"damage":0.0,"enemies":"Sphere and 2 Shapes","floor":99.0,"turns":3.0},{"damage":17.0,"enemies":"Time Eater","floor":101.0,"turns":9.0},{"damage":0.0,"enemies":"Jaw Worm","floor":103.0,"turns":3.0},{"damage":0.0,"enemies":"Cultist","floor":105.0,"turns":3.0},{"damage":0.0,"enemies":"2 Louse","floor":107.0,"turns":3.0},{"damage":0.0,"enemies":"Looter","floor":109.0,"turns":2.0},{"damage":0.0,"enemies":"Gremlin Gang","floor":113.0,"turns":3.0},{"damage":0.0,"enemies":"Gremlin Nob","floor":115.0,"turns":2.0},{"damage":0.0,"enemies":"The Guardian","floor":118.0,"turns":5.0},{"damage":0.0,"enemies":"3 Byrds","floor":120.0,"turns":4.0},{"damage":26.0,"enemies":"2 Thieves","floor":130.0,"turns":3.0},{"damage":0.0,"enemies":"Gremlin Leader","floor":132.0,"turns":4.0},{"damage":52.0,"enemies":"hubris:MusketHawk","floor":135.0,"turns":7.0},{"damage":0.0,"enemies":"3 Darklings","floor":137.0,"turns":4.0},{"damage":0.0,"enemies":"3 Shapes","floor":140.0,"turns":4.0},{"damage":0.0,"enemies":"2 Orb Walkers","floor":141.0,"turns":6.0},{"damage":0.0,"enemies":"R_Hoarder","floor":143.0,"turns":5.0},{"damage":0,"enemies":"Nemesis","floor":146,"turns":3},{"damage":0,"enemies":"Transient","floor":148,"turns":5},{"damage":0,"enemies":"Jaw Worm Horde","floor":150,"turns":4},{"damage":0,"enemies":"Donu and Deca","floor":152,"turns":6},{"damage":0,"enemies":"Shield and Spear","floor":156,"turns":4},{"damage":0,"enemies":"The Heart","floor":157,"turns":9}],"seed_played":"-3073692677421854827","potions_obtained":[{"floor":4.0,"key":"FearPotion"},{"floor":10.0,"key":"Fire Potion"},{"floor":11.0,"key":"ColorlessPotion"},{"floor":16.0,"key":"Adrenaline Potion"},{"floor":33.0,"key":"SkillPotion"},{"floor":44.0,"key":"blueLaboratory:FrostheartPotion"},{"floor":50.0,"key":"Venom Potion"},{"floor":55.0,"key":"blueLaboratory:HummingbirdPotion"},{"floor":57.0,"key":"blueLaboratory:EmptyBottle"},{"floor":62.0,"key":"blueLaboratory:HorrorPotion"},{"floor":64.0,"key":"blueLaboratory:RelayPotion"},{"floor":65.0,"key":"PowerPotion"},{"floor":69.0,"key":"EssenceOfDarkness"},{"floor":105.0,"key":"blueLaboratory:FrostheartPotion"},{"floor":109.0,"key":"AttackPotion"},{"floor":130.0,"key":"Adrenaline Potion"},{"floor":132.0,"key":"SkillPotion"},{"floor":148,"key":"blueLaboratory:RelayPotion"},{"floor":157,"key":"LifebloodPotion"}],"is_trial":false,"path_per_floor":["M","M","M","M","$","R","?","?","T","M","M","R","$","M","R","B",null,"M","?","AVR","T","?","E","R","?","T","M","R","M","NM","$","R","B",null,"M","$","?","?","?","R","AVR","M","T","M","?","$","M","M","R","B",null,"M","M","$","M","?","M","?","M","T","$","M","R","M","M","R","B",null,"M","M","?","?","M","R","?","E","T","E","R","$","?","M","R","B",null,"M","$","M","?","$","E","R","M","T","?","R","AVR","M","M","R","B",null,"M","?","M","$","M","R","M","R","T","?","M","$","E","T","R","B",null,"M","?","AVR","?","?","R","$","T","T","$","M","$","E","?","R","B",null,"M","$","T","M","?","R","E","R","T","E","R","M","?","M","R","B",null,"R","$","E","B",null],"character_chosen":"DEFECT","items_purchased":["Anchor","hubris:Ukulele+1","Conserve Battery","Capacitor","Incense Burner","infinitespire:Midas Blood","Replay:Ringing Soul","Cables","infinitespire:Freezer","Membership Card","Leap+1","CaptainsWheel","infinitespire:ShieldingShard","hubris:TenFootPole","Sling","Tiny Chest","Replay:Bottled Eggs","Replay:Wax Seal","Replay:Bandana","Runic Capacitor","infinitespire:CheckeredPen","MealTicket","DataDisk","Vajra"],"campfire_rested":9,"item_purchase_floors":[5,5,5,31,31,31,36,46,54,80,80,87,87,90,90,106,126,126,129,131,131,138,155,155],"current_hp_per_floor":[80,79,73,71,71,71,71,71,71,71,71,71,71,71,71,56,82,72,72,72,72,72,66,66,66,66,45,69,68,49,49,73,79,82,82,82,82,85,85,85,88,91,91,91,91,91,93,79,79,94,94,82,82,82,82,82,82,82,78,78,78,78,78,78,78,78,94,97,97,97,97,81,81,81,97,81,81,60,60,63,63,63,63,88,100,83,83,83,83,83,79,79,79,79,79,79,79,79,79,79,83,100,100,100,100,100,100,100,100,100,100,100,100,100,100,100,100,100,100,100,100,100,100,100,100,100,100,100,100,74,74,74,74,100,48,100,100,100,100,100,100,100,100,100,100,100,100,100,100,113,113,113,113,113,113,113,113],"gold":3496,"neow_bonus":"TEN_PERCENT_HP_BONUS","is_daily":false,"chose_seed":false,"campfire_upgraded":17,"win_rate":0.0,"timestamp":1608618190,"path_taken":["M","M","M","M","$","R","?","?","T","M","?","R","$","M","R","BOSS","M","?","AVR","?","?","E","R","?","T","?","R","M","NM","$","R","BOSS","M","$","?","?","?","R","AVR","?","T","M","?","?","?","M","R","BOSS","M","?","$","M","?","M","?","M","T","$","?","R","M","M","R","BOSS","M","M","?","?","M","R","?","E","T","E","R","$","?","M","R","BOSS","M","$","M","?","$","E","R","M","T","?","R","AVR","M","?","R","BOSS","M","?","M","$","M","R","M","R","T","?","?","?","E","?","R","BOSS","M","?","AVR","?","?","R","$","?","T","?","?","$","E","?","R","BOSS","M","$","?","?","?","R","E","R","T","E","R","M","?","M","R","BOSS","R","$","E","BOSS"],"items_purchased_type":["Relic","Card","Card","Card","Relic","Relic","Relic","Relic","Relic","Relic","Card","Relic","Relic","Relic","Relic","Relic","Relic","Relic","Relic","Relic","Relic","Relic","Relic","Relic"],"build_version":"2020-12-13","purchased_purges":8,"victory":true,"max_hp_per_floor":[82,82,82,82,82,82,82,82,82,82,82,82,82,82,82,82,82,82,82,82,82,82,82,82,82,82,82,82,82,82,82,82,82,82,82,82,82,85,85,85,88,91,91,91,91,91,94,94,94,94,94,94,94,94,94,94,94,94,94,94,94,94,94,94,94,94,94,97,97,97,97,97,97,97,97,97,97,97,97,100,100,100,100,100,100,100,100,100,100,100,100,100,100,100,100,100,100,100,100,100,100,100,100,100,100,100,100,100,100,100,100,100,100,100,100,100,100,100,100,100,100,100,100,100,100,100,100,100,100,100,100,100,100,100,100,100,100,100,100,100,100,100,100,100,100,100,100,100,100,113,113,113,113,113,113,113,113],"relic_stats":{"Darkstone Periapt":0,"Inserter":[102],"Gremlin Horn":[4,4],"counters":[67,278],"Eternal Feather":0,"PreservedInsect":497,"MawBank":24,"Cables":[164,79,48,22,15],"Busted Crown":454,"Pantograph":86,"Tiny Chest":3,"MealTicket":0,"Art of War":[1],"obtain_stats":[{"hubris:BallOfYels":43,"Gremlin Horn":149,"Vajra":155,"Runic Capacitor":131,"Bottled Tornado":30,"Sling":90,"Replay:Ringing Soul":36,"infinitespire:ShieldingShard":87,"infinitespire:SolderingIron":111,"HornCleat":132,"MealTicket":138,"Toxic Egg 2":8,"Replay:Wax Seal":126,"hubris:Teleporter":56,"Pear":150,"Velvet Choker":34,"Oddly Smooth Stone":99,"Eternal Feather":143,"Replay:Kaleidoscope":78,"Cables":46,"infinitespire:EvilPickle":33,"SlaversCollar":102,"Replay:Baseball":20,"Simple Rune":47,"hubris:ToyBattleship":9,"hubris:TenFootPole":90,"infinitespire:PuzzleCube":139,"ReplayFunnel":21,"Darkstone Periapt":77,"Lantern":145,"Incense Burner":31,"hubris:SlimyHat":60,"Empty Cage":17,"Replay:Rubber Ducky":146,"Replay:Bandana":129,"Pantograph":23,"hubris:Stopwatch":153,"Tiny Chest":106,"infinitespire:Eraser":121,"Replay:Bottled Eggs":126,"Cracked Core":0,"InkBottle":128,"Gremlin Food":59,"Inserter":20,"hubris:64BitClover":26,"infinitespire:CursedDice":141,"PreservedInsect":94,"Geode":76,"infinitespire:CheckeredPen":131,"hubris:Towel":45,"MawBank":127,"White Beast Statue":116,"Anchor":5,"CaptainsWheel":87,"DataDisk":155,"Busted Crown":51,"infinitespire:WardingShard":73,"hubris:BundleOfHerbs":91,"Art of War":156,"Membership Card":80,"ReplayTheSpireMod:Lightbulb":118,"infinitespire:Midas Blood":31,"infinitespire:Freezer":54},{"hubris:BallOfYels":17,"Gremlin Horn":63,"Vajra":65,"Runic Capacitor":54,"Bottled Tornado":13,"Sling":40,"Replay:Ringing Soul":15,"infinitespire:ShieldingShard":39,"infinitespire:SolderingIron":49,"HornCleat":55,"MealTicket":57,"Toxic Egg 2":4,"Replay:Wax Seal":53,"hubris:Teleporter":24,"Pear":64,"Velvet Choker":14,"Oddly Smooth Stone":44,"Eternal Feather":61,"Replay:Kaleidoscope":36,"Cables":18,"infinitespire:EvilPickle":14,"SlaversCollar":45,"Replay:Baseball":9,"Simple Rune":19,"hubris:ToyBattleship":4,"hubris:TenFootPole":40,"infinitespire:PuzzleCube":57,"ReplayFunnel":9,"Darkstone Periapt":35,"Lantern":61,"Incense Burner":13,"hubris:SlimyHat":27,"Empty Cage":8,"Replay:Rubber Ducky":62,"Replay:Bandana":53,"Pantograph":10,"hubris:Stopwatch":65,"Tiny Chest":47,"infinitespire:Eraser":53,"Replay:Bottled Eggs":53,"Cracked Core":0,"InkBottle":53,"Gremlin Food":27,"Inserter":9,"hubris:64BitClover":10,"infinitespire:CursedDice":59,"PreservedInsect":42,"Geode":35,"infinitespire:CheckeredPen":54,"hubris:Towel":18,"MawBank":53,"White Beast Statue":51,"Anchor":4,"CaptainsWheel":39,"DataDisk":65,"Busted Crown":21,"infinitespire:WardingShard":34,"hubris:BundleOfHerbs":41,"Art of War":66,"Membership Card":36,"ReplayTheSpireMod:Lightbulb":52,"infinitespire:Midas Blood":13,"infinitespire:Freezer":23},{"hubris:BallOfYels":73,"Gremlin Horn":255,"Vajra":265,"Runic Capacitor":216,"Bottled Tornado":51,"Sling":161,"Replay:Ringing Soul":66,"infinitespire:ShieldingShard":158,"infinitespire:SolderingIron":199,"HornCleat":220,"MealTicket":231,"Toxic Egg 2":14,"Replay:Wax Seal":213,"hubris:Teleporter":103,"Pear":259,"Velvet Choker":61,"Oddly Smooth Stone":179,"Eternal Feather":247,"Replay:Kaleidoscope":147,"Cables":78,"infinitespire:EvilPickle":61,"SlaversCollar":188,"Replay:Baseball":30,"Simple Rune":83,"hubris:ToyBattleship":14,"hubris:TenFootPole":161,"infinitespire:PuzzleCube":231,"ReplayFunnel":30,"Darkstone Periapt":142,"Lantern":247,"Incense Burner":51,"hubris:SlimyHat":112,"Empty Cage":27,"Replay:Rubber Ducky":250,"Replay:Bandana":213,"Pantograph":36,"hubris:Stopwatch":265,"Tiny Chest":194,"infinitespire:Eraser":213,"Replay:Bottled Eggs":213,"Cracked Core":0,"InkBottle":213,"Gremlin Food":112,"Inserter":30,"hubris:64BitClover":36,"infinitespire:CursedDice":241,"PreservedInsect":170,"Geode":142,"infinitespire:CheckeredPen":216,"hubris:Towel":78,"MawBank":213,"White Beast Statue":204,"Anchor":14,"CaptainsWheel":158,"DataDisk":265,"Busted Crown":96,"infinitespire:WardingShard":138,"hubris:BundleOfHerbs":166,"Art of War":269,"Membership Card":147,"ReplayTheSpireMod:Lightbulb":209,"infinitespire:Midas Blood":51,"infinitespire:Freezer":101}],"InkBottle":[26]},"card_choices":[{"not_picked":["Reinforced Body","Rebound","Sweeping Beam"],"picked":"SKIP","floor":1.0},{"not_picked":["Heatsinks","Blizzard","Coolheaded"],"picked":"SKIP","floor":2.0},{"not_picked":["Coolheaded","Blizzard"],"picked":"Stack","floor":3.0},{"not_picked":["Chaos","Amplify"],"picked":"Streamline","floor":4.0},{"not_picked":["BasicCrystalCard+1","Streamline","Gash"],"picked":"SKIP","floor":10.0},{"not_picked":["Scrape","Barrage"],"picked":"Ball Lightning","floor":11.0},{"not_picked":["Turbo+1","Gash"],"picked":"Steam+1","floor":14.0},{"not_picked":["Seek+1","Core Surge"],"picked":"Echo Form","floor":16.0},{"not_picked":["Sweeping Beam","Loop"],"picked":"Ball Lightning","floor":18.0},{"not_picked":["Gash","Panic Button"],"picked":"Rebound","floor":19.0},{"not_picked":["Steam+1","Gash","Lockon"],"picked":"SKIP","floor":23.0},{"not_picked":["Time Bomb+1","Chaos+1"],"picked":"Redo+1","floor":27.0},{"not_picked":["Gash","Electrodynamics"],"picked":"Leap+1","floor":29.0},{"not_picked":["infinitespire:Collect","infinitespire:Gouge"],"picked":"infinitespire:Fortify","floor":30.0},{"not_picked":["Static Discharge","Redo+1","Coolheaded+1"],"picked":"SKIP","floor":30.0},{"not_picked":["Capacitor+1","Static Discharge+1","Beam Cell+1"],"picked":"SKIP","floor":35.0},{"not_picked":["Beam Cell","Steam+1"],"picked":"Consume+1","floor":38.0},{"not_picked":["Fusion+1","ReplayTheSpireMod:Reroute Power+1"],"picked":"FIFO Queue","floor":42.0},{"not_picked":["Compile Driver+1","Cold Snap+1","Gash"],"picked":"SKIP","floor":44.0},{"not_picked":["Rebound","Seek+1"],"picked":"Defragment+1","floor":47.0},{"not_picked":["Barrage","Recycle+1","Steam+1"],"picked":"SKIP","floor":48.0},{"not_picked":["Ball Lightning"],"picked":"SKIP","floor":52.0},{"not_picked":["Compile Driver"],"picked":"SKIP","floor":53.0},{"not_picked":["ReplaySolidLightProjector+1"],"picked":"SKIP","floor":55.0},{"not_picked":["Conserve Battery+1"],"picked":"SKIP","floor":57.0},{"not_picked":["Compile Driver"],"picked":"SKIP","floor":59.0},{"not_picked":["Barrage"],"picked":"SKIP","floor":62.0},{"not_picked":["Rip and Tear"],"picked":"SKIP","floor":64.0},{"not_picked":["ReplayTheSpireMod:System Scan+1"],"picked":"SKIP","floor":65.0},{"not_picked":["infinitespire:Collect","infinitespire:Punishment"],"picked":"infinitespire:Oblivion","floor":68.0},{"not_picked":["Rebound"],"picked":"SKIP","floor":69.0},{"not_picked":["Ball Lightning"],"picked":"SKIP","floor":70.0},{"not_picked":["ReplayTheSpireMod:Fabricate Wheel+1"],"picked":"SKIP","floor":73.0},{"not_picked":["Gash+1"],"picked":"SKIP","floor":76.0},{"not_picked":["Auto Shields+1"],"picked":"SKIP","floor":78.0},{"not_picked":["Barrage"],"picked":"SKIP","floor":82.0},{"not_picked":["Undo+1"],"picked":"SKIP","floor":86.0},{"not_picked":["Stack+1"],"picked":"SKIP","floor":88.0},{"not_picked":["Scrape+1"],"picked":"SKIP","floor":91.0},{"not_picked":["Barrage+1"],"picked":"SKIP","floor":93.0},{"not_picked":["Skim+1"],"picked":"SKIP","floor":98.0},{"not_picked":["Creative AI"],"picked":"SKIP","floor":99.0},{"not_picked":["Static Discharge"],"picked":"SKIP","floor":103.0},{"not_picked":["Sunder"],"picked":"SKIP","floor":105.0},{"not_picked":["Streamline"],"picked":"SKIP","floor":107.0},{"not_picked":["Go for the Eyes"],"picked":"SKIP","floor":109.0},{"not_picked":["BasicCrystalCard+1"],"picked":"SKIP","floor":113.0},{"not_picked":["Melter"],"picked":"SKIP","floor":115.0},{"not_picked":["Redo+1"],"picked":"SKIP","floor":120.0},{"not_picked":["Redo+1"],"picked":"SKIP","floor":120.0},{"not_picked":["Lockon"],"picked":"SKIP","floor":130.0},{"not_picked":["Turbo+1"],"picked":"SKIP","floor":132.0},{"not_picked":["Rebound"],"picked":"SKIP","floor":137.0},{"not_picked":["Beam Cell+1"],"picked":"SKIP","floor":140.0},{"not_picked":["Doom and Gloom+1"],"picked":"SKIP","floor":143},{"not_picked":["Streamline+1"],"picked":"SKIP","floor":146},{"not_picked":["Sweeping Beam"],"picked":"SKIP","floor":148},{"not_picked":[],"picked":"Chill+1","floor":150},{"not_picked":["Ball Lightning"],"picked":"SKIP","floor":156}],"player_experience":2650205,"relics_obtained":[{"floor":9.0,"key":"hubris:ToyBattleship"},{"floor":21.0,"key":"ReplayFunnel"},{"floor":23.0,"key":"Pantograph"},{"floor":26.0,"key":"hubris:64BitClover"},{"floor":30.0,"key":"Bottled Tornado"},{"floor":43.0,"key":"hubris:BallOfYels"},{"floor":47.0,"key":"Simple Rune"},{"floor":59.0,"key":"Gremlin Food"},{"floor":60.0,"key":"hubris:SlimyHat"},{"floor":73.0,"key":"infinitespire:WardingShard"},{"floor":76.0,"key":"Geode"},{"floor":77.0,"key":"Darkstone Periapt"},{"floor":78.0,"key":"Replay:Kaleidoscope"},{"floor":91.0,"key":"hubris:BundleOfHerbs"},{"floor":94.0,"key":"PreservedInsect"},{"floor":99.0,"key":"Oddly Smooth Stone"},{"floor":111.0,"key":"infinitespire:SolderingIron"},{"floor":116.0,"key":"White Beast Statue"},{"floor":118.0,"key":"ReplayTheSpireMod:Lightbulb"},{"floor":127.0,"key":"MawBank"},{"floor":128.0,"key":"InkBottle"},{"floor":132.0,"key":"HornCleat"},{"floor":139.0,"key":"infinitespire:PuzzleCube"},{"floor":141.0,"key":"infinitespire:CursedDice"},{"floor":143,"key":"Eternal Feather"},{"floor":145,"key":"Lantern"},{"floor":146,"key":"Replay:Rubber Ducky"},{"floor":149,"key":"Gremlin Horn"},{"floor":150,"key":"Pear"},{"floor":156,"key":"Art of War"}],"event_choices":[{"damage_healed":0.0,"max_hp_gain":0.0,"max_hp_loss":0.0,"gold_gain":0.0,"event_name":"WeMeetAgain","player_choice":"Gave Potion","floor":8.0,"gold_loss":0.0,"damage_taken":0.0,"relics_obtained":["Toxic Egg 2"]},{"damage_healed":0.0,"max_hp_gain":0.0,"max_hp_loss":0.0,"gold_gain":0.0,"event_name":"betterMatch:BetterMatch","player_choice":"1","floor":19.0,"gold_loss":0.0,"damage_taken":0.0,"cards_obtained":["betterMatch:ColorlessUncommonCard","betterMatch:CommonCard"]},{"damage_healed":0.0,"max_hp_gain":0.0,"max_hp_loss":0.0,"gold_gain":0.0,"event_name":"Accursed Blacksmith","player_choice":"Forge","floor":22.0,"gold_loss":0.0,"damage_taken":0.0,"cards_upgraded":["Echo Form"]},{"cards_removed":["Strike_B"],"damage_healed":0.0,"max_hp_gain":0.0,"max_hp_loss":0.0,"gold_gain":0.0,"event_name":"betterNote:BetterNote","player_choice":"Give","floor":25.0,"gold_loss":0.0,"damage_taken":0.0,"cards_obtained":["Strike_G"]},{"damage_healed":0.0,"max_hp_gain":0.0,"max_hp_loss":0.0,"gold_gain":0.0,"event_name":"Mysterious Sphere","player_choice":"Fight","floor":38.0,"gold_loss":0.0,"damage_taken":0.0},{"damage_healed":0.0,"max_hp_gain":0.0,"max_hp_loss":0.0,"gold_gain":3.0,"event_name":"betterStone:BetterStone","player_choice":"1","floor":39.0,"gold_loss":0.0,"damage_taken":0.0},{"damage_healed":0.0,"max_hp_gain":0.0,"max_hp_loss":0.0,"gold_gain":30.0,"event_name":"Dead Adventurer","player_choice":"Searched \u00273\u0027 times","floor":56.0,"gold_loss":0.0,"damage_taken":0.0,"relics_obtained":["hubris:Teleporter"]},{"damage_healed":0.0,"max_hp_gain":0.0,"max_hp_loss":0.0,"gold_gain":0.0,"event_name":"FaceTrader","player_choice":"Leave","floor":58.0,"gold_loss":0.0,"damage_taken":0.0},{"damage_healed":0.0,"max_hp_gain":0.0,"max_hp_loss":0.0,"gold_gain":0.0,"event_name":"Vampires","player_choice":"Ignored","floor":71.0,"gold_loss":0.0,"damage_taken":0.0},{"damage_healed":0.0,"max_hp_gain":0.0,"max_hp_loss":0.0,"gold_gain":0.0,"event_name":"Cursed Tome","player_choice":"Obtained Book","floor":72.0,"gold_loss":0.0,"damage_taken":16.0},{"damage_healed":32.0,"max_hp_gain":0.0,"max_hp_loss":0.0,"gold_gain":0.0,"event_name":"The Library","player_choice":"Heal","floor":75.0,"gold_loss":0.0,"damage_taken":0.0},{"damage_healed":0.0,"max_hp_gain":0.0,"max_hp_loss":0.0,"gold_gain":0.0,"event_name":"Designer","player_choice":"Upgrade","floor":95.0,"gold_loss":40.0,"damage_taken":0.0,"cards_upgraded":["Defend_B"]},{"damage_healed":0.0,"max_hp_gain":0.0,"max_hp_loss":0.0,"gold_gain":0.0,"event_name":"Golden Idol","player_choice":"Ignored","floor":104.0,"gold_loss":0.0,"damage_taken":0.0},{"damage_healed":0.0,"max_hp_gain":0.0,"max_hp_loss":0.0,"gold_gain":0.0,"event_name":"Accursed Blacksmith","player_choice":"Forge","floor":112.0,"gold_loss":0.0,"damage_taken":0.0,"cards_upgraded":["Defend_B"]},{"damage_healed":0.0,"max_hp_gain":0.0,"max_hp_loss":0.0,"gold_gain":0.0,"event_name":"Addict","player_choice":"Obtained Relic","floor":121.0,"gold_loss":85.0,"damage_taken":0.0,"relics_obtained":["infinitespire:Eraser"]},{"damage_healed":0.0,"max_hp_gain":0.0,"max_hp_loss":0.0,"gold_gain":0.0,"event_name":"Beggar","player_choice":"Ignored","floor":123.0,"gold_loss":0.0,"damage_taken":0.0},{"damage_healed":0.0,"max_hp_gain":0.0,"max_hp_loss":0.0,"gold_gain":0.0,"event_name":"Mysterious Sphere","player_choice":"Fight","floor":141.0,"gold_loss":0.0,"damage_taken":0.0}],"is_beta":false,"boss_relics":[{"not_picked":["hubris:VirtuousBlindfold","energizedSpire:HugeHouse"],"picked":"Empty Cage"},{"not_picked":["energizedSpire:RedRose","energizedSpire:OldTV"],"picked":"Velvet Choker"},{"not_picked":["Replay:Ancient Bell","energizedSpire:SpiderWeb"],"picked":"Busted Crown"},{"not_picked":["Kintsugi","energizedSpire:NeverEndingSparkler","hubris:BlackHole"]},{"not_picked":["energizedSpire:StickyHand","energizedSpire:HugeHouse","ReplayTheSpireMod:SealedPack"]},{"not_picked":["Fusion Hammer","Philosopher\u0027s Stone"],"picked":"SlaversCollar"},{"not_picked":["energizedSpire:NeverEndingSparkler","hubris:BlackHole","Pandora\u0027s Box"]},{"not_picked":["ReplayTheSpireMod:DimensionalGlitch","Sozu","energizedSpire:HugeHouse"]},{"not_picked":["Honey Jar","Fusion Hammer"],"picked":"hubris:Stopwatch"}],"items_purged_floors":[5,13,20,31,36,41,80,87],"is_endless":true,"potions_floor_spawned":[4,10,11,16,33,44,50,55,57,62,64,65,69,70,84,88,93,105,109,113,118,120,130,132,135,137,140,141,143,146,148,150,152,156,157],"ascension_level":0}}