{"host":"59ckh7bj2z84pzgo","time":1608622440,"event":{"mods":["BaseMod","Better Vampires","Marked Mod","Minty Spire (QoL Compilation)","Replay The Spire","Spicy Shops","StSLib","TestMod","¡¾ÒÅÎï¿¨ÅÆ¡¿REMEMod"],"gold_per_floor":[118,129,139,139,139,165,165,198,247,247,257,257,288,298,298,376,376,386,397,411,429,90,118,118,51,75,101,101,117,117,137,137,211,211,223,223,234,254,254,254,280,300,325,337,337,352,92,92,92,92,92,92,92,33,59,59],"floor_reached":57,"playtime":5125,"items_purged":["Strike_R","Defend_R"],"score":2378,"play_id":"a8b4eab4-7a47-4d2d-9a3c-f1d4ab8fbae5","local_time":"20201222153400","is_ascension_mode":true,"campfire_choices":[{"data":"testmod-Recap","floor":7.0,"key":"SMITH"},{"data":"DevaForm","floor":12.0,"key":"SMITH"},{"data":"Armaments","floor":15.0,"key":"SMITH"},{"data":"Pommel Strike","floor":28.0,"key":"SMITH"},{"floor":32.0,"key":"RECALL"},{"data":"Battle Trance","floor":40.0,"key":"SMITH"},{"data":"Armaments","floor":45.0,"key":"SMITH"},{"data":"Shockwave","floor":49,"key":"SMITH"},{"data":"Bloodletting","floor":53,"key":"SMITH"}],"circlet_count":0,"master_deck":["AscendersBane","Strike_R","Strike_R+1","Strike_R","Defend_R","Defend_R","Defend_R+1","Bash","DevaForm+1","Survivor","testmod-Recap+1","ReplayTheSpireMod:Stacked","Headbutt","Massacre+1","Clothesline","Hemogenesis+1","Thunderclap","Armaments+1","REME_ACTH+1","True Grit+1","ReplayTheSpireMod:Strike From Hell","Pommel Strike+1","REME_FirmDetermination+1","Corruption+1","Battle Trance+1","Shockwave+1","Shrug It Off","Body Slam","Pommel Strike+1","Bloodletting+1","Armaments+1","Rage+1","Juggernaut+1"],"relics":["Burning Blood","REME_ComplimentaryCards","testmod-TestBox","testmod-Recursion","Golden Egg","Nunchaku","REME_PuzzleBoxRelic","Simple Rune","Replay:Bronze Core","REME_CardOfGreed","Juzu Bracelet","Oddly Smooth Stone","Toy Ornithopter","SlaversCollar","testmod-BalancedPeriapt","testmod-Antiphasic","Toolbox","testmod-Hope"],"acts_visited":["Exordium","TheCity","TheBeyond","TheEnding"],"potions_floor_usage":[],"damage_taken":[{"damage":6.0,"enemies":"Cultist","floor":1.0,"turns":3.0},{"damage":2.0,"enemies":"Small Slimes","floor":2.0,"turns":4.0},{"damage":2.0,"enemies":"2 Louse","floor":3.0,"turns":2.0},{"damage":25.0,"enemies":"Gremlin Nob","floor":6.0,"turns":4.0},{"damage":0.0,"enemies":"Lagavulin","floor":8.0,"turns":6.0},{"damage":4.0,"enemies":"Large Slime","floor":11.0,"turns":6.0},{"damage":6.0,"enemies":"Gremlin Nob","floor":13.0,"turns":3.0},{"damage":5.0,"enemies":"2 Fungi Beasts","floor":14.0,"turns":3.0},{"damage":30.0,"enemies":"Hexaghost","floor":16.0,"turns":6.0},{"damage":10.0,"enemies":"Shell Parasite","floor":18.0,"turns":3.0},{"damage":5.0,"enemies":"3 Byrds","floor":19.0,"turns":5.0},{"damage":0.0,"enemies":"Snecko","floor":20.0,"turns":4.0},{"damage":20.0,"enemies":"Snake Plant","floor":21.0,"turns":4.0},{"damage":23.0,"enemies":"Gremlin Leader","floor":23.0,"turns":5.0},{"damage":1.0,"enemies":"Replay:Snechameleon","floor":25.0,"turns":4.0},{"damage":3.0,"enemies":"Book of Stabbing","floor":27.0,"turns":5.0},{"damage":14.0,"enemies":"Cultist and Chosen","floor":29.0,"turns":4.0},{"damage":12.0,"enemies":"Shelled Parasite and Fungi","floor":31.0,"turns":3.0},{"damage":18.0,"enemies":"Champ","floor":33.0,"turns":7.0},{"damage":0.0,"enemies":"Orb Walker","floor":35.0,"turns":4.0},{"damage":20.0,"enemies":"3 Shapes","floor":37.0,"turns":4.0},{"damage":0.0,"enemies":"Transient","floor":38.0,"turns":6.0},{"damage":0.0,"enemies":"Reptomancer","floor":41.0,"turns":2.0},{"damage":19.0,"enemies":"Writhing Mass","floor":42.0,"turns":6.0},{"damage":5.0,"enemies":"Spire Growth","floor":44.0,"turns":3.0},{"damage":6.0,"enemies":"Sphere and 2 Shapes","floor":46.0,"turns":4.0},{"damage":44,"enemies":"Awakened One","floor":50,"turns":8},{"damage":3,"enemies":"Donu and Deca","floor":51,"turns":4},{"damage":0,"enemies":"Shield and Spear","floor":55,"turns":3},{"damage":88,"enemies":"The Heart","floor":56,"turns":3}],"seed_played":"-1037840318840568199","potions_obtained":[{"floor":2.0,"key":"Adrenaline Potion"},{"floor":3.0,"key":"Dexterity Potion"},{"floor":8.0,"key":"Languid Potion"},{"floor":14.0,"key":"Energy Potion"},{"floor":20.0,"key":"Block Potion"},{"floor":21.0,"key":"FairyPotion"},{"floor":25.0,"key":"Milkshake"},{"floor":38.0,"key":"LiquidMemories"}],"is_trial":false,"path_per_floor":["M","M","M","?","?","E","R","E","T","?","M","R","E","M","R","B",null,"M","M","M","M","$","E","?","E","T","E","R","M","?","M","R","B",null,"M","?","M","M","$","R","E","M","T","M","R","M","$","?","R","B","B",null,"R","$","E","B",null],"character_chosen":"IRONCLAD","items_purchased":["REME_CardOfGreed","REME_FirmDetermination","Toolbox","Rage"],"campfire_rested":0,"item_purchase_floors":[22,22,47,54],"current_hp_per_floor":[68,72,75,75,75,56,56,62,62,55,73,73,73,74,74,50,69,75,75,75,72,72,63,63,68,68,75,75,67,67,69,69,75,75,75,85,71,85,85,85,85,83,83,84,84,84,84,84,84,50,53,77,77,77,83,85],"gold":59,"neow_bonus":"RANDOM_COLORLESS_2","is_daily":false,"chose_seed":false,"campfire_upgraded":8,"win_rate":0.0,"timestamp":1608622440,"path_taken":["M","M","?","?","?","E","R","E","T","?","M","R","E","M","R","BOSS","M","M","M","M","$","E","?","E","T","E","R","M","?","M","R","BOSS","M","?","M","M","?","R","E","M","T","M","R","M","$","?","R","BOSS","BOSS","R","$","E","BOSS"],"items_purchased_type":["Relic","Card","Relic","Card"],"build_version":"2020-12-13","purchased_purges":2,"victory":true,"max_hp_per_floor":[75,75,75,75,75,75,75,75,75,75,75,75,75,75,75,75,75,75,75,75,75,75,75,75,75,75,75,75,75,75,75,75,75,75,75,85,85,85,85,85,85,85,85,85,85,85,85,85,85,85,85,85,85,85,85,85],"card_choices":[{"not_picked":["testmod-Reverberation","testmod-TaurusBlackCat"],"picked":"testmod-Recap","floor":0.0},{"not_picked":["Clash","Pommel Strike"],"picked":"ReplayTheSpireMod:Stacked","floor":1.0},{"not_picked":["Infernal Blade","Perfected Strike"],"picked":"Headbutt","floor":2.0},{"not_picked":["Wild Strike","ReplayReversal"],"picked":"Inflame","floor":3.0},{"not_picked":["Clash","Perfected Strike"],"picked":"Clothesline","floor":6.0},{"not_picked":["Heavy Blade","Reckless Charge"],"picked":"Hemogenesis","floor":8.0},{"not_picked":["Heavy Blade","REME_FearOfPain"],"picked":"Thunderclap","floor":11.0},{"not_picked":["REME_Cut","Sword Boomerang"],"picked":"Armaments","floor":13.0},{"not_picked":["Iron Wave","ReplayTheSpireMod:Stacked","Perfected Strike"],"picked":"SKIP","floor":14.0},{"not_picked":["Reaper","Juggernaut"],"picked":"REME_ACTH","floor":16.0},{"not_picked":["Clothesline","Infernal Blade"],"picked":"True Grit+1","floor":18.0},{"not_picked":["Sword Boomerang","Headbutt"],"picked":"ReplayTheSpireMod:Strike From Hell","floor":19.0},{"not_picked":["ReplayReversal","Blood for Blood","Run Through"],"picked":"SKIP","floor":20.0},{"not_picked":["Feel No Pain","Armaments"],"picked":"Pommel Strike","floor":21.0},{"not_picked":["Flex","Warcry"],"picked":"Corruption","floor":23.0},{"not_picked":["True Grit","Clash+1"],"picked":"Battle Trance","floor":25.0},{"not_picked":["Headbutt","Power Through","ReplayTheSpireMod:Stacked"],"picked":"SKIP","floor":27.0},{"not_picked":["Metallicize","Iron Wave"],"picked":"Shockwave","floor":29.0},{"not_picked":["Disarm","ReplayTheSpireMod:Limb From Limb"],"picked":"Shrug It Off","floor":31.0},{"not_picked":["Corruption","REME_TheLastStrike"],"picked":"REME_ACTH","floor":33.0},{"not_picked":["Flame Barrier","Body Slam","Power Through+1"],"picked":"SKIP","floor":35.0},{"not_picked":["Flame Barrier","Power Through+1"],"picked":"Body Slam","floor":35.0},{"not_picked":["Blood for Blood","Carnage","True Grit"],"picked":"SKIP","floor":37.0},{"not_picked":["Wild Strike+1","Replay:Undeath\u0027s Touch"],"picked":"Pommel Strike+1","floor":38.0},{"not_picked":["Perfected Strike+1","Thunderclap"],"picked":"Bloodletting","floor":41.0},{"not_picked":["Pummel","Evolve","Wild Strike+1"],"picked":"SKIP","floor":42.0},{"not_picked":["ReplayTheSpireMod:Corrosion Curse","Whirlwind"],"picked":"Armaments","floor":44.0},{"not_picked":["Rampage+1","Pommel Strike","Bloodletting"],"picked":"SKIP","floor":46.0},{"not_picked":["Body Slam","Clothesline"],"picked":"Juggernaut","floor":55}],"player_experience":152581,"relics_obtained":[{"floor":6.0,"key":"Golden Egg"},{"floor":8.0,"key":"Nunchaku"},{"floor":9.0,"key":"REME_PuzzleBoxRelic"},{"floor":13.0,"key":"Simple Rune"},{"floor":23.0,"key":"Juzu Bracelet"},{"floor":25.0,"key":"Oddly Smooth Stone"},{"floor":27.0,"key":"Toy Ornithopter"},{"floor":41.0,"key":"testmod-BalancedPeriapt"},{"floor":43.0,"key":"testmod-Antiphasic"},{"floor":55,"key":"testmod-Hope"}],"event_choices":[{"damage_healed":0.0,"max_hp_gain":0.0,"max_hp_loss":0.0,"gold_gain":0.0,"event_name":"Liars Game","player_choice":"Ignored","floor":4.0,"gold_loss":0.0,"damage_taken":0.0},{"cards_removed":["Defend_R"],"damage_healed":0.0,"max_hp_gain":0.0,"max_hp_loss":0.0,"gold_gain":0.0,"event_name":"Golden Wing","player_choice":"Card Removal","floor":10.0,"gold_loss":0.0,"damage_taken":7.0},{"damage_healed":0.0,"max_hp_gain":0.0,"max_hp_loss":0.0,"gold_gain":0.0,"event_name":"Vampires","player_choice":"Ignored","floor":24.0,"gold_loss":0.0,"damage_taken":0.0},{"damage_healed":0.0,"max_hp_gain":0.0,"max_hp_loss":0.0,"gold_gain":0.0,"event_name":"The Mausoleum","player_choice":"Ignored","floor":30.0,"gold_loss":0.0,"damage_taken":0.0},{"cards_removed":["REME_ACTH"],"damage_healed":0.0,"max_hp_gain":10.0,"max_hp_loss":0.0,"gold_gain":0.0,"event_name":"Bonfire Elementals","player_choice":"Offered Rare","floor":36.0,"gold_loss":0.0,"damage_taken":0.0},{"cards_removed":["Strike_R"],"damage_healed":0,"gold_gain":0,"player_choice":"Purged","damage_taken":0,"max_hp_gain":0,"max_hp_loss":0,"event_name":"Purifier","floor":48,"gold_loss":0}],"is_beta":false,"boss_relics":[{"not_picked":["Pandora\u0027s Box","Electric Blood"],"picked":"Replay:Bronze Core"},{"not_picked":["Honey Jar","Snecko Heart"],"picked":"SlaversCollar"}],"items_purged_floors":[22,47],"is_endless":false,"potions_floor_spawned":[2,3,8,14,20,21,23,25,31,38,41,42,46,55],"ascension_level":20}}