{"host":"2d0rd30cigwncx1y","time":1608672461,"event":{"mods":["BaseMod","Colored Map","Colored Powertips","Downfall","MarisaÅiñ∂âJÅ@ñÇóùçπÅj","Minty Spire (QoL Compilation)","Replay The Spire","StSLib","The Alterego","The Marked","The Servant 0.9.4"],"gold_per_floor":[99,99,99,183,183,217,217,236,273,291,291,319,319,354,369,471,471,396,423,448,478,501,501,501,501,524,524,524,548,595,614,645,750,750,750,774,774,801,819,744,744,106,131,156,198,223,148,161,180,184],"floor_reached":51,"playtime":5605,"items_purged":["champ:Strike+1"],"score":836,"play_id":"b891d788-91e5-4c4d-90f2-784c1b1ee22c","local_time":"20201222222741","is_ascension_mode":true,"campfire_choices":[{"data":"champ:Taunt","floor":1.0,"key":"SMITH"},{"data":"champ:ArenaPreparation","floor":11.0,"key":"SMITH"},{"data":"champ:BringItOn","floor":13.0,"key":"SMITH"},{"data":"champ:StanceDance","floor":18.0,"key":"SMITH"},{"data":"champ:ShieldSigil","floor":23.0,"key":"SMITH"},{"data":"champ:SwordSigil","floor":25.0,"key":"SMITH"},{"floor":35,"key":"RECALL"},{"data":"champ:ShieldSigil","floor":40,"key":"SMITH"},{"data":"Replay:SS_forest_6","floor":47,"key":"SMITH"}],"circlet_count":0,"master_deck":["champ:Strike+1","champ:Defend+1","champ:Defend+1","champ:Defend+1","champ:Defend+1","champ:Execute","champ:Taunt+1","champ:BringItOn+1","champ:DefensiveShout","champ:StanceDance+1","champ:ShieldSigil+1","champ:ArenaPreparation+1","champ:SwordSigil+1","champ:ShieldSigil+1","champ:Circumvent","champ:Duel","champ:TornadoPunch","champ:DefensiveStyle+1","champ:FlashCut+1","Pot Of Greed+1","Pot Of Greed+1","champ:StanceDance+1","champ:RageSigil+1","Pot Of Greed+1","champ:IronFortress","champ:HoldFirm","champ:EnGarde+1","champ:RageSigil+1","champ:SwordSigil+1","Replay:SS_forest_6+1","champ:ArenaPreparation","champ:RageSigil+1","champ:StanceDance+1","champ:FalseCounter","champ:SkillfulDodge+1","champ:ShieldSigil+1","Pot Of Greed+1"],"relics":["champ:ChampionCrown","downfall:HeartsMalice","champ:LiftRelic","Replay:Bandana","Onion Ring","Gremlin Horn","War Paint","Coffee Dripper","downfall:HeartBlessingGreen","MealTicket","Nilry\u0027s Codex","Grinning Jar","Empty Cage","downfall:HeartBlessingRed","Replay:Bottled Eggs","Lee\u0027s Waffle","Question Card","downfall:HeartBlessingBlue"],"acts_visited":["Exordium","TheCity","TheBeyond"],"potions_floor_usage":[33,33,42,45],"damage_taken":[{"damage":0.0,"enemies":"Jaw Worm","floor":2.0,"turns":1.0},{"damage":0.0,"enemies":"2 Louse","floor":3.0,"turns":1.0},{"damage":0.0,"enemies":"3 Sentries","floor":6.0,"turns":1.0},{"damage":4.0,"enemies":"Cultist","floor":8.0,"turns":4.0},{"damage":22.0,"enemies":"Lagavulin","floor":9.0,"turns":6.0},{"damage":19.0,"enemies":"Red Slaver","floor":10.0,"turns":2.0},{"damage":10.0,"enemies":"3 Louse","floor":12.0,"turns":3.0},{"damage":14.0,"enemies":"3 Sentries","floor":14.0,"turns":5.0},{"damage":12.0,"enemies":"Blue Slaver","floor":15.0,"turns":2.0},{"damage":9.0,"enemies":"downfall:Ironclad","floor":16.0,"turns":9.0},{"damage":15.0,"enemies":"Spheric Guardian","floor":19.0,"turns":3.0},{"damage":20.0,"enemies":"Chosen","floor":20.0,"turns":3.0},{"damage":22.0,"enemies":"3 Cultists","floor":21.0,"turns":6.0},{"damage":9.0,"enemies":"Snake Plant","floor":22.0,"turns":3.0},{"damage":5.0,"enemies":"Cultist and Chosen","floor":26.0,"turns":4.0},{"damage":8.0,"enemies":"Snecko","floor":29.0,"turns":6.0},{"damage":41.0,"enemies":"Gremlin Leader","floor":30.0,"turns":8.0},{"damage":24.0,"enemies":"3 Cultists","floor":31.0,"turns":4.0},{"damage":10.0,"enemies":"Centurion and Healer","floor":32.0,"turns":4.0},{"damage":11,"enemies":"downfall:Silent","floor":33,"turns":7},{"damage":20,"enemies":"3 Darklings","floor":36,"turns":3},{"damage":15,"enemies":"3 Shapes","floor":38,"turns":3},{"damage":31,"enemies":"Transient","floor":39,"turns":5},{"damage":15,"enemies":"downfall:FleeingMerchant","floor":42,"turns":4},{"damage":31,"enemies":"Spire Growth","floor":43,"turns":3},{"damage":0,"enemies":"3 Darklings","floor":44,"turns":4},{"damage":28,"enemies":"Nemesis","floor":45,"turns":7},{"damage":49,"enemies":"Maw","floor":46,"turns":6},{"damage":22,"enemies":"Sphere and 2 Shapes","floor":48,"turns":6},{"damage":10,"enemies":"Jaw Worm Horde","floor":49,"turns":4},{"damage":23,"enemies":"downfall:Watcher","floor":50,"turns":10}],"seed_played":"-1589145990601674267","potions_obtained":[{"floor":4.0,"key":"champ:CounterPotion"},{"floor":4.0,"key":"Ancient Potion"},{"floor":4.0,"key":"Block Potion"},{"floor":6.0,"key":"DuplicationPotion"},{"floor":8.0,"key":"Energy Potion"},{"floor":10.0,"key":"BlessingOfTheForge"},{"floor":16.0,"key":"Adrenaline Potion"},{"floor":19.0,"key":"Elixir"},{"floor":21.0,"key":"EssenceOfSteel"},{"floor":29.0,"key":"PowerPotion"},{"floor":31.0,"key":"BlessingOfTheForge"},{"floor":36,"key":"SteroidPotion"},{"floor":38,"key":"BlessingOfTheForge"},{"floor":39,"key":"PowerPotion"},{"floor":44,"key":"BlessingOfTheForge"}],"is_trial":false,"path_per_floor":["R","M","M","?","?","E","T","M","E","M","R","M","R","E","M","B",null,"R","M","M","M","M","R","T","R","M","?","?","M","E","M","M","B",null,"R","M","?","M","M","R","T","$","M","M","E","M","R","M","M","B",null],"character_chosen":"THE_CHAMP","items_purchased":["Replay:SS_forest_6","champ:ArenaPreparation","Replay:Bottled Eggs","Lee\u0027s Waffle"],"campfire_rested":0,"item_purchase_floors":[42,42,42,42],"current_hp_per_floor":[90,90,90,54,54,54,54,50,38,29,29,29,29,25,23,19,90,90,90,90,73,69,69,69,69,69,69,53,45,29,20,20,14,90,90,90,75,75,54,54,54,97,86,86,68,39,49,49,61,48],"gold":184,"neow_bonus":"THREE_ENEMY_KILL","is_daily":false,"chose_seed":false,"campfire_upgraded":8,"win_rate":0.0,"timestamp":1608672461,"path_taken":["R","M","M","?","?","E","T","M","E","M","R","M","R","E","M","BOSS","R","M","M","M","M","R","T","R","M","?","?","M","E","M","M","BOSS","R","M","?","M","?","R","T","?","M","M","E","M","R","M","M","BOSS"],"items_purchased_type":["Card","Card","Relic","Relic"],"build_version":"2020-12-13","purchased_purges":1,"victory":true,"max_hp_per_floor":[90,90,90,90,90,90,90,90,90,90,90,90,90,90,90,90,90,90,90,90,90,90,90,90,90,90,90,90,90,90,90,90,90,90,90,90,90,90,90,90,90,97,97,97,97,97,107,107,107,107],"card_choices":[{"not_picked":["champ:ShieldSigil","champ:EndlessRage"],"picked":"champ:BringItOn","floor":2.0},{"not_picked":["champ:FlashCut","champ:Haymaker"],"picked":"champ:DefensiveShout","floor":3.0},{"not_picked":["champ:ArenaPreparation","champ:ShieldThrow"],"picked":"champ:StanceDance","floor":4.0},{"not_picked":["champ:StrikeOfGenius","champ:BladeFlurry"],"picked":"champ:ShieldSigil","floor":6.0},{"not_picked":["champ:RisingSlash","champ:FanOfKnives"],"picked":"champ:ArenaPreparation","floor":8.0},{"not_picked":["champ:Aggression","champ:CrookedStrike"],"picked":"champ:SwordSigil","floor":9.0},{"not_picked":["champ:FanOfKnives","champ:DeathBlow"],"picked":"champ:ShieldSigil","floor":10.0},{"not_picked":["champ:Haymaker","champ:CrookedStrike","champ:PerfectedStrike"],"picked":"SKIP","floor":12.0},{"not_picked":["champ:Encircle","champ:SwordThrow"],"picked":"champ:Circumvent","floor":14.0},{"not_picked":["champ:FanOfKnives","champ:GladiatorsShout"],"picked":"champ:Duel","floor":15.0},{"not_picked":["champ:Backstep","champ:HeartStrike","champ:BladeFlurry"],"picked":"SKIP","floor":19.0},{"not_picked":["champ:Backstep+1","champ:FightOn"],"picked":"champ:TornadoPunch","floor":20.0},{"not_picked":["champ:Backstep","champ:FalseCounter"],"picked":"champ:DefensiveStyle+1","floor":21.0},{"not_picked":["champ:TornadoPunch","champ:PerfectForm"],"picked":"champ:FlashCut+1","floor":22.0},{"not_picked":["champ:AdrenalArmor","champ:FocusedGladiator","champ:FanOfKnives"],"picked":"SKIP","floor":26.0},{"not_picked":["champ:FaceSlap+1","champ:Backstep","champ:AdrenalArmor"],"picked":"SKIP","floor":29.0},{"not_picked":["champ:CheapShot","champ:EnragedBash"],"picked":"champ:StanceDance+1","floor":30.0},{"not_picked":["champ:AdrenalArmor+1","champ:Shatter"],"picked":"champ:RageSigil+1","floor":31.0},{"not_picked":["champ:FlashCut+1","champ:Encircle+1"],"picked":"champ:IronFortress","floor":32.0},{"not_picked":["champ:StrikeOfGenius","champ:ShieldSlam"],"picked":"champ:HoldFirm","floor":33},{"not_picked":["champ:TornadoPunch","champ:Haymaker+1"],"picked":"champ:EnGarde+1","floor":36},{"not_picked":["champ:AdrenalArmor+1","champ:Balance"],"picked":"champ:RageSigil+1","floor":38},{"not_picked":["champ:Aggression","champ:RecklessLeap+1","champ:PerfectedStrike"],"picked":"SKIP","floor":39},{"not_picked":["champ:PerfectForm","champ:RageSigil+1"],"picked":"champ:SwordSigil+1","floor":42},{"not_picked":["champ:PerfectedStrike+1","champ:Shatter+1","champ:GladiatorsShout"],"picked":"SKIP","floor":43},{"not_picked":["champ:PerfectedStrike","champ:FanOfKnives+1"],"picked":"champ:RageSigil+1","floor":44},{"not_picked":["champ:IgnorePain","champ:FaceSlap+1"],"picked":"champ:StanceDance+1","floor":45},{"not_picked":["champ:Duel","champ:Encircle","champ:CrookedStrike"],"picked":"champ:FalseCounter","floor":46},{"not_picked":["champ:RapidStrikes+1","champ:StanceDance","champ:FlashCut"],"picked":"champ:SkillfulDodge+1","floor":48},{"not_picked":["champ:RageSigil","champ:PerfectedStrike+1","champ:AdrenalArmor+1"],"picked":"champ:ShieldSigil+1","floor":49}],"player_experience":82351,"relics_obtained":[{"floor":6.0,"key":"Replay:Bandana"},{"floor":7.0,"key":"Onion Ring"},{"floor":9.0,"key":"Gremlin Horn"},{"floor":14.0,"key":"War Paint"},{"floor":24.0,"key":"MealTicket"},{"floor":28.0,"key":"Nilry\u0027s Codex"},{"floor":30.0,"key":"Grinning Jar"},{"floor":45,"key":"Question Card"}],"event_choices":[{"damage_healed":0.0,"max_hp_gain":0.0,"max_hp_loss":0.0,"gold_gain":0.0,"event_name":"Back to Basics","player_choice":"Simplicity","floor":27.0,"gold_loss":0.0,"damage_taken":0.0,"cards_upgraded":["champ:Strike","champ:Strike","champ:Strike","champ:Strike","champ:Defend","champ:Defend"]}],"is_beta":false,"boss_relics":[{"not_picked":["SlaversCollar","Velvet Choker"],"picked":"Coffee Dripper"},{"not_picked":["Black Star","Tiny House"],"picked":"Empty Cage"}],"items_purged_floors":[42],"is_endless":false,"potions_floor_spawned":[6,8,10,16,19,21,26,29,31,36,38,39,44],"ascension_level":1}}