{"host":"njruw0b0uprlitpx","time":1608620409,"event":{"mods":["2.2 Compatiblity","Astrologer","Bartender","BaseMod","Better Altar","Better Match","Better Note","Better Sensory Stone","Better Skull","Better Third Choice","BetterRewards","Block Reminder","Colored Map","Colored Powertips","Jedi Mod","Keyboard Shortcuts","Magitek Elite","Minty Spire (QoL Compilation)","Quick Restart","Relic Stats","Replay The Spire","SacredBarkPlus","Spicy Shops","StSLib","SuperFastMode","The Bug Knight","The Mystic"],"gold_per_floor":[119,131,131,128,128,128,155,1,1,14,30,58,70,21,21,125,125,141,141,220,231,246,246,276,276,276,294,1,1,31,41,41,41,41],"floor_reached":33,"playtime":1245,"items_purged":[],"score":369,"play_id":"187f215d-8173-4d90-929e-fa8afda0a4fe","local_time":"20201222010009","is_ascension_mode":true,"campfire_choices":[{"data":"HollowMod:LordofShades","floor":6,"key":"SMITH"},{"floor":15,"key":"REST"},{"floor":23,"key":"REST"},{"data":"HollowMod:SlysStrikes","floor":29,"key":"SMITH"},{"data":"HollowMod:BlackTendrils","floor":29,"key":"SMITH"},{"floor":32,"key":"REST"}],"circlet_count":0,"master_deck":["HollowMod:NailStrikeStart","HollowMod:NailStrikeStart","HollowMod:NailStrikeStart","HollowMod:QuickDashStart","HollowMod:QuickDashStart","HollowMod:QuickDashStart","HollowMod:FocusHealStart","HollowMod:PogoStrike","HollowMod:QuirrelsAssistance","HollowMod:WraithStrike","HollowMod:PerfectDash","HollowMod:HornetsHelp","HollowMod:SiblingsShadow","HollowMod:LordofShades+1","HollowMod:FallenFury","HollowMod:VoidDash","HollowMod:BlackTendrils+1","HollowMod:ShadowDash","HollowMod:GrimmsGift","HollowMod:SlysStrikes+1","HollowMod:DescendingDark","HollowMod:CloakDash","HollowMod:SharpenedShadows+1","HollowMod:AbyssShriek+1","HollowMod:VoidDash","HollowMod:WraithStrike","HollowMod:DescendingDark"],"relics":["HollowMod:VesselMask","Replay:Towering Pillar of Hats","Orrery","Tintinnabulum","Genji_Glove","Replay:Rubber Ducky","Angel_Ring","SlaversCollar","Mercury Hourglass","CaptainsWheel","HollowMod:IsmasTear","Replay:Arrowhead","Chemical X","Tiny Chest"],"acts_visited":["Exordium","TheCity"],"potions_floor_usage":[7,12,16,16,21,22,22,24,30,33],"damage_taken":[{"damage":3,"enemies":"2 Louse","floor":1,"turns":3},{"damage":2,"enemies":"Jaw Worm","floor":2,"turns":3},{"damage":46,"enemies":"Lagavulin","floor":7,"turns":10},{"damage":3,"enemies":"Small Slimes","floor":10,"turns":3},{"damage":17,"enemies":"2 Fungi Beasts","floor":11,"turns":3},{"damage":20,"enemies":"HollowMod:MossKnight","floor":12,"turns":8},{"damage":12,"enemies":"Exordium Thugs","floor":13,"turns":4},{"damage":7,"enemies":"Slime Boss","floor":16,"turns":8},{"damage":34,"enemies":"Shell Parasite","floor":18,"turns":7},{"damage":10,"enemies":"Spheric Guardian","floor":21,"turns":4},{"damage":15,"enemies":"Snake Plant","floor":22,"turns":3},{"damage":9,"enemies":"Gremlin Leader","floor":24,"turns":5},{"damage":8,"enemies":"Cultist and Chosen","floor":27,"turns":6},{"damage":27,"enemies":"Slavers","floor":30,"turns":3},{"damage":16,"enemies":"Shelled Parasite and Fungi","floor":31,"turns":4},{"damage":69,"enemies":"Automaton","floor":33,"turns":6}],"seed_played":"826618108838948587","potions_obtained":[{"floor":2,"key":"EssenceOfSteel"},{"floor":11,"key":"DistilledChaos"},{"floor":12,"key":"FearPotion"},{"floor":16,"key":"Fire Potion"},{"floor":18,"key":"Block Potion"},{"floor":21,"key":"Toxic Potion"},{"floor":22,"key":"ColorlessPotion"},{"floor":31,"key":"Energy Potion"}],"is_trial":false,"path_per_floor":["M","M","?","$","?","R","E","$","T","M","M","E","M","$","R","B",null,"M","?","T","M","M","R","E","?","T","M","$","R","E","M","R","B"],"character_chosen":"THE_BUGKNIGHT","items_purchased":["HollowMod:WraithStrike","Orrery","Genji_Glove","HollowMod:VoidDash","HollowMod:BlackTendrils","Energy Potion","Replay:Arrowhead","Chemical X","Block Potion"],"campfire_rested":3,"item_purchase_floors":[4,4,8,8,8,14,28,28,28],"current_hp_per_floor":[75,73,73,73,73,73,27,28,29,34,21,11,20,21,44,47,68,41,42,43,34,20,43,44,45,46,42,43,44,26,20,43,0,0],"gold":41,"neow_bonus":"ONE_RARE_RELIC","is_daily":false,"chose_seed":false,"campfire_upgraded":3,"win_rate":0.0,"timestamp":1608620409,"path_taken":["M","M","?","$","?","R","E","$","T","M","M","E","M","$","R","BOSS","M","?","?","M","?","R","E","?","T","M","$","R","E","?","R","BOSS"],"items_purchased_type":["Card","Relic","Relic","Card","Card","Potion","Relic","Relic","Potion"],"build_version":"2020-12-13","purchased_purges":0,"victory":false,"max_hp_per_floor":[75,75,75,75,75,75,75,75,75,75,75,75,75,75,75,75,75,75,75,75,75,75,75,75,75,75,75,75,75,75,75,75,75,75],"relic_stats":{"counters":[74,283],"Tiny Chest":0,"Chemical X":[17],"obtain_stats":[{"Golden Egg":9,"Vajra":43,"HollowMod:VesselMask":0,"Bottled Tornado":40,"Lizard Tail":49,"jedi:firstaidkit":0,"DollysMirror":37,"Replay:Wax Seal":0,"HollowMod:QueensCombRelic":0,"ReplayTheSpireMod:CursedCoin":20,"Dead Branch":6,"Astrolabe":17,"HollowMod:JonisBlessing":0,"Oddly Smooth Stone":3,"Pen Nib":24,"HollowMod:IsmasTear":29,"Replay:Kaleidoscope":0,"Runic Dome":17,"SlaversCollar":17,"Replay:Baseball":23,"Brimstone":28,"Bird Faced Urn":11,"Tintinnabulum":7,"Onion Ring":9,"StrikeDummy":0,"Abe\u0027s Treasure":34,"Unceasing Top":0,"ReplayFunnel":9,"Regal Pillow":12,"Angel_Ring":12,"Enchiridion":30,"Mango":20,"Bag of Preparation":0,"jedi:Pinwheel":8,"Ancient Tea Set":10,"Cursed Key":34,"Replay:Rubber Ducky":9,"SsserpentHead":19,"Nunchaku":47,"Replay:Bandana":0,"jedi:matchstick":43,"Genji_Glove":8,"Tiny Chest":30,"Red Mask":22,"Chemical X":28,"BargainBundle":0,"Replay:Towering Pillar of Hats":0,"Guide Book":0,"Odd Mushroom":10,"Replay:Arrowhead":0,"Mercury Hourglass":20,"CaptainsWheel":24,"Orrery":36,"Snack Pack":25,"Membership Card":12,"jedi:command_shop":28,"theForsaken:JudgementScales":0,"Toy Ornithopter":26,"TungstenRod":26,"ReplayTheSpireMod:ShopPack":0},{"Golden Egg":5,"Vajra":43,"HollowMod:VesselMask":0,"Bottled Tornado":19,"Lizard Tail":22,"jedi:firstaidkit":0,"DollysMirror":17,"Replay:Wax Seal":0,"HollowMod:QueensCombRelic":0,"ReplayTheSpireMod:CursedCoin":10,"Dead Branch":4,"Astrolabe":31,"HollowMod:JonisBlessing":24,"Oddly Smooth Stone":49,"Pen Nib":36,"HollowMod:IsmasTear":39,"Replay:Kaleidoscope":24,"Runic Dome":9,"SlaversCollar":54,"Replay:Baseball":12,"Brimstone":14,"Bird Faced Urn":7,"Tintinnabulum":61,"Onion Ring":28,"StrikeDummy":24,"Abe\u0027s Treasure":16,"Unceasing Top":47,"ReplayFunnel":52,"Regal Pillow":29,"Angel_Ring":64,"Enchiridion":14,"Mango":10,"Bag of Preparation":24,"jedi:Pinwheel":5,"Ancient Tea Set":28,"Cursed Key":40,"Replay:Rubber Ducky":61,"SsserpentHead":10,"Nunchaku":21,"Replay:Bandana":47,"jedi:matchstick":20,"Genji_Glove":61,"Tiny Chest":72,"Red Mask":35,"Chemical X":71,"BargainBundle":24,"Replay:Towering Pillar of Hats":58,"Guide Book":0,"Odd Mushroom":53,"Replay:Arrowhead":24,"Mercury Hourglass":67,"CaptainsWheel":70,"Orrery":41,"Snack Pack":13,"Membership Card":7,"jedi:command_shop":14,"theForsaken:JudgementScales":0,"Toy Ornithopter":13,"TungstenRod":37,"ReplayTheSpireMod:ShopPack":0},{"Golden Egg":12,"Vajra":129,"HollowMod:VesselMask":0,"Bottled Tornado":54,"Lizard Tail":65,"jedi:firstaidkit":0,"DollysMirror":49,"Replay:Wax Seal":0,"HollowMod:QueensCombRelic":0,"ReplayTheSpireMod:CursedCoin":26,"Dead Branch":9,"Astrolabe":91,"HollowMod:JonisBlessing":73,"Oddly Smooth Stone":153,"Pen Nib":107,"HollowMod:IsmasTear":116,"Replay:Kaleidoscope":73,"Runic Dome":23,"SlaversCollar":177,"Replay:Baseball":33,"Brimstone":39,"Bird Faced Urn":16,"Tintinnabulum":219,"Onion Ring":81,"StrikeDummy":73,"Abe\u0027s Treasure":47,"Unceasing Top":144,"ReplayFunnel":164,"Regal Pillow":84,"Angel_Ring":233,"Enchiridion":39,"Mango":26,"Bag of Preparation":73,"jedi:Pinwheel":12,"Ancient Tea Set":81,"Cursed Key":122,"Replay:Rubber Ducky":219,"SsserpentHead":26,"Nunchaku":63,"Replay:Bandana":144,"jedi:matchstick":59,"Genji_Glove":219,"Tiny Chest":273,"Red Mask":104,"Chemical X":270,"BargainBundle":73,"Replay:Towering Pillar of Hats":203,"Guide Book":0,"Odd Mushroom":168,"Replay:Arrowhead":73,"Mercury Hourglass":252,"CaptainsWheel":264,"Orrery":124,"Snack Pack":36,"Membership Card":16,"jedi:command_shop":39,"theForsaken:JudgementScales":0,"Toy Ornithopter":36,"TungstenRod":110,"ReplayTheSpireMod:ShopPack":0}],"Mercury Hourglass":[126]},"card_choices":[{"not_picked":["HollowMod:LifebloodCocoon","HollowMod:SoulStrike"],"picked":"HollowMod:QuirrelsAssistance","floor":1},{"not_picked":["HollowMod:TaintedHusks","HollowMod:InfectedAttack","HollowMod:NewLittleFool"],"picked":"SKIP","floor":2},{"not_picked":["HollowMod:ChannelNail","HollowMod:SoulStrike"],"picked":"HollowMod:PerfectDash","floor":4},{"not_picked":["HollowMod:MonomonsArchive","HollowMod:MawleksShell"],"picked":"HollowMod:HornetsHelp","floor":4},{"not_picked":["HollowMod:SoulShaman","HollowMod:MothsMistake"],"picked":"HollowMod:SiblingsShadow","floor":4},{"not_picked":["HollowMod:HowlingWraiths","HollowMod:VengefulSpirit"],"picked":"HollowMod:LordofShades","floor":4},{"not_picked":["HollowMod:DashSlash","HollowMod:MonarchWings"],"picked":"HollowMod:FallenFury","floor":7},{"not_picked":["HollowMod:SharpenedNail","HollowMod:DoubleDash","HollowMod:InfectedCysts"],"picked":"SKIP","floor":10},{"not_picked":["HollowMod:NewLittleFool","HollowMod:SoulShaman"],"picked":"HollowMod:ShadowDash","floor":11},{"not_picked":["HollowMod:LifebloodCocoon","HollowMod:SoulStrike","HollowMod:SoulEater"],"picked":"SKIP","floor":12},{"not_picked":["HollowMod:GoodIntentions","HollowMod:GreatSlash"],"picked":"HollowMod:GrimmsGift","floor":13},{"not_picked":["HollowMod:PaleKingsBlessing","HollowMod:HornetsHelp"],"picked":"HollowMod:SlysStrikes","floor":16},{"not_picked":["HollowMod:HeavyBlow","HollowMod:InfectedCysts+1"],"picked":"HollowMod:DescendingDark","floor":18},{"not_picked":["HollowMod:LuriensSpire+1","HollowMod:SoulStrike"],"picked":"HollowMod:CloakDash","floor":21},{"not_picked":["HollowMod:InfectionAssault","HollowMod:GreatSlash"],"picked":"HollowMod:SharpenedShadows+1","floor":22},{"not_picked":["HollowMod:InfectedAttack","HollowMod:ShadowDash"],"picked":"HollowMod:AbyssShriek+1","floor":24},{"not_picked":["HollowMod:InfectionAssault","HollowMod:NewJinnsSoul"],"picked":"HollowMod:WraithStrike","floor":27},{"not_picked":["HollowMod:QuirrelsAssistance+1","HollowMod:MonomonsArchive","HollowMod:DreamGate"],"picked":"SKIP","floor":30},{"not_picked":["HollowMod:CornifersMapStart","HollowMod:MothsMistake"],"picked":"HollowMod:DescendingDark","floor":31}],"player_experience":1436350,"relics_obtained":[{"floor":7,"key":"Tintinnabulum"},{"floor":9,"key":"Replay:Rubber Ducky"},{"floor":12,"key":"Angel_Ring"},{"floor":20,"key":"Mercury Hourglass"},{"floor":24,"key":"CaptainsWheel"},{"floor":26,"key":"HollowMod:IsmasTear"},{"floor":30,"key":"Tiny Chest"}],"event_choices":[{"cards_removed":["HollowMod:QuickDashStart"],"damage_healed":0,"gold_gain":0,"player_choice":"Offered Basic","damage_taken":0,"max_hp_gain":0,"max_hp_loss":0,"event_name":"Bonfire Elementals","floor":19,"gold_loss":0},{"damage_healed":0,"gold_gain":0,"player_choice":"Copied","damage_taken":0,"max_hp_gain":0,"max_hp_loss":0,"event_name":"Duplicator","floor":25,"gold_loss":0,"cards_obtained":["HollowMod:VoidDash"]}],"is_beta":false,"boss_relics":[{"not_picked":["Empty Cage","Replay:Wanted Poster"],"picked":"SlaversCollar"}],"items_purged_floors":[],"is_endless":false,"potions_floor_spawned":[2,11,12,16,18,21,22,31],"killed_by":"Automaton","ascension_level":5}}