{"host":"03a85bwj0a5skoit","time":1608621174,"event":{"mods":["BaseMod","Block Reminder","Minty Spire (QoL Compilation)","Relic Stats","StSLib"],"gold_per_floor":[115,265,265,265,285,321,321,365,391,407,447,216,216,247,247,340,340,358,258,258],"floor_reached":19,"playtime":530,"items_purged":["Doubt"],"score":536,"play_id":"53a6e7cf-8eda-44ce-9b34-aadacfd11b5b","local_time":"20201222174254","is_ascension_mode":true,"campfire_choices":[{"data":"Conclude","floor":7,"key":"SMITH"},{"floor":15,"key":"REST"}],"circlet_count":0,"master_deck":["AscendersBane","Strike_P","Strike_P","Strike_P","Strike_P","Defend_P+1","Defend_P","Defend_P","Defend_P","Eruption","Vigilance","Vengeance+1","Conclude+1","Wallop","FlurryOfBlows","SandsOfTime","Wireheading","Wireheading","Worship","MentalFortress","Nirvana","Scrawl","CurseOfTheBell"],"relics":["PureWater","NeowsBlessing","Golden Idol","Dream Catcher","Pen Nib","Smiling Mask","Toy Ornithopter","Bronze Scales","Calling Bell","Damaru","Singing Bowl","Shovel"],"acts_visited":["Exordium","TheCity"],"potions_floor_usage":[8,11,16,16,18],"damage_taken":[{"damage":0,"enemies":"Jaw Worm","floor":1,"turns":1},{"damage":0,"enemies":"2 Louse","floor":5,"turns":1},{"damage":0,"enemies":"Gremlin Nob","floor":6,"turns":1},{"damage":0,"enemies":"3 Sentries","floor":8,"turns":2},{"damage":0,"enemies":"Cultist","floor":10,"turns":2},{"damage":3,"enemies":"Gremlin Nob","floor":11,"turns":3},{"damage":40,"enemies":"Lagavulin","floor":14,"turns":4},{"damage":21,"enemies":"The Guardian","floor":16,"turns":8},{"damage":28,"enemies":"Chosen","floor":18,"turns":5},{"damage":37,"enemies":"2 Thieves","floor":19,"turns":3}],"seed_played":"7166915705289278474","potions_obtained":[{"floor":1,"key":"Energy Potion"},{"floor":6,"key":"Explosive Potion"},{"floor":8,"key":"Dexterity Potion"},{"floor":16,"key":"Energy Potion"}],"is_trial":false,"path_per_floor":["M","?","?","?","M","E","R","E","T","M","E","$","?","E","R","B",null,"M","M"],"character_chosen":"WATCHER","items_purchased":["Wireheading","Worship","PowerPotion"],"campfire_rested":1,"item_purchase_floors":[12,12,12],"current_hp_per_floor":[61,61,61,42,42,42,42,42,42,42,39,39,44,4,24,13,54,33,0,0],"gold":258,"neow_bonus":"THREE_ENEMY_KILL","is_daily":false,"chose_seed":false,"campfire_upgraded":1,"win_rate":0.0,"timestamp":1608621174,"path_taken":["M","?","?","?","M","E","R","E","T","M","E","$","?","E","R","BOSS","M","M"],"items_purchased_type":["Card","Card","Potion"],"build_version":"2020-12-13","purchased_purges":1,"victory":false,"max_hp_per_floor":[68,68,62,62,62,62,62,62,62,62,62,62,67,67,67,67,67,69,69,69],"relic_stats":{"Dream Catcher":1,"Shovel":0,"Singing Bowl":2,"counters":[10,30],"Golden Idol":60,"Bronze Scales":[48],"Pen Nib":[4],"Smiling Mask":25,"obtain_stats":[{"Calling Bell":17,"Dream Catcher":6,"Shovel":17,"NeowsBlessing":0,"Singing Bowl":17,"Golden Idol":3,"Bronze Scales":14,"Damaru":17,"Pen Nib":8,"PureWater":0,"Smiling Mask":9,"Toy Ornithopter":11},{"Calling Bell":8,"Dream Catcher":3,"Shovel":8,"NeowsBlessing":0,"Singing Bowl":8,"Golden Idol":1,"Bronze Scales":7,"Damaru":8,"Pen Nib":4,"PureWater":0,"Smiling Mask":4,"Toy Ornithopter":6},{"Calling Bell":22,"Dream Catcher":3,"Shovel":22,"NeowsBlessing":0,"Singing Bowl":22,"Golden Idol":1,"Bronze Scales":14,"Damaru":22,"Pen Nib":5,"PureWater":0,"Smiling Mask":5,"Toy Ornithopter":10}],"Toy Ornithopter":15},"card_choices":[{"not_picked":["Collect","SashWhip"],"picked":"Vengeance","floor":1},{"not_picked":["PathToVictory","FlyingSleeves"],"picked":"Conclude","floor":5},{"not_picked":["Study","CarveReality"],"picked":"Wallop","floor":6},{"not_picked":["ReachHeaven","CarveReality"],"picked":"FlurryOfBlows","floor":8},{"not_picked":["Study","Protect"],"picked":"SandsOfTime","floor":10},{"not_picked":["WreathOfFlame","Evaluate"],"picked":"Wireheading","floor":11},{"not_picked":["FlyingSleeves","Scrawl"],"picked":"MentalFortress","floor":14},{"not_picked":["EmptyFist","Tantrum"],"picked":"Nirvana","floor":15},{"not_picked":["Blasphemy","MasterReality"],"picked":"Scrawl","floor":16},{"not_picked":["EmptyFist","Protect","PathToVictory"],"picked":"Singing Bowl","floor":18}],"player_experience":2295379,"relics_obtained":[{"floor":6,"key":"Dream Catcher"},{"floor":8,"key":"Pen Nib"},{"floor":9,"key":"Smiling Mask"},{"floor":11,"key":"Toy Ornithopter"},{"floor":14,"key":"Bronze Scales"},{"floor":17,"key":"Damaru"},{"floor":17,"key":"Singing Bowl"},{"floor":17,"key":"Shovel"}],"event_choices":[{"damage_healed":0,"gold_gain":150,"player_choice":"AGREE","damage_taken":0,"max_hp_gain":0,"max_hp_loss":0,"event_name":"Liars Game","floor":2,"gold_loss":0,"cards_obtained":["Doubt"]},{"damage_healed":0,"gold_gain":0,"player_choice":"Lose Max HP","damage_taken":0,"relics_obtained":["Golden Idol"],"max_hp_gain":0,"max_hp_loss":6,"event_name":"Golden Idol","floor":3,"gold_loss":0},{"damage_healed":0,"gold_gain":0,"player_choice":"Entered Light","damage_taken":19,"max_hp_gain":0,"max_hp_loss":0,"event_name":"Shining Light","floor":4,"gold_loss":0,"cards_upgraded":["Vengeance","Defend_P"]},{"damage_healed":0,"gold_gain":0,"player_choice":"Donut","damage_taken":0,"max_hp_gain":5,"max_hp_loss":0,"event_name":"Big Fish","floor":13,"gold_loss":0}],"is_beta":false,"boss_relics":[{"not_picked":["SlaversCollar","Velvet Choker"],"picked":"Calling Bell"}],"items_purged_floors":[12],"is_endless":false,"potions_floor_spawned":[1,6,8,16],"killed_by":"2 Thieves","ascension_level":20}}