{"host":"j06fkfseroga8i8e","time":1608652324,"event":{"mods":["BaseMod","Bestiary","Colored Map","Colored Powertips","Minty Spire (QoL Compilation)","Relic Stats","Slay the Relics Exporter","StSLib"],"gold_per_floor":[109,109,30,44,57,85,146,146,171,201,220,220,237,237,237,237,237],"floor_reached":16,"playtime":375,"items_purged":[],"score":176,"play_id":"036c824f-baee-443d-8685-ad9fd671dcc4","local_time":"20201222105204","is_ascension_mode":true,"campfire_choices":[{"floor":8,"key":"REST"},{"data":"Glass Knife","floor":12,"key":"SMITH"},{"data":"Finisher","floor":15,"key":"SMITH"}],"circlet_count":0,"master_deck":["AscendersBane","Strike_G","Strike_G","Strike_G","Strike_G","Strike_G","Defend_G","Defend_G","Defend_G","Defend_G","Survivor","Neutralize","Finisher+1","Blur","Blade Dance","Calculated Gamble","Blade Dance","Glass Knife+1","Quick Slash","Blur"],"relics":["Ring of the Snake","NeowsBlessing","PreservedInsect","Meat on the Bone","Blood Vial","Nunchaku","Golden Idol"],"acts_visited":["Exordium"],"potions_floor_usage":[6,16,16],"damage_taken":[{"damage":0,"enemies":"Small Slimes","floor":1,"turns":1},{"damage":0,"enemies":"Cultist","floor":4,"turns":1},{"damage":0,"enemies":"Jaw Worm","floor":5,"turns":1},{"damage":25,"enemies":"3 Sentries","floor":6,"turns":10},{"damage":32,"enemies":"Lagavulin Event","floor":7,"turns":5},{"damage":5,"enemies":"Gremlin Nob","floor":10,"turns":3},{"damage":0,"enemies":"2 Fungi Beasts","floor":11,"turns":2},{"damage":0,"enemies":"Blue Slaver","floor":13,"turns":1},{"damage":44,"enemies":"The Guardian","floor":16,"turns":11}],"seed_played":"6891705162008349476","potions_obtained":[{"floor":5,"key":"Explosive Potion"},{"floor":10,"key":"CunningPotion"},{"floor":11,"key":"Strength Potion"}],"is_trial":false,"path_per_floor":["M","?","$","M","M","E","?","R","T","E","M","R","M","?","R","B"],"character_chosen":"THE_SILENT","items_purchased":["Blur"],"campfire_rested":1,"item_purchase_floors":[3],"current_hp_per_floor":[63,63,63,63,63,38,6,27,27,36,38,38,40,40,40,0,0],"gold":237,"neow_bonus":"THREE_ENEMY_KILL","is_daily":false,"chose_seed":false,"campfire_upgraded":2,"win_rate":0.0,"timestamp":1608652324,"path_taken":["M","?","$","M","?","E","?","R","T","E","M","R","M","?","R","BOSS"],"items_purchased_type":["Card"],"build_version":"2020-12-13","purchased_purges":0,"victory":false,"max_hp_per_floor":[70,70,70,70,70,70,70,70,70,70,70,70,70,65,65,65,65],"relic_stats":{"Blood Vial":8,"Nunchaku":[4],"counters":[9,35],"Golden Idol":0,"PreservedInsect":50,"obtain_stats":[{"Blood Vial":9,"Nunchaku":10,"NeowsBlessing":0,"Golden Idol":14,"PreservedInsect":6,"Ring of the Snake":0,"Meat on the Bone":7},{"Blood Vial":5,"Nunchaku":6,"NeowsBlessing":0,"Golden Idol":8,"PreservedInsect":4,"Ring of the Snake":0,"Meat on the Bone":5},{"Blood Vial":18,"Nunchaku":21,"NeowsBlessing":0,"Golden Idol":24,"PreservedInsect":13,"Ring of the Snake":0,"Meat on the Bone":18}],"Ring of the Snake":[18],"Meat on the Bone":12},"card_choices":[{"not_picked":["Quick Slash","Prepared"],"picked":"Finisher","floor":1},{"not_picked":["Setup","Endless Agony"],"picked":"Blade Dance","floor":4},{"not_picked":["Dagger Spray","Dagger Throw"],"picked":"Calculated Gamble","floor":5},{"not_picked":["Cloak And Dagger","Eviscerate"],"picked":"Blade Dance","floor":6},{"not_picked":["Bane","Terror"],"picked":"Glass Knife","floor":7},{"not_picked":["Flying Knee","Skewer"],"picked":"Quick Slash","floor":10},{"not_picked":["Outmaneuver","Poisoned Stab","Flying Knee"],"picked":"SKIP","floor":11},{"not_picked":["Terror","Underhanded Strike"],"picked":"Blur","floor":13}],"player_experience":543797,"relics_obtained":[{"floor":6,"key":"PreservedInsect"},{"floor":7,"key":"Meat on the Bone"},{"floor":9,"key":"Blood Vial"},{"floor":10,"key":"Nunchaku"}],"event_choices":[{"cards_removed":["Defend_G"],"damage_healed":0,"gold_gain":0,"player_choice":"Purged","damage_taken":0,"max_hp_gain":0,"max_hp_loss":0,"event_name":"Purifier","floor":2,"gold_loss":0},{"damage_healed":0,"gold_gain":0,"player_choice":"Searched \u00272\u0027 times","damage_taken":0,"max_hp_gain":0,"max_hp_loss":0,"event_name":"Dead Adventurer","floor":7,"gold_loss":0},{"damage_healed":0,"gold_gain":0,"player_choice":"Lose Max HP","damage_taken":0,"relics_obtained":["Golden Idol"],"max_hp_gain":0,"max_hp_loss":5,"event_name":"Golden Idol","floor":14,"gold_loss":0}],"is_beta":false,"boss_relics":[],"items_purged_floors":[],"is_endless":false,"potions_floor_spawned":[5,10,11,13],"killed_by":"The Guardian","ascension_level":12}}