{"host":"hgkb2zpbo2dcws21","time":1608638408,"event":{"mods":["AchievementEnabler","BaseMod","Colored Map","Colored Powertips","Custom Start","DeckTracker","KOR Keyword Fix","Minty Spire (QoL Compilation)","Relic Stats","StSLib","SuperFastMode"],"gold_per_floor":[17,33,43,53,64,64,97,111,137,137,137,172,186,205,205,277,277,290,300,300,313,330,330,330,330],"floor_reached":24,"playtime":561,"items_purged":[],"score":417,"play_id":"eba6fd59-300a-46b9-92c1-4883baa333aa","local_time":"20201222210008","is_ascension_mode":true,"campfire_choices":[{"data":"Bouncing Flask","floor":6,"key":"SMITH"},{"floor":10,"key":"REST"},{"data":"Crippling Poison","floor":15,"key":"SMITH"},{"floor":23,"key":"REST"}],"circlet_count":0,"master_deck":["AscendersBane","Strike_G","Strike_G","Strike_G","Strike_G","Strike_G","Defend_G","Defend_G","Defend_G","Defend_G","Defend_G","Survivor","Neutralize","Flying Knee","PiercingWail","Dagger Throw","Bouncing Flask+1","Backstab","Deadly Poison","Escape Plan","Acrobatics","Crippling Poison+1","Bullet Time","Well Laid Plans","Blur","Setup","Acrobatics"],"relics":["Ring of the Snake","Mango","Kunai","Centennial Puzzle","Boot","Black Star"],"acts_visited":["Exordium","TheCity"],"potions_floor_usage":[7,16,19],"damage_taken":[{"damage":0,"enemies":"Cultist","floor":1,"turns":3},{"damage":3,"enemies":"Jaw Worm","floor":2,"turns":4},{"damage":8,"enemies":"2 Louse","floor":3,"turns":3},{"damage":3,"enemies":"Looter","floor":4,"turns":4},{"damage":4,"enemies":"2 Fungi Beasts","floor":5,"turns":4},{"damage":33,"enemies":"3 Sentries","floor":7,"turns":10},{"damage":0,"enemies":"Exordium Thugs","floor":8,"turns":3},{"damage":3,"enemies":"Gremlin Nob","floor":12,"turns":3},{"damage":3,"enemies":"Blue Slaver","floor":13,"turns":3},{"damage":0,"enemies":"Large Slime","floor":14,"turns":4},{"damage":28,"enemies":"Hexaghost","floor":16,"turns":7},{"damage":5,"enemies":"Spheric Guardian","floor":18,"turns":3},{"damage":20,"enemies":"2 Thieves","floor":19,"turns":4},{"damage":16,"enemies":"Centurion and Healer","floor":21,"turns":6},{"damage":26,"enemies":"3 Cultists","floor":22,"turns":5},{"damage":28,"enemies":"Gremlin Leader","floor":24,"turns":2}],"seed_played":"1534823446132392228","potions_obtained":[{"floor":2,"key":"FearPotion"},{"floor":5,"key":"AttackPotion"},{"floor":8,"key":"SneckoOil"},{"floor":13,"key":"DuplicationPotion"},{"floor":18,"key":"Block Potion"}],"is_trial":false,"path_per_floor":["M","M","M","M","M","R","E","M","T","R","?","E","M","M","R","B",null,"M","M","?","M","M","R","E"],"character_chosen":"THE_SILENT","items_purchased":[],"campfire_rested":2,"item_purchase_floors":[],"current_hp_per_floor":[73,70,62,59,55,55,22,22,22,46,72,69,66,66,66,38,70,65,45,45,29,3,27,0,0],"gold":330,"neow_bonus":"ONE_RARE_RELIC","is_daily":false,"chose_seed":false,"campfire_upgraded":2,"win_rate":0.0,"timestamp":1608638408,"path_taken":["M","M","M","M","?","R","E","M","T","R","?","E","M","M","R","BOSS","M","M","?","M","?","R","E"],"items_purchased_type":[],"build_version":"2020-12-13","purchased_purges":0,"victory":false,"max_hp_per_floor":[80,80,80,80,80,80,80,80,80,80,80,80,80,80,80,80,80,80,80,80,80,80,80,80,80],"relic_stats":{"Centennial Puzzle":[24],"counters":[16,68],"Black Star":0,"Kunai":[9],"Boot":[16],"obtain_stats":[{"Centennial Puzzle":9,"Mango":0,"Black Star":17,"Kunai":7,"Boot":12,"Ring of the Snake":0},{"Centennial Puzzle":7,"Mango":0,"Black Star":11,"Kunai":6,"Boot":8,"Ring of the Snake":0},{"Centennial Puzzle":31,"Mango":0,"Black Star":48,"Kunai":28,"Boot":34,"Ring of the Snake":0}],"Ring of the Snake":[32]},"card_choices":[{"not_picked":["Dodge and Roll","Quick Slash"],"picked":"Flying Knee","floor":1},{"not_picked":["Cloak And Dagger","Dodge and Roll"],"picked":"PiercingWail","floor":2},{"not_picked":["Sucker Punch","Catalyst"],"picked":"Dagger Throw","floor":3},{"not_picked":["Dagger Spray","Sucker Punch"],"picked":"Bouncing Flask","floor":4},{"not_picked":["Acrobatics","Quick Slash"],"picked":"Backstab","floor":5},{"not_picked":["Deflect","Flechettes"],"picked":"Deadly Poison","floor":7},{"not_picked":["Sucker Punch","Backflip"],"picked":"Escape Plan","floor":8},{"not_picked":["Riddle With Holes","Dagger Spray","A Thousand Cuts"],"picked":"SKIP","floor":12},{"not_picked":["Riddle With Holes","Dagger Throw"],"picked":"Acrobatics","floor":13},{"not_picked":["Dagger Spray","Terror"],"picked":"Crippling Poison","floor":14},{"not_picked":["Wraith Form v2","A Thousand Cuts"],"picked":"Bullet Time","floor":16},{"not_picked":["Accuracy","Leg Sweep"],"picked":"Well Laid Plans","floor":18},{"not_picked":["Dodge and Roll","Heel Hook"],"picked":"Blur","floor":19},{"not_picked":["Quick Slash","Slice"],"picked":"Setup","floor":21},{"not_picked":["Cloak And Dagger","Accuracy"],"picked":"Acrobatics","floor":22}],"player_experience":1096770,"relics_obtained":[{"floor":7,"key":"Kunai"},{"floor":9,"key":"Centennial Puzzle"},{"floor":12,"key":"Boot"}],"event_choices":[{"damage_healed":26,"gold_gain":0,"player_choice":"Banana","damage_taken":0,"max_hp_gain":0,"max_hp_loss":0,"event_name":"Big Fish","floor":11,"gold_loss":0},{"damage_healed":0,"gold_gain":0,"player_choice":"0 cards matched","damage_taken":0,"max_hp_gain":0,"max_hp_loss":0,"event_name":"Match and Keep!","floor":20,"gold_loss":0,"cards_obtained":[]}],"is_beta":false,"boss_relics":[{"not_picked":["Calling Bell","Ring of the Serpent"],"picked":"Black Star"}],"items_purged_floors":[],"is_endless":false,"potions_floor_spawned":[2,5,8,13,14,18],"killed_by":"Gremlin Leader","ascension_level":19}}