{"host":"zekcc3vicrep0och","time":1608662931,"event":{"mods":["AchievementEnabler","BaseMod","Colored Map","Colored Powertips","Displayed Cursed Tome","Minty Spire (QoL Compilation)","Relic Stats","StSLib"],"gold_per_floor":[112,43,54,70,81,113,113,140,195,195,175,192,224,239,239,316,316,335,335,367,367,381,410,410,428,428,428,428],"floor_reached":27,"playtime":1782,"items_purged":[],"score":618,"play_id":"1ae4c2fe-3f05-48df-b16b-cc93221df354","local_time":"20201222214851","is_ascension_mode":true,"campfire_choices":[{"data":"Sunder","floor":7.0,"key":"SMITH"},{"data":"Auto Shields","floor":10.0,"key":"SMITH"},{"data":"Go for the Eyes","floor":15.0,"key":"SMITH"},{"floor":24.0,"key":"REST"}],"circlet_count":0,"master_deck":["AscendersBane","Strike_B","Strike_B","Strike_B","Strike_B","Defend_B","Defend_B","Defend_B","Defend_B","Zap","Dualcast","Conserve Battery","Sunder+1","Ball Lightning","Auto Shields+1","White Noise","Compile Driver","Defragment","Go for the Eyes+1","Conserve Battery","Reboot","FTL","Writhe","Conserve Battery","Decay","Core Surge","Steam"],"relics":["Cracked Core","Mango","Ancient Tea Set","InkBottle","Smiling Mask","Vajra","Nuclear Battery","Bag of Preparation","Red Mask","Bag of Marbles","CaptainsWheel"],"acts_visited":["Exordium","TheCity"],"potions_floor_usage":[27],"damage_taken":[{"damage":0.0,"enemies":"Cultist","floor":1.0,"turns":3.0},{"damage":0.0,"enemies":"Small Slimes","floor":3.0,"turns":2.0},{"damage":0.0,"enemies":"2 Louse","floor":4.0,"turns":2.0},{"damage":1.0,"enemies":"Large Slime","floor":5.0,"turns":5.0},{"damage":27.0,"enemies":"Gremlin Nob","floor":6.0,"turns":4.0},{"damage":4.0,"enemies":"3 Sentries","floor":8.0,"turns":5.0},{"damage":0.0,"enemies":"Exordium Wildlife","floor":12.0,"turns":2.0},{"damage":16.0,"enemies":"Gremlin Nob","floor":13.0,"turns":4.0},{"damage":9.0,"enemies":"Red Slaver","floor":14.0,"turns":4.0},{"damage":18.0,"enemies":"Slime Boss","floor":16.0,"turns":9.0},{"damage":18.0,"enemies":"2 Thieves","floor":18.0,"turns":4.0},{"damage":0.0,"enemies":"Masked Bandits","floor":20.0,"turns":3.0},{"damage":7.0,"enemies":"Shell Parasite","floor":22.0,"turns":4.0},{"damage":26.0,"enemies":"Slavers","floor":23.0,"turns":9.0},{"damage":18.0,"enemies":"Shelled Parasite and Fungi","floor":25.0,"turns":4.0},{"damage":13,"enemies":"Gremlin Leader","floor":27,"turns":7}],"seed_played":"3488297786048958628","potions_obtained":[{"floor":1.0,"key":"EssenceOfSteel"},{"floor":6.0,"key":"DistilledChaos"},{"floor":11.0,"key":"Strength Potion"},{"floor":12.0,"key":"SteroidPotion"},{"floor":18.0,"key":"Block Potion"},{"floor":20.0,"key":"SpeedPotion"},{"floor":22.0,"key":"DistilledChaos"}],"is_trial":false,"path_per_floor":["M","$","M","M","M","E","R","E","T","R","?","M","E","M","R","B",null,"M","?","?","?","M","E","R","M","T","E"],"character_chosen":"DEFECT","items_purchased":["Sunder"],"campfire_rested":1,"item_purchase_floors":[2],"current_hp_per_floor":[78,78,78,78,77,50,50,46,46,46,46,46,30,21,21,3,59,41,41,41,41,34,8,31,13,13,0,0],"gold":428,"neow_bonus":"ONE_RARE_RELIC","is_daily":false,"chose_seed":false,"campfire_upgraded":3,"win_rate":0.0,"timestamp":1608662931,"path_taken":["M","?","M","M","?","E","R","E","T","R","?","M","E","?","R","BOSS","M","?","?","?","M","E","R","M","T","E"],"items_purchased_type":["Card"],"build_version":"2020-12-13","purchased_purges":0,"victory":false,"max_hp_per_floor":[78,78,78,78,78,78,78,78,78,78,78,78,78,78,78,78,78,78,78,78,78,78,78,78,78,78,78,78],"relic_stats":{"counters":[16,71],"Bag of Preparation":[10],"Smiling Mask":0,"obtain_stats":[{"CaptainsWheel":26,"Vajra":13,"Mango":0,"Bag of Preparation":19,"Red Mask":20,"Bag of Marbles":23,"Cracked Core":0,"Ancient Tea Set":6,"Smiling Mask":9,"InkBottle":8,"Nuclear Battery":17},{"CaptainsWheel":15,"Vajra":8,"Mango":0,"Bag of Preparation":11,"Red Mask":12,"Bag of Marbles":14,"Cracked Core":0,"Ancient Tea Set":5,"Smiling Mask":6,"InkBottle":6,"Nuclear Battery":10},{"CaptainsWheel":64,"Vajra":27,"Mango":0,"Bag of Preparation":44,"Red Mask":47,"Bag of Marbles":60,"Cracked Core":0,"Ancient Tea Set":16,"Smiling Mask":21,"InkBottle":21,"Nuclear Battery":40}],"InkBottle":[20]},"card_choices":[{"not_picked":["Aggregate","Gash"],"picked":"Conserve Battery","floor":1.0},{"not_picked":["Static Discharge","Heatsinks","Fusion"],"picked":"SKIP","floor":3.0},{"not_picked":["Barrage","Cold Snap"],"picked":"Ball Lightning","floor":4.0},{"not_picked":["Go for the Eyes","Recycle"],"picked":"Auto Shields","floor":5.0},{"not_picked":["Stack","Compile Driver"],"picked":"White Noise","floor":6.0},{"not_picked":["Gash","Steam Power"],"picked":"Compile Driver","floor":8.0},{"not_picked":["Lockon","Conserve Battery"],"picked":"Defragment","floor":12.0},{"not_picked":["Storm","Streamline"],"picked":"Go for the Eyes","floor":13.0},{"not_picked":["Tempest","All For One"],"picked":"Conserve Battery","floor":14.0},{"not_picked":["Fission","Biased Cognition"],"picked":"Reboot","floor":16.0},{"not_picked":["Hologram","Rebound"],"picked":"FTL","floor":18.0},{"not_picked":["Streamline","Genetic Algorithm"],"picked":"Conserve Battery","floor":20.0},{"not_picked":["Redo","Streamline","Stack"],"picked":"SKIP","floor":22.0},{"not_picked":["FTL","Turbo"],"picked":"Core Surge","floor":23.0},{"not_picked":["Doom and Gloom","Redo"],"picked":"Steam","floor":25.0}],"player_experience":455281,"relics_obtained":[{"floor":6.0,"key":"Ancient Tea Set"},{"floor":8.0,"key":"InkBottle"},{"floor":9.0,"key":"Smiling Mask"},{"floor":13.0,"key":"Vajra"},{"floor":20.0,"key":"Red Mask"},{"floor":23.0,"key":"Bag of Marbles"},{"floor":26.0,"key":"CaptainsWheel"}],"event_choices":[{"damage_healed":0.0,"max_hp_gain":0.0,"max_hp_loss":0.0,"gold_gain":0.0,"event_name":"The Woman in Blue","player_choice":"Bought 1 Potion","floor":11.0,"gold_loss":0.0,"damage_taken":0.0},{"damage_healed":0.0,"max_hp_gain":0.0,"max_hp_loss":0.0,"gold_gain":0.0,"event_name":"The Mausoleum","player_choice":"Opened","floor":19.0,"gold_loss":0.0,"damage_taken":0.0,"relics_obtained":["Bag of Preparation"],"cards_obtained":["Writhe"]},{"damage_healed":0.0,"max_hp_gain":0.0,"max_hp_loss":0.0,"gold_gain":0.0,"event_name":"Masked Bandits","player_choice":"Fought Bandits","floor":20.0,"gold_loss":0.0,"damage_taken":0.0},{"damage_healed":0.0,"max_hp_gain":0.0,"max_hp_loss":0.0,"gold_gain":0.0,"event_name":"Wheel of Change","player_choice":"Cursed","floor":21.0,"gold_loss":0.0,"damage_taken":0.0,"cards_obtained":["Decay"]}],"is_beta":false,"boss_relics":[{"not_picked":["SlaversCollar","Velvet Choker"],"picked":"Nuclear Battery"}],"items_purged_floors":[],"is_endless":false,"potions_floor_spawned":[1,6,12,14,18,20,22],"killed_by":"Gremlin Leader","ascension_level":15}}