{"host":"uflv0e3ja7hvnij7","time":1608641009,"event":{"mods":["BaseMod","Conspire","Hubris","Minty Spire (QoL Compilation)","Replay The Spire","StSLib","The Bug Knight"],"gold_per_floor":[117,117,42,42,52,52,84,84,84,103,103,121,146,161,161,258,258,198,211,63,77,2,2,2,2],"floor_reached":24,"playtime":1502,"items_purged":["Defend_B","Normality"],"score":214,"play_id":"803f9329-cc97-4a4d-828a-4043b040f7dd","local_time":"20201222074329","is_ascension_mode":true,"campfire_choices":[{"floor":6,"key":"DIG"},{"floor":11,"key":"DIG"},{"floor":15,"key":"DIG"},{"floor":23,"key":"DIG"}],"circlet_count":0,"master_deck":["Strike_B","Strike_B","Strike_B","Strike_B","Defend_B","Defend_B","Defend_B","Zap+1","Dualcast","Coolheaded","Capacitor","Rainbow","Coolheaded","FIFO Queue+1","Ball Lightning","Echo Form+1","Clumsy","Streamline","Static Discharge+1","Barrage+1","Glacier+1"],"relics":["hubris:Backtick","Shovel","Potion Belt","Mercury Hourglass","White Beast Statue","hubris:Towel","Frozen Egg 2","Pantograph","Golden Egg","Replay:Rubber Ducky","Replay:Ancient Bell","Replay:Baseball","Matryoshka","CaptainsWheel","Letter Opener"],"acts_visited":["Exordium","TheCity"],"potions_floor_usage":[12,14,16,16,18,19,21,24,24],"damage_taken":[{"damage":0,"enemies":"Small Slimes","floor":1,"turns":6},{"damage":1,"enemies":"Jaw Worm","floor":5,"turns":4},{"damage":19,"enemies":"3 Sentries","floor":7,"turns":6},{"damage":8,"enemies":"2 Louse","floor":10,"turns":2},{"damage":5,"enemies":"Looter","floor":12,"turns":2},{"damage":11,"enemies":"Lagavulin","floor":13,"turns":7},{"damage":0,"enemies":"3 Louse","floor":14,"turns":2},{"damage":11,"enemies":"The Guardian","floor":16,"turns":8},{"damage":19,"enemies":"2 Thieves","floor":18,"turns":4},{"damage":7,"enemies":"3 Byrds","floor":19,"turns":4},{"damage":8,"enemies":"3 Cultists","floor":21,"turns":5},{"damage":46,"enemies":"Slavers","floor":24,"turns":5}],"seed_played":"-5366324682466094486","potions_obtained":[{"floor":7,"key":"FocusPotion"},{"floor":10,"key":"DuplicationPotion"},{"floor":12,"key":"EssenceOfSteel"},{"floor":13,"key":"Explosive Potion"},{"floor":14,"key":"Elixir"},{"floor":16,"key":"Adrenaline Potion"},{"floor":18,"key":"Fire Potion"},{"floor":19,"key":"AttackPotion"},{"floor":21,"key":"ColorlessPotion"}],"is_trial":false,"path_per_floor":["M","?","$","?","M","R","E","?","T","M","R","M","E","M","R","B",null,"M","M","$","M","?","R","E"],"character_chosen":"DEFECT","items_purchased":["Barrage"],"campfire_rested":0,"item_purchase_floors":[20],"current_hp_per_floor":[75,68,68,68,67,67,48,48,48,40,40,35,24,24,24,38,75,56,49,49,41,41,41,0,0],"gold":2,"neow_bonus":"BOSS_RELIC","is_daily":false,"chose_seed":false,"campfire_upgraded":0,"win_rate":0.0,"timestamp":1608641009,"path_taken":["M","?","$","?","M","R","E","?","T","M","R","M","E","M","R","BOSS","M","M","$","M","?","R","E"],"items_purchased_type":["Card"],"build_version":"2020-12-13","purchased_purges":2,"victory":false,"max_hp_per_floor":[75,75,75,75,75,75,75,75,75,75,75,75,75,75,75,75,75,75,75,75,75,75,75,75,75],"card_choices":[{"not_picked":["Compile Driver","Steam"],"picked":"Coolheaded","floor":1},{"not_picked":["Consume","Panic Button","Cold Snap"],"picked":"SKIP","floor":5},{"not_picked":["Darkness","Gash"],"picked":"Capacitor","floor":7},{"not_picked":["Doom and Gloom","Steam"],"picked":"Rainbow","floor":10},{"not_picked":["Aggregate","Panic Button"],"picked":"Coolheaded","floor":12},{"not_picked":["Genetic Algorithm","Barrage"],"picked":"FIFO Queue+1","floor":13},{"not_picked":["Sweeping Beam","Gash"],"picked":"Ball Lightning","floor":14},{"not_picked":["Hyperbeam","Seek"],"picked":"Echo Form+1","floor":16},{"not_picked":["Regret","Overencumbered"],"picked":"Clumsy","floor":17},{"not_picked":["conspire:NecroticWound","hubris:Gluttony"],"picked":"Normality","floor":17},{"not_picked":["hubris:Envy","CurseOfTheBell"],"picked":"Writhe","floor":17},{"not_picked":["Conserve Battery+1","Go for the Eyes"],"picked":"Streamline","floor":18},{"not_picked":["Conserve Battery+1","Compile Driver"],"picked":"Static Discharge+1","floor":19},{"not_picked":["Fusion","Consume"],"picked":"Glacier+1","floor":21}],"player_experience":269925,"relics_obtained":[{"floor":6,"key":"Mercury Hourglass"},{"floor":7,"key":"White Beast Statue"},{"floor":9,"key":"Frozen Egg 2"},{"floor":11,"key":"Pantograph"},{"floor":13,"key":"Golden Egg"},{"floor":15,"key":"Replay:Rubber Ducky"},{"floor":23,"key":"Letter Opener"}],"event_choices":[{"damage_healed":0,"gold_gain":0,"player_choice":"Success","damage_taken":7,"relics_obtained":["Potion Belt"],"max_hp_gain":0,"max_hp_loss":0,"event_name":"Scrap Ooze","floor":2,"gold_loss":0},{"cards_removed":["Writhe"],"damage_healed":0,"gold_gain":0,"player_choice":"Gave Gold","damage_taken":0,"max_hp_gain":0,"max_hp_loss":0,"event_name":"Beggar","floor":22,"gold_loss":75}],"is_beta":false,"boss_relics":[{"not_picked":["Runic Pyramid","Sozu"],"picked":"Replay:Ancient Bell"},{"not_picked":["Nunchaku","ReplayTheSpireMod:TigerMarble"],"picked":"Replay:Baseball"},{"not_picked":["StrikeDummy","Quantum Egg"],"picked":"Matryoshka"},{"not_picked":["hubris:Teleporter","Peace Pipe"],"picked":"CaptainsWheel"}],"items_purged_floors":[3,20],"is_endless":false,"potions_floor_spawned":[7,10,12,13,14,16,18,19,21],"killed_by":"Slavers","ascension_level":1}}