{"host":"k5ezbu40hxyit46v","time":1608614277,"event":{"mods":["Act Like it!","Aspiration","Astrologer","BaseMod","BetterRewards","Conspire","DeckTracker","Energized Spire","Googly Eyes","Halation","HexUI Lib","Highlight Path","Hubris","Infinite Spire","Jedi Mod","Mad Scientist","Marisa????????","Minty Spire (QoL Compilation)","Quarter Circle Forward PUNCH!","Quick Restart","Replay The Spire","Reworked Bosses","Shop Mod","Spikes Relics","StSLib","The Administrix","The Awakened One except there are too many feathers","The Bladedancer","The Cursed","The IronCluck","The Servant 0.9.4","The Wild Card","everything is the same but u backflip on backflip","slay the spire mod where everything is the same but ironclad has a cowboy hat","vexMod"],"gold_per_floor":[115,125,275,17,17,17,43,60,60,60,70,70,70,144,144,217,217,229,39,49,49,49,84,84,119,119,131,131,131,148,161,161,237,237,248,248,265,278,6,6,38,57,57,90,195,230,257,276,276,276,276],"floor_reached":52,"playtime":2363,"items_purged":["Strike_R","Doubt","Shame"],"score":2626,"play_id":"4ac60024-579a-4d27-b2f5-1f9b6935effc","local_time":"20201222001757","is_ascension_mode":true,"campfire_choices":[{"data":"conspire:Charge","floor":6.0,"key":"SMITH"},{"data":"Defend_R","floor":10.0,"key":"SMITH"},{"data":"Defend_R","floor":12.0,"key":"SMITH"},{"data":"Metallicize","floor":15.0,"key":"SMITH"},{"data":"vexMod:StairwayStrike","floor":24.0,"key":"SMITH"},{"data":"Double Tap","floor":29.0,"key":"SMITH"},{"data":"Bash","floor":32.0,"key":"SMITH"},{"data":"Demon Form","floor":40.0,"key":"SMITH"},{"data":"jedi:harder","floor":49.0,"key":"SMITH"}],"circlet_count":0,"master_deck":["AscendersBane","Strike_R","Strike_R","Defend_R+1","Defend_R+1","Defend_R+1","Defend_R+1","Bash+1","conspire:Charge+1","Metallicize+1","Double Tap+1","vexMod:StairwayStrike+1","Demon Form+1","Heavy Blade+1","conspire:Charge","Pain","Pummel","jedi:harder+1"],"relics":["Burning Blood","Toolbox","jedi:HeartOfTheCards","War Paint","PreservedInsect","Pet Ghost","White Beast Statue","vexMod:RetaliationKit","SlaversCollar","qcfpunch:Wild_Herbs_Ointment","halation:SmartPhone","hubris:GlazedTorus","Replay:WaspNest","Blood Vial","conspire:Dentures","halation:PromiseList","vexMod:BigBerry","infinitespire:ShieldingShard","King of Hearts","ReplayTheSpireMod:Ninjato","halation:LettersToHer","conspire:Boomerang","MiniBlackHole"],"acts_visited":["Exordium","TheCity","TheBeyond"],"potions_floor_usage":[],"damage_taken":[{"damage":0.0,"enemies":"conspire:RoseBush","floor":1.0,"turns":4.0},{"damage":0.0,"enemies":"Jaw Worm","floor":2.0,"turns":4.0},{"damage":1.0,"enemies":"Replay:BlueRogue","floor":7.0,"turns":4.0},{"damage":0.0,"enemies":"Cultist","floor":8.0,"turns":4.0},{"damage":4.0,"enemies":"Red Slaver","floor":11.0,"turns":4.0},{"damage":10.0,"enemies":"3 Sentries","floor":14.0,"turns":5.0},{"damage":14.0,"enemies":"Hexaghost","floor":16.0,"turns":8.0},{"damage":0.0,"enemies":"Chosen","floor":18.0,"turns":3.0},{"damage":0.0,"enemies":"conspire:FuzzyDice","floor":20.0,"turns":6.0},{"damage":15.0,"enemies":"Book of Stabbing","floor":23.0,"turns":4.0},{"damage":22.0,"enemies":"Gremlin Leader","floor":25.0,"turns":4.0},{"damage":3.0,"enemies":"Snake Plant","floor":27.0,"turns":3.0},{"damage":4.0,"enemies":"Shelled Parasite and Fungi","floor":30.0,"turns":4.0},{"damage":8.0,"enemies":"3 Cultists","floor":31.0,"turns":4.0},{"damage":58.0,"enemies":"bossMod:newChamp","floor":33.0,"turns":10.0},{"damage":0.0,"enemies":"3 Darklings","floor":35.0,"turns":5.0},{"damage":16.0,"enemies":"Orb Walker","floor":37.0,"turns":4.0},{"damage":25.0,"enemies":"Jaw Worm Horde","floor":38.0,"turns":4.0},{"damage":0.0,"enemies":"Giant Head","floor":41.0,"turns":4.0},{"damage":0.0,"enemies":"Writhing Mass","floor":42.0,"turns":5.0},{"damage":0.0,"enemies":"Reptomancer","floor":44.0,"turns":4.0},{"damage":10.0,"enemies":"conspire:MimicChest","floor":46.0,"turns":4.0},{"damage":12.0,"enemies":"R_Hoarder","floor":47.0,"turns":5.0},{"damage":23.0,"enemies":"Maw","floor":48.0,"turns":5.0},{"damage":15.0,"enemies":"hubris:GrandSnecko","floor":50.0,"turns":7.0},{"damage":49,"enemies":"bossMod:newShapes","floor":51,"turns":7}],"seed_played":"6162309223320268222","potions_obtained":[{"floor":2.0,"key":"Explosive Potion"},{"floor":7.0,"key":"Strength Potion"},{"floor":11.0,"key":"jedi:wingpotion"},{"floor":14.0,"key":"Dexterity Potion"},{"floor":16.0,"key":"LiquidMemories"},{"floor":18.0,"key":"LiquidBronze"},{"floor":20.0,"key":"BloodPotion"},{"floor":23.0,"key":"EntropicBrew"},{"floor":25.0,"key":"FearPotion"},{"floor":27.0,"key":"jedi:StrikingPotion"},{"floor":30.0,"key":"Adrenaline Potion"},{"floor":33.0,"key":"Toxic Potion"},{"floor":35.0,"key":"Elixir"},{"floor":37.0,"key":"AttackPotion"},{"floor":38.0,"key":"Fire Potion"},{"floor":41.0,"key":"GamblersBrew"},{"floor":42.0,"key":"Adrenaline Potion"},{"floor":44.0,"key":"Milkshake"},{"floor":46.0,"key":"SpeedPotion"},{"floor":47.0,"key":"BlessingOfTheForge"}],"is_trial":false,"path_per_floor":["M","M","?","$","?","R","E","M","T","R","M","R","AVR","E","R","B",null,"M","$","M","$","?","E","R","E","T","M","AVR","R","M","M","R","B",null,"M","?","M","M","$","R","E","M","T","E","?","?","E","M","R","B","B",null],"character_chosen":"IRONCLAD","items_purchased":["Toolbox","jedi:HeartOfTheCards","War Paint","conspire:Charge","PreservedInsect","vexMod:StairwayStrike","infinitespire:ShieldingShard"],"campfire_rested":0,"item_purchase_floors":[0,0,0,0,4,19,39],"current_hp_per_floor":[45,51,51,51,44,44,49,55,55,55,57,57,57,53,53,45,68,67,67,73,73,73,64,64,59,59,68,68,68,72,72,72,22,95,103,103,85,68,68,68,76,84,84,82,62,60,64,53,53,108,70],"gold":276,"neow_bonus":"","is_daily":false,"chose_seed":false,"campfire_upgraded":9,"win_rate":0.0,"timestamp":1608614277,"path_taken":["M","M","?","$","?","R","E","M","T","R","?","R","AVR","E","R","BOSS","M","$","M","?","?","E","R","E","T","M","AVR","R","M","?","R","BOSS","M","?","M","M","$","R","E","M","T","E","?","?","E","M","R","BOSS","BOSS"],"items_purchased_type":["Relic","Relic","Relic","Card","Relic","Card","Relic"],"build_version":"2020-12-13","purchased_purges":3,"victory":true,"max_hp_per_floor":[75,75,75,75,75,75,75,75,75,75,75,75,75,75,75,75,75,75,75,75,75,75,75,75,75,75,75,75,75,75,75,75,79,109,109,109,109,109,109,109,109,109,109,109,109,109,109,109,109,109,113],"card_choices":[{"not_picked":["jedi:suffering","Flame Barrier","Rampage"],"picked":"SKIP","floor":1.0},{"not_picked":["ReplayTheSpireMod:Stacked","Rage","Sentinel"],"picked":"SKIP","floor":2.0},{"not_picked":["Perfected Strike","Replay:Undeath\u0027s Touch","Thunderclap"],"picked":"SKIP","floor":7.0},{"not_picked":["Body Slam","Infernal Blade","Clash"],"picked":"SKIP","floor":8.0},{"not_picked":["Body Slam","Flex","Replay:Undeath\u0027s Touch"],"picked":"SKIP","floor":11.0},{"not_picked":["Sentinel","ReplayTheSpireMod:Strike From Hell"],"picked":"Metallicize","floor":14.0},{"not_picked":["jedi:bloodyhammer","conspire:HitWhereItHurts"],"picked":"Double Tap","floor":16.0},{"not_picked":["Wild Strike","Havoc","Run Through"],"picked":"SKIP","floor":18.0},{"not_picked":["Entrench","Abandon","Seeing Red"],"picked":"SKIP","floor":20.0},{"not_picked":["ReplayTheSpireMod:Corrosion Curse","ReplayTheSpireMod:Strike From Hell","jedi:bloodyhammer"],"picked":"SKIP","floor":23.0},{"not_picked":["jedi:fear","Anger","Thunderclap"],"picked":"SKIP","floor":25.0},{"not_picked":["True Grit","Rupture","Replay:Undeath\u0027s Touch"],"picked":"SKIP","floor":27.0},{"not_picked":["True Grit","jedi:fear","Clothesline"],"picked":"SKIP","floor":30.0},{"not_picked":["Heavy Blade+1","Whirlwind","hubris:ReadiedAction"],"picked":"SKIP","floor":31.0},{"not_picked":["jedi:unlimitedpower","Feed"],"picked":"Demon Form","floor":33.0},{"not_picked":["Iron Wave","hubris:ReadiedAction","jedi:controlledanger+1"],"picked":"SKIP","floor":35.0},{"not_picked":["Invigoration","Shrug It Off+1"],"picked":"Heavy Blade+1","floor":37.0},{"not_picked":["Wild Strike","Combust","Flex+1"],"picked":"SKIP","floor":38.0},{"not_picked":["jedi:MakeshiftSword+1","True Grit","Headbutt"],"picked":"SKIP","floor":41.0},{"not_picked":["Replay:Undeath\u0027s Touch","Perfected Strike+1","jedi:controlledanger+1"],"picked":"SKIP","floor":42.0},{"not_picked":["Cleave","Wild Strike"],"picked":"conspire:Charge","floor":44.0},{"not_picked":["Bloodletting+1","Thunderclap"],"picked":"Pummel","floor":45.0},{"not_picked":["ReplayTheSpireMod:Limb From Limb","Flex"],"picked":"jedi:harder","floor":46.0},{"not_picked":["Warcry","Absolvement+1","Havoc"],"picked":"SKIP","floor":47.0},{"not_picked":["Shrug It Off+1","Armaments+1","Run Through"],"picked":"SKIP","floor":48.0}],"player_experience":1197145,"relics_obtained":[{"floor":7.0,"key":"Pet Ghost"},{"floor":9.0,"key":"White Beast Statue"},{"floor":14.0,"key":"qcfpunch:Wild_Herbs_Ointment"},{"floor":23.0,"key":"Replay:WaspNest"},{"floor":25.0,"key":"Blood Vial"},{"floor":26.0,"key":"conspire:Dentures"},{"floor":41.0,"key":"King of Hearts"},{"floor":43.0,"key":"ReplayTheSpireMod:Ninjato"},{"floor":44.0,"key":"halation:LettersToHer"},{"floor":46.0,"key":"conspire:Boomerang"},{"floor":47.0,"key":"MiniBlackHole"}],"event_choices":[{"damage_healed":0.0,"max_hp_gain":0.0,"max_hp_loss":0.0,"gold_gain":150.0,"event_name":"Liars Game","player_choice":"AGREE","floor":3.0,"gold_loss":0.0,"damage_taken":0.0,"cards_obtained":["Doubt"]},{"cards_removed":["Strike_R"],"damage_healed":0.0,"max_hp_gain":0.0,"max_hp_loss":0.0,"gold_gain":0.0,"event_name":"Golden Wing","player_choice":"Card Removal","floor":5.0,"gold_loss":0.0,"damage_taken":7.0},{"damage_healed":0.0,"max_hp_gain":0.0,"max_hp_loss":0.0,"gold_gain":0.0,"event_name":"Addict","player_choice":"Stole Relic","floor":22.0,"gold_loss":0.0,"damage_taken":0.0,"relics_obtained":["hubris:GlazedTorus"],"cards_obtained":["Shame"]},{"cards_removed":["Strike_R"],"damage_healed":0.0,"max_hp_gain":0.0,"max_hp_loss":0.0,"gold_gain":0.0,"event_name":"Falling","player_choice":"Removed Attack","floor":36.0,"gold_loss":0.0,"damage_taken":0.0}],"is_beta":false,"boss_relics":[{"not_picked":["vexMod:DeviousBotling","halation:LoveArrow"],"picked":"halation:SmartPhone"},{"not_picked":["infinitespire:Cupcake","hubris:BlackHole"],"picked":"vexMod:BigBerry"}],"items_purged_floors":[0,4,28],"is_endless":false,"potions_floor_spawned":[2,7,11,14,16,18,20,23,25,27,30,31,33,35,37,38,41,42,44,46,47,48],"ascension_level":20}}