{"host":"Fun","time":1608649454,"event":{"mods":["BaseMod","Colored Map","Filter the Spire","Minty Spire (QoL Compilation)","Relic Stats","StSLib"],"gold_per_floor":[113,113,128,138,158,158,183,199,245,245,245,245,245,274,274,375,375,390,390,28,42,54,83,83,83,83,113,128,159,179,210,210,313,363,376,386,386,386,400,425,425,135,135,35,35,35,66,66,66,66],"floor_reached":51,"playtime":2232,"items_purged":["Strike_P+1","Strike_P+1"],"score":1100,"play_id":"b2baf1e3-a921-4a3d-8ae2-347ddec37a75","local_time":"20201222100414","is_ascension_mode":true,"campfire_choices":[{"data":"Eruption","floor":6,"key":"SMITH"},{"data":"WheelKick","floor":10,"key":"SMITH"},{"data":"WaveOfTheHand","floor":12,"key":"SMITH"},{"data":"Pray","floor":15,"key":"SMITH"},{"floor":24,"key":"REST"},{"floor":32,"key":"REST"},{"data":"Fasting2","floor":41,"key":"SMITH"},{"floor":46,"key":"REST"},{"floor":49,"key":"REST"}],"circlet_count":0,"master_deck":["Strike_P+1","Strike_P+1","Defend_P+1","Defend_P+1","Defend_P+1","Eruption+1","Vigilance","EmptyMind+1","WaveOfTheHand+1","Consecrate","WheelKick+1","FollowUp","Pray+1","ReachHeaven","EmptyFist","Vault+1","Swivel+1","TalkToTheHand+1","DeceiveReality+1","FlyingSleeves+1","Wireheading+1","Evaluate+1","CutThroughFate+1","Prostrate+1","CutThroughFate+1","FlurryOfBlows+1","DevaForm","Scrawl+1","Fasting2+1","Protect+1","JustLucky+1","TalkToTheHand+1","FlurryOfBlows+1","InnerPeace+1"],"relics":["HolyWater","WarpedTongs","Ginger","Tiny Chest","Toxic Egg 2","Regal Pillow","Molten Egg 2","Damaru","Incense Burner","Bottled Lightning","Art of War","Kunai","Darkstone Periapt","Tiny House","Boot","OrangePellets","Pantograph","The Courier","Question Card"],"acts_visited":["Exordium","TheCity","TheBeyond"],"potions_floor_usage":[14,21,27,31,39,39,39,40,50],"damage_taken":[{"damage":0,"enemies":"2 Louse","floor":1,"turns":4},{"damage":2,"enemies":"Cultist","floor":3,"turns":4},{"damage":0,"enemies":"Small Slimes","floor":4,"turns":2},{"damage":4,"enemies":"Blue Slaver","floor":5,"turns":3},{"damage":13,"enemies":"Lagavulin","floor":7,"turns":6},{"damage":0,"enemies":"Exordium Thugs","floor":8,"turns":2},{"damage":0,"enemies":"Gremlin Nob","floor":14,"turns":3},{"damage":25,"enemies":"The Guardian","floor":16,"turns":9},{"damage":0,"enemies":"Chosen","floor":18,"turns":3},{"damage":2,"enemies":"3 Byrds","floor":21,"turns":5},{"damage":21,"enemies":"Cultist and Chosen","floor":22,"turns":6},{"damage":20,"enemies":"Slavers","floor":23,"turns":7},{"damage":0,"enemies":"Book of Stabbing","floor":27,"turns":6},{"damage":0,"enemies":"Snake Plant","floor":28,"turns":3},{"damage":18,"enemies":"Gremlin Leader","floor":29,"turns":5},{"damage":15,"enemies":"Centurion and Healer","floor":30,"turns":5},{"damage":2,"enemies":"Slavers","floor":31,"turns":3},{"damage":0,"enemies":"Automaton","floor":33,"turns":7},{"damage":17,"enemies":"3 Darklings","floor":35,"turns":7},{"damage":0,"enemies":"3 Shapes","floor":36,"turns":4},{"damage":17,"enemies":"Sphere and 2 Shapes","floor":39,"turns":7},{"damage":0,"enemies":"Giant Head","floor":40,"turns":5},{"damage":12,"enemies":"Reptomancer","floor":47,"turns":6},{"damage":33,"enemies":"Awakened One","floor":50,"turns":11}],"seed_played":"-3529432600186562917","potions_obtained":[{"floor":1,"key":"BottledMiracle"},{"floor":4,"key":"LiquidMemories"},{"floor":16,"key":"Fruit Juice"},{"floor":18,"key":"FairyPotion"},{"floor":23,"key":"SteroidPotion"},{"floor":27,"key":"SpeedPotion"},{"floor":30,"key":"LiquidMemories"},{"floor":31,"key":"PowerPotion"},{"floor":34,"key":"EntropicBrew"},{"floor":39,"key":"Fruit Juice"},{"floor":40,"key":"Dexterity Potion"}],"is_trial":false,"path_per_floor":["M","?","M","M","M","R","E","M","T","R","?","R","?","E","R","B",null,"M","?","$","M","M","E","R","T","T","E","M","E","M","E","R","B",null,"M","M","?","?","M","E","R","$","T","$","T","R","E","?","R","B",null],"character_chosen":"WATCHER","items_purchased":["Molten Egg 2","TalkToTheHand+1","DeceiveReality+1","OrangePellets","InnerPeace+1"],"campfire_rested":4,"item_purchase_floors":[20,20,20,42,42],"current_hp_per_floor":[72,72,70,70,66,66,53,53,53,53,58,58,40,40,40,15,77,77,77,77,75,54,34,72,72,72,77,77,59,44,42,81,81,87,70,70,70,70,53,58,58,58,58,58,58,92,80,80,92,59],"gold":66,"neow_bonus":"THREE_CARDS","is_daily":false,"chose_seed":false,"campfire_upgraded":5,"win_rate":0.0,"timestamp":1608649454,"path_taken":["M","?","?","M","M","R","E","M","T","R","?","R","?","E","R","BOSS","M","?","$","M","M","E","R","?","T","E","M","E","M","E","R","BOSS","M","M","?","?","?","E","R","$","T","$","?","R","E","?","R","BOSS"],"items_purchased_type":["Relic","Card","Card","Relic","Card"],"build_version":"2020-12-18","purchased_purges":2,"victory":true,"max_hp_per_floor":[72,72,72,72,72,72,72,72,72,72,77,77,77,77,77,77,77,77,77,77,77,77,77,77,77,77,82,82,82,82,82,82,82,87,87,87,87,87,87,92,92,92,92,92,92,92,92,92,92,92],"relic_stats":{"Darkstone Periapt":0,"Regal Pillow":37,"counters":[24,123],"Ginger":[7],"Boot":[2],"Question Card":1,"WarpedTongs":[116],"OrangePellets":[1],"Pantograph":0,"Tiny Chest":2,"Art of War":[6],"Kunai":[38],"obtain_stats":[{"Darkstone Periapt":31,"Regal Pillow":14,"Tiny House":34,"Damaru":23,"The Courier":45,"Incense Burner":25,"Ginger":7,"Boot":40,"Question Card":47,"WarpedTongs":1,"OrangePellets":42,"Pantograph":43,"HolyWater":17,"Tiny Chest":9,"Molten Egg 2":20,"Art of War":27,"Bottled Lightning":26,"Kunai":29,"PureWater":0,"Toxic Egg 2":13},{"Darkstone Periapt":17,"Regal Pillow":7,"Tiny House":18,"Damaru":12,"The Courier":22,"Incense Burner":12,"Ginger":5,"Boot":22,"Question Card":23,"WarpedTongs":1,"OrangePellets":22,"Pantograph":22,"HolyWater":8,"Tiny Chest":6,"Molten Egg 2":9,"Art of War":13,"Bottled Lightning":12,"Kunai":15,"PureWater":0,"Toxic Egg 2":6},{"Darkstone Periapt":76,"Regal Pillow":24,"Tiny House":83,"Damaru":54,"The Courier":106,"Incense Burner":54,"Ginger":19,"Boot":106,"Question Card":112,"WarpedTongs":1,"OrangePellets":106,"Pantograph":106,"HolyWater":33,"Tiny Chest":21,"Molten Egg 2":36,"Art of War":60,"Bottled Lightning":54,"Kunai":68,"PureWater":0,"Toxic Egg 2":21}]},"card_choices":[{"not_picked":["MentalFortress","Halt"],"picked":"EmptyMind","floor":0},{"not_picked":["Consecrate","CrushJoints"],"picked":"WaveOfTheHand","floor":1},{"not_picked":["EmptyMind","PathToVictory"],"picked":"Consecrate","floor":3},{"not_picked":["DeceiveReality","Evaluate"],"picked":"WheelKick","floor":4},{"not_picked":["Brilliance","Evaluate"],"picked":"FollowUp","floor":5},{"not_picked":["Crescendo","PathToVictory"],"picked":"Pray","floor":7},{"not_picked":["Study","JustLucky"],"picked":"ReachHeaven","floor":8},{"not_picked":["FlurryOfBlows","Vengeance+1"],"picked":"EmptyFist","floor":14},{"not_picked":["Devotion","Omniscience+1"],"picked":"Vault+1","floor":16},{"not_picked":["Wireheading","ReachHeaven"],"picked":"Swivel+1","floor":18},{"not_picked":["EmptyFist+1","WindmillStrike+1"],"picked":"FlyingSleeves+1","floor":21},{"not_picked":["SashWhip+1","ClearTheMind+1"],"picked":"Wireheading+1","floor":22},{"not_picked":["FlyingSleeves+1","Nirvana+1"],"picked":"Evaluate+1","floor":23},{"not_picked":["CrushJoints+1","Brilliance+1"],"picked":"CutThroughFate+1","floor":27},{"not_picked":["Worship+1","FlurryOfBlows+1"],"picked":"Prostrate+1","floor":28},{"not_picked":["MentalFortress+1","Swivel+1"],"picked":"CutThroughFate+1","floor":29},{"not_picked":["ClearTheMind+1","EmptyBody+1"],"picked":"FlurryOfBlows+1","floor":30},{"not_picked":["EmptyFist+1","Prostrate+1"],"picked":"DevaForm","floor":31},{"not_picked":["DevaForm","Brilliance+1"],"picked":"Scrawl+1","floor":33},{"not_picked":["WheelKick+1","CrushJoints+1"],"picked":"Fasting2","floor":34},{"not_picked":["SignatureMove+1","FollowUp+1"],"picked":"Protect+1","floor":35},{"not_picked":["PathToVictory+1","FollowUp+1"],"picked":"JustLucky+1","floor":36},{"not_picked":["Prostrate+1","EmptyFist+1"],"picked":"FlurryOfBlows+1","floor":39},{"not_picked":["Crescendo+1","SashWhip+1","WheelKick+1"],"picked":"SKIP","floor":40},{"not_picked":["Vengeance+1","Evaluate+1","EmptyFist+1"],"picked":"SKIP","floor":47}],"player_experience":76583,"relics_obtained":[{"floor":7,"key":"Ginger"},{"floor":9,"key":"Tiny Chest"},{"floor":14,"key":"Regal Pillow"},{"floor":23,"key":"Damaru"},{"floor":25,"key":"Incense Burner"},{"floor":26,"key":"Bottled Lightning"},{"floor":27,"key":"Art of War"},{"floor":29,"key":"Kunai"},{"floor":31,"key":"Darkstone Periapt"},{"floor":40,"key":"Boot"},{"floor":43,"key":"Pantograph"},{"floor":45,"key":"The Courier"},{"floor":47,"key":"Question Card"}],"event_choices":[{"cards_removed":["Defend_P"],"damage_healed":0,"gold_gain":0,"player_choice":"Purged","damage_taken":0,"max_hp_gain":0,"max_hp_loss":0,"event_name":"Purifier","floor":2,"gold_loss":0},{"damage_healed":0,"gold_gain":0,"player_choice":"Donut","damage_taken":0,"max_hp_gain":5,"max_hp_loss":0,"event_name":"Big Fish","floor":11,"gold_loss":0},{"damage_healed":0,"gold_gain":0,"player_choice":"Success","damage_taken":18,"relics_obtained":["Toxic Egg 2"],"max_hp_gain":0,"max_hp_loss":0,"event_name":"Scrap Ooze","floor":13,"gold_loss":0},{"damage_healed":0,"gold_gain":0,"player_choice":"Simplicity","damage_taken":0,"max_hp_gain":0,"max_hp_loss":0,"event_name":"Back to Basics","floor":19,"gold_loss":0,"cards_upgraded":["Strike_P","Strike_P","Strike_P","Strike_P","Defend_P","Defend_P","Defend_P"]},{"damage_healed":0,"gold_gain":0,"player_choice":"Ignored","damage_taken":0,"max_hp_gain":0,"max_hp_loss":0,"event_name":"Tomb of Lord Red Mask","floor":37,"gold_loss":0},{"damage_healed":0,"gold_gain":0,"player_choice":"Copied","damage_taken":0,"max_hp_gain":0,"max_hp_loss":0,"event_name":"Duplicator","floor":38,"gold_loss":0,"cards_obtained":["TalkToTheHand"]},{"damage_healed":0,"gold_gain":0,"player_choice":"Memory 1","damage_taken":0,"max_hp_gain":0,"max_hp_loss":0,"event_name":"SensoryStone","floor":48,"gold_loss":0}],"is_beta":true,"boss_relics":[{"not_picked":["SlaversCollar","Runic Dome"],"picked":"HolyWater"},{"not_picked":["Coffee Dripper","Calling Bell"],"picked":"Tiny House"}],"items_purged_floors":[42,44],"is_endless":false,"potions_floor_spawned":[1,4,16,18,23,27,30,31,39,40,47],"ascension_level":3}}