{"host":"v4tuy5ykrbdcm9o9","time":1608625290,"event":{"mods":["BaseMod","Duelist Mod","Minty Spire (QoL Compilation)","Replay The Spire","StSLib"],"gold_per_floor":[117,133,133,6,19,46,46,80,80,106,71,90,90,125,125,222,222,240,251,268,1,91,120,137,169,169,169,187,213,230,230,230,333,333,343,393,393,2,20,47,59,88,175,187,211,223,235,296,308,338],"floor_reached":51,"playtime":4007,"items_purged":["ReplayTheSpireMod:Restless Dread"],"score":958,"play_id":"e8d9ac36-aec3-4799-8818-27ed0862962d","local_time":"20201222032130","is_ascension_mode":true,"campfire_choices":[{"floor":7,"key":"REST"},{"floor":15,"key":"REST"},{"floor":27,"key":"REST"},{"floor":32,"key":"REST"},{"floor":41,"key":"REST"},{"floor":44,"key":"REST"},{"floor":46,"key":"REST"},{"floor":49,"key":"REST"}],"circlet_count":0,"master_deck":["Strike_R","Strike_R","Strike_R","Strike_R","Strike_R","Defend_R","Defend_R","Defend_R","Defend_R","Bash","ReplayReversal","Anger","Flex","Cleave","Shockwave","Perfected Strike+1","Shrug It Off","Thunderclap","Perfected Strike+1","Dramatic Entrance","Rage","Offering","ReplayReversal+1","Seeing Red","Inflame","Spot Weakness","ReplayTheSpireMod:Muscle Training+1","Heavy Blade","Thunderclap+1","Run Through","Reaper","Anger+1","Flex+1","Limit Break","Spot Weakness+1","Rampage+1","Armaments+1"],"relics":["Burning Blood","ReplayTheSpireMod:CursedCoin","Mummified Hand","Replay:Bottled Flurry","Snack Pack","Replay:Bottled Steam","Replay:Bottled Eggs","Replay:Bronze Core","Pen Nib","Peace Pipe","Anchor","Singing Bowl","Turnip","Black Star","Ice Cream","ReplayTheSpireMod:Ninjato","Strange Spoon","King of Hearts","MawBank","Paper Frog","Replay:Bandana","Incense Burner","Orichalcum"],"acts_visited":["Exordium","TheCity","TheBeyond"],"potions_floor_usage":[6,6,10,10,19,25,25,33,39,40,40],"damage_taken":[{"damage":3,"enemies":"Jaw Worm","floor":1,"turns":5},{"damage":4,"enemies":"Small Slimes","floor":2,"turns":4},{"damage":9,"enemies":"Cultist","floor":5,"turns":5},{"damage":61,"enemies":"Lagavulin","floor":6,"turns":8},{"damage":47,"enemies":"Gremlin Nob","floor":8,"turns":5},{"damage":15,"enemies":"Lagavulin","floor":10,"turns":7},{"damage":18,"enemies":"Lots of Slimes","floor":12,"turns":4},{"damage":16,"enemies":"Gremlin Nob","floor":14,"turns":3},{"damage":56,"enemies":"Hexaghost","floor":16,"turns":13},{"damage":12,"enemies":"Shell Parasite","floor":18,"turns":4},{"damage":21,"enemies":"2 Thieves","floor":19,"turns":3},{"damage":15,"enemies":"Centurion and Healer","floor":20,"turns":3},{"damage":23,"enemies":"Slavers","floor":23,"turns":3},{"damage":6,"enemies":"Sentry and Sphere","floor":24,"turns":2},{"damage":24,"enemies":"Gremlin Leader","floor":25,"turns":3},{"damage":2,"enemies":"Chosen and Byrds","floor":28,"turns":3},{"damage":16,"enemies":"Book of Stabbing","floor":29,"turns":3},{"damage":6,"enemies":"3 Cultists","floor":30,"turns":4},{"damage":123,"enemies":"Champ","floor":33,"turns":13},{"damage":38,"enemies":"3 Darklings","floor":35,"turns":4},{"damage":7,"enemies":"Mind Bloom Boss Battle","floor":36,"turns":6},{"damage":8,"enemies":"3 Shapes","floor":39,"turns":3},{"damage":83,"enemies":"Nemesis","floor":40,"turns":9},{"damage":48,"enemies":"Sphere and 2 Shapes","floor":42,"turns":5},{"damage":45,"enemies":"Maw","floor":45,"turns":6},{"damage":37,"enemies":"Giant Head","floor":48,"turns":6},{"damage":64,"enemies":"Donu and Deca","floor":50,"turns":7}],"seed_played":"-8527213651489094577","potions_obtained":[{"floor":6,"key":"Elixir"},{"floor":8,"key":"HeartOfIron"},{"floor":10,"key":"Fruit Juice"},{"floor":14,"key":"FairyPotion"},{"floor":18,"key":"Energy Potion"},{"floor":24,"key":"AttackPotion"},{"floor":25,"key":"SkillPotion"},{"floor":33,"key":"EssenceOfSteel"},{"floor":36,"key":"GamblersBrew"},{"floor":39,"key":"ElixirPotion"}],"is_trial":false,"path_per_floor":["M","M","?","$","M","E","R","E","T","E","?","M","?","E","R","B",null,"M","M","M","$","?","E","M","E","T","R","M","E","M","?","R","B",null,"M","?","?","$","M","E","R","M","T","R","M","R","T","E","R","B",null],"character_chosen":"IRONCLAD","items_purchased":["Flex","AttackPotion","ReplayTheSpireMod:CursedCoin","Cleave","SkillPotion","Spot Weakness","Pen Nib","Strength Potion","ReplayTheSpireMod:Ninjato","Strange Spoon"],"campfire_rested":8,"item_purchase_floors":[4,4,4,4,4,21,21,21,38,38],"current_hp_per_floor":[88,88,93,93,90,35,62,21,21,17,41,31,31,25,54,8,98,92,79,74,74,62,47,49,35,35,64,72,68,70,70,100,36,102,74,102,102,102,100,35,65,45,45,75,70,100,100,73,102,84],"gold":350,"neow_bonus":"TEN_PERCENT_HP_BONUS","is_daily":false,"chose_seed":false,"campfire_upgraded":0,"win_rate":0.0,"timestamp":1608625290,"path_taken":["M","M","?","$","M","E","R","E","T","E","?","M","?","E","R","BOSS","M","M","M","$","?","E","M","E","T","R","M","E","?","?","R","BOSS","M","?","?","$","M","E","R","M","T","R","M","R","?","E","R","BOSS"],"items_purchased_type":["Card","Potion","Relic","Card","Potion","Card","Relic","Potion","Relic","Relic"],"build_version":"2020-12-13","purchased_purges":1,"victory":true,"max_hp_per_floor":[88,88,93,93,93,93,93,93,93,98,98,98,98,98,98,98,98,98,98,98,98,98,98,98,98,98,98,100,102,102,102,102,102,102,102,102,102,102,102,102,102,102,102,102,102,102,102,102,102,102],"card_choices":[{"not_picked":["Flex","Pommel Strike"],"picked":"ReplayReversal","floor":1},{"not_picked":["Pommel Strike","Fire Breathing"],"picked":"Anger","floor":2},{"not_picked":["Dark Embrace","Replay:Undeath\u0027s Touch"],"picked":"Shockwave","floor":5},{"not_picked":["Cleave","Iron Wave"],"picked":"Perfected Strike","floor":6},{"not_picked":["Impervious","Perfected Strike"],"picked":"Shrug It Off","floor":8},{"not_picked":["Shrug It Off","Armaments"],"picked":"Thunderclap","floor":10},{"not_picked":["Flame Barrier","Defy Death"],"picked":"Perfected Strike","floor":12},{"not_picked":["Thunderclap","Rampage"],"picked":"Rage","floor":14},{"not_picked":["Immolate","Demonic Infusion"],"picked":"Offering","floor":16},{"not_picked":["Anger","Rampage+1"],"picked":"ReplayReversal+1","floor":18},{"not_picked":["Flex","Twin Strike"],"picked":"Seeing Red","floor":19},{"not_picked":["Thunderclap","Clash"],"picked":"Inflame","floor":20},{"not_picked":["ReplayTheSpireMod:Strike From Hell","Pommel Strike"],"picked":"Brutality","floor":23},{"not_picked":["Shrug It Off","ReplayTheSpireMod:Strike From Hell"],"picked":"ReplayTheSpireMod:Muscle Training+1","floor":24},{"not_picked":["Replay:Undeath\u0027s Touch+1","ReplayTheSpireMod:Muscle Training+1"],"picked":"Heavy Blade","floor":25},{"not_picked":["Spot Weakness","Headbutt","Sentinel"],"picked":"Singing Bowl","floor":28},{"not_picked":["Headbutt","Shockwave","Bludgeon"],"picked":"Singing Bowl","floor":29},{"not_picked":["Bloodletting","Heavy Blade"],"picked":"Thunderclap+1","floor":30},{"not_picked":["Corruption","Bludgeon"],"picked":"Reaper","floor":33},{"not_picked":["Ghostly Armor","Cleave+1"],"picked":"Anger+1","floor":35},{"not_picked":["Body Slam","ReplayTheSpireMod:Stacked+1"],"picked":"Shockwave+1","floor":36},{"not_picked":["ReplayTheSpireMod:LeadingStrike","Twin Strike"],"picked":"Flex+1","floor":39},{"not_picked":["Evolve+1","Bloodletting"],"picked":"Limit Break","floor":40},{"not_picked":["Flame Barrier+1","True Grit+1"],"picked":"Spot Weakness+1","floor":42},{"not_picked":["Clash+1","Pummel"],"picked":"Rampage+1","floor":45},{"not_picked":["Headbutt+1","Shrug It Off+1"],"picked":"Armaments+1","floor":48}],"player_experience":413177,"relics_obtained":[{"floor":6,"key":"Mummified Hand"},{"floor":8,"key":"Replay:Bottled Flurry"},{"floor":9,"key":"Snack Pack"},{"floor":10,"key":"Replay:Bottled Steam"},{"floor":14,"key":"Replay:Bottled Eggs"},{"floor":23,"key":"Peace Pipe"},{"floor":25,"key":"Anchor"},{"floor":26,"key":"Singing Bowl"},{"floor":29,"key":"Turnip"},{"floor":36,"key":"Ice Cream"},{"floor":40,"key":"King of Hearts"},{"floor":40,"key":"MawBank"},{"floor":43,"key":"Paper Frog"},{"floor":47,"key":"Replay:Bandana"},{"floor":48,"key":"Incense Burner"},{"floor":48,"key":"Orichalcum"}],"event_choices":[{"damage_healed":0,"gold_gain":0,"player_choice":"Donut","damage_taken":0,"max_hp_gain":5,"max_hp_loss":0,"event_name":"Big Fish","floor":3,"gold_loss":0},{"damage_healed":24,"gold_gain":0,"player_choice":"Healed","damage_taken":0,"max_hp_gain":0,"max_hp_loss":0,"event_name":"The Cleric","floor":11,"gold_loss":35},{"damage_healed":0,"gold_gain":0,"player_choice":"1 cards matched","damage_taken":0,"max_hp_gain":0,"max_hp_loss":0,"event_name":"Match and Keep!","floor":13,"gold_loss":0,"cards_obtained":["Dramatic Entrance"]},{"damage_healed":0,"gold_gain":90,"player_choice":"GOLD ","damage_taken":12,"max_hp_gain":0,"max_hp_loss":0,"event_name":"Knowing Skull","floor":22,"potions_obtained":[],"gold_loss":0,"cards_obtained":[]},{"damage_healed":0,"gold_gain":0,"cards_transformed":["Brutality"],"player_choice":"Transformed","damage_taken":0,"max_hp_gain":0,"max_hp_loss":0,"event_name":"Transmorgrifier","floor":31,"gold_loss":0,"cards_obtained":["Run Through"]},{"damage_healed":0,"gold_gain":0,"player_choice":"Fight","damage_taken":0,"max_hp_gain":0,"max_hp_loss":0,"event_name":"MindBloom","floor":36,"gold_loss":0},{"cards_removed":["Shockwave"],"damage_healed":0,"gold_gain":0,"player_choice":"Removed Skill","damage_taken":0,"max_hp_gain":0,"max_hp_loss":0,"event_name":"Falling","floor":37,"gold_loss":0}],"is_beta":false,"boss_relics":[{"not_picked":["Ring of Chaos","Black Blood"],"picked":"Replay:Bronze Core"},{"not_picked":["ReplayTheSpireMod:DimensionalGlitch","Astrolabe"],"picked":"Black Star"}],"items_purged_floors":[4],"is_endless":false,"potions_floor_spawned":[6,8,10,14,18,23,24,25,33,36,39],"ascension_level":3}}