{"host":"e87rn453naquue3h","time":1608617457,"event":{"mods":["AchievementEnabler","BaseMod","Downfall","Minty Spire (QoL Compilation)","StSLib"],"gold_per_floor":[99,112,122,272,287,212,239,267,267,267,267,301,301,301,317,412,412,412,431,449,54,154,174,200,200,235,252,285,285,370,401,413,510,510,435,449,460,460,374,405,429,443,443,493,418,431,431,431,446,446],"floor_reached":51,"playtime":13438,"items_purged":["Regret"],"score":883,"play_id":"ff78f648-2dc4-4bbb-beaa-a7296e5b8252","local_time":"20201222011057","is_ascension_mode":true,"campfire_choices":[{"floor":1,"key":"RECALL"},{"data":"Guardian:ChargeUp","floor":6,"key":"SMITH"},{"data":"Guardian:GatlingBeam","floor":11,"key":"SMITH"},{"data":"Guardian:DonusPower","floor":13,"key":"SMITH"},{"data":"Guardian:BronzeOrb","floor":18,"key":"SMITH"},{"data":"Guardian:SpikerProtocol","floor":25,"key":"SMITH"},{"floor":29,"key":"REST"},{"data":"Guardian:TimeCapacitor","floor":35,"key":"SMITH"},{"floor":43,"key":"REST"},{"floor":45,"key":"REST"},{"data":"Guardian:SpikerProtocol","floor":47,"key":"SMITH"}],"circlet_count":0,"master_deck":["Guardian:Strike_Guardian+1","Guardian:Strike_Guardian","Guardian:Strike_Guardian","Guardian:Defend_Guardian","Guardian:Defend_Guardian","Guardian:Defend_Guardian+1","Guardian:CurlUp","Guardian:TwinSlam","Guardian:Orbwalk","Guardian:ShieldCharger+1","Slimebound:Icky","Guardian:ChargeUp+1","Guardian:GatlingBeam+1","Guardian:DonusPower+1","Guardian:BronzeOrb+1","Guardian:ExploitGems","Guardian:SpikerProtocol+1","Guardian:ExploitGems","Guardian:SpikerProtocol+1","Guardian:TimeCapacitor+1","Guardian:Orbwalk+1","Guardian:TimeSifter","Guardian:ArmoredProtocol","Guardian:DonusPower","Guardian:ArmoredProtocol+1","Guardian:Planning+1","Guardian:FloatingOrbs+1"],"relics":["Guardian:ModeShifter","downfall:HeartBlessingRed","Lantern","Du-Vu Doll","Torii","Philosopher\u0027s Stone","Lizard Tail","Potion Belt","Akabeko","Mummified Hand","Runic Pyramid","downfall:HeartBlessingBlue","Art of War","Regal Pillow","Peace Pipe","downfall:HeartBlessingGreen"],"acts_visited":["Exordium","TheCity","TheBeyond"],"potions_floor_usage":[28,31,33,39,40,42,50],"damage_taken":[{"damage":3,"enemies":"Small Slimes","floor":2,"turns":3},{"damage":6,"enemies":"2 Louse","floor":3,"turns":3},{"damage":6,"enemies":"Jaw Worm","floor":5,"turns":4},{"damage":10,"enemies":"Gremlin Nob","floor":8,"turns":5},{"damage":11,"enemies":"3 Sentries","floor":12,"turns":7},{"damage":0,"enemies":"2 Fungi Beasts","floor":15,"turns":3},{"damage":1,"enemies":"downfall:Ironclad","floor":16,"turns":6},{"damage":13,"enemies":"Spheric Guardian","floor":19,"turns":4},{"damage":10,"enemies":"3 Byrds","floor":20,"turns":5},{"damage":5,"enemies":"downfall:FleeingMerchant","floor":21,"turns":4},{"damage":0,"enemies":"Centurion and Healer","floor":23,"turns":5},{"damage":23,"enemies":"Slavers","floor":26,"turns":5},{"damage":1,"enemies":"3 Cultists","floor":27,"turns":5},{"damage":6,"enemies":"Gremlin Leader","floor":28,"turns":5},{"damage":13,"enemies":"Slavers","floor":31,"turns":4},{"damage":0,"enemies":"Cultist and Chosen","floor":32,"turns":6},{"damage":0,"enemies":"downfall:Silent","floor":33,"turns":6},{"damage":11,"enemies":"3 Shapes","floor":36,"turns":6},{"damage":15,"enemies":"Orb Walker","floor":37,"turns":3},{"damage":0,"enemies":"downfall:FleeingMerchant","floor":39,"turns":4},{"damage":63,"enemies":"Giant Head","floor":40,"turns":10},{"damage":0,"enemies":"Transient","floor":42,"turns":5},{"damage":0,"enemies":"Mind Bloom Boss Battle","floor":44,"turns":6},{"damage":13,"enemies":"4 Shapes","floor":46,"turns":7},{"damage":0,"enemies":"Maw","floor":49,"turns":6},{"damage":1,"enemies":"downfall:Defect","floor":50,"turns":6}],"seed_played":"716251317976924736","potions_obtained":[{"floor":5,"key":"SteroidPotion"},{"floor":12,"key":"FearPotion"},{"floor":15,"key":"Energy Potion"},{"floor":23,"key":"Strength Potion"},{"floor":26,"key":"SneckoOil"},{"floor":27,"key":"LiquidBronze"},{"floor":31,"key":"PowerPotion"},{"floor":32,"key":"DistilledChaos"},{"floor":33,"key":"sneckomod:MuddlingPotion"},{"floor":36,"key":"Swift Potion"},{"floor":37,"key":"Strength Potion"},{"floor":46,"key":"BlessingOfTheForge"},{"floor":49,"key":"SmokeBomb"}],"is_trial":false,"path_per_floor":["R","M","M","?","M","R","T","E","?","?","R","E","R","?","M","B",null,"R","M","M","$","?","M","T","R","E","M","E","R","?","E","M","B",null,"R","M","M","?","$","E","T","M","R","?","R","M","R","?","M","B",null],"character_chosen":"GUARDIAN","items_purchased":["Lizard Tail","Guardian:ArmoredProtocol"],"campfire_rested":3,"item_purchase_floors":[21,39],"current_hp_per_floor":[88,85,79,79,73,73,73,63,63,63,63,52,52,52,52,51,88,88,75,65,60,60,60,60,60,37,36,30,56,40,27,27,27,88,98,87,72,72,72,9,9,9,53,53,97,84,84,84,84,83],"gold":446,"neow_bonus":"TEN_PERCENT_HP_BONUS","is_daily":false,"chose_seed":false,"campfire_upgraded":7,"win_rate":0.0,"timestamp":1608617457,"path_taken":["R","M","M","?","M","R","T","E","?","?","R","E","R","?","M","BOSS","R","M","M","$","?","M","T","R","E","M","E","R","?","E","M","BOSS","R","M","M","?","$","E","T","M","R","?","R","M","R","?","M","BOSS"],"items_purchased_type":["Relic","Card"],"build_version":"2020-12-13","purchased_purges":1,"victory":true,"max_hp_per_floor":[88,88,88,88,88,88,88,88,88,88,88,88,88,88,88,88,88,88,88,88,88,88,88,88,88,88,88,88,88,88,88,88,88,88,98,98,98,98,98,98,98,98,98,98,98,98,98,98,98,98],"card_choices":[{"not_picked":["Guardian:ChargeCore","Guardian:Gem_Crimson"],"picked":"Guardian:Orbwalk","floor":2},{"not_picked":["Guardian:ArmoredProtocol","Guardian:ChargeCore"],"picked":"Guardian:ShieldCharger","floor":3},{"not_picked":["Guardian:SpikerProtocol","Guardian:TemporalShield"],"picked":"Guardian:ChargeUp","floor":5},{"not_picked":["Guardian:Planning","Guardian:FloatingOrbs"],"picked":"Guardian:GatlingBeam","floor":8},{"not_picked":["Guardian:Clone","Guardian:Gem_Purple"],"picked":"Guardian:DonusPower","floor":12},{"not_picked":["Guardian:Gem_Cyan","Guardian:PrimingBeam"],"picked":"Guardian:BronzeOrb","floor":15},{"not_picked":["Guardian:Gem_Orange","Guardian:AncientConstruct"],"picked":"Guardian:ExploitGems","floor":16},{"not_picked":["Guardian:Planning","Guardian:BronzeArmor","Guardian:Reroute"],"picked":"SKIP","floor":19},{"not_picked":["Guardian:MultiBeam+1","Guardian:BronzeArmor"],"picked":"Guardian:Gem_Yellow","floor":20},{"not_picked":["Guardian:Gem_Green","Guardian:Gem_Lightblue","Guardian:SentryBeam+1"],"picked":"SKIP","floor":21},{"not_picked":["Guardian:PiercingHide","Guardian:Gem_Purple"],"picked":"Guardian:SpikerProtocol","floor":23},{"not_picked":["Guardian:Suspension","Guardian:Gem_Purple"],"picked":"Guardian:ExploitGems","floor":26},{"not_picked":["Guardian:Planning","Guardian:Gem_Crimson"],"picked":"Guardian:SpikerProtocol","floor":27},{"not_picked":["Guardian:TemporalStrike+1","Guardian:MultiBeam","Guardian:Reroute"],"picked":"SKIP","floor":28},{"not_picked":["Guardian:TemporalStrike+1","Guardian:Suspension+1"],"picked":"Guardian:TimeCapacitor","floor":31},{"not_picked":["Guardian:Gem_Red","Guardian:Suspension"],"picked":"Guardian:Orbwalk+1","floor":32},{"not_picked":["Guardian:StasisStrike","Guardian:SphericShield"],"picked":"Guardian:TimeSifter","floor":33},{"not_picked":["Guardian:VentSteam","Guardian:Gem_Lightblue","Guardian:PrismaticBeam"],"picked":"SKIP","floor":36},{"not_picked":["Guardian:TemporalShield","Guardian:Gem_Lightblue","Guardian:PolyBeam+1"],"picked":"SKIP","floor":37},{"not_picked":["Guardian:GuardianWhirl","Guardian:HyperBeam_Guardian","Guardian:VentSteam+1"],"picked":"SKIP","floor":39},{"not_picked":["Guardian:Gem_Blue","Guardian:PrimingBeam+1"],"picked":"Guardian:DonusPower","floor":40},{"not_picked":["Guardian:PrimingBeam+1","Guardian:WalkerClaw+1"],"picked":"Guardian:ArmoredProtocol+1","floor":42},{"not_picked":["Guardian:Reroute+1","Guardian:VentSteam+1"],"picked":"Guardian:Planning+1","floor":46},{"not_picked":["Guardian:Reroute","Guardian:EvasiveProtocol+1"],"picked":"Guardian:FloatingOrbs+1","floor":49}],"player_experience":2350969,"relics_obtained":[{"floor":7,"key":"Lantern"},{"floor":8,"key":"Du-Vu Doll"},{"floor":12,"key":"Torii"},{"floor":26,"key":"Potion Belt"},{"floor":28,"key":"Akabeko"},{"floor":31,"key":"Mummified Hand"},{"floor":40,"key":"Art of War"},{"floor":41,"key":"Regal Pillow"},{"floor":44,"key":"Peace Pipe"}],"event_choices":[],"is_beta":false,"boss_relics":[{"not_picked":["Guardian:StasisSlotReductionRelic","Velvet Choker"],"picked":"Philosopher\u0027s Stone"},{"not_picked":["Tiny House","Runic Dome"],"picked":"Runic Pyramid"}],"items_purged_floors":[21],"is_endless":false,"potions_floor_spawned":[5,12,15,23,26,27,31,32,33,36,37,46,49],"ascension_level":1}}