{"host":"tj6tjcyqgbd0xj5u","time":1608602257,"event":{"mods":["Aspiration","BaseMod","Better Match","BetterRewards","Challenge The Spire","Conspire","Defuse TimeMaze Blight","Energized Spire","GifTheSpireLib","Gremlin Mod","Halation","Hubris","Infinite Spire","Minty Spire (QoL Compilation)","Replay The Spire","Reworked Bosses","Robot Space Explorer","Spikes Relics","StSLib","Stuff the Spire","The Gatherer","The Sage","vexMod"],"gold_per_floor":[116,128,128,154,232,232,263,278,278,311,311,345,363,373,373,471,471,491,491,246,261,261,261],"floor_reached":22,"playtime":839,"items_purged":[],"score":290,"play_id":"1b610022-149c-4bac-bd30-de367edb9e1a","local_time":"20201221215737","is_ascension_mode":true,"campfire_choices":[{"data":"ReplayTheSpireMod:LeadingStrike","floor":6,"key":"SMITH"}],"circlet_count":0,"master_deck":["conspire:GhostlyStrike","conspire:GhostlyStrike","conspire:GhostlyStrike","conspire:GhostlyStrike","conspire:GhostlyStrike","conspire:GhostlyDefend","conspire:GhostlyDefend","conspire:GhostlyDefend","conspire:GhostlyDefend","Bash","StuffTheSpire:Incineration","Thunderclap","StuffTheSpire:CuriosityCurse","Headbutt","ReplayTheSpireMod:LeadingStrike+1","Life Link","Invigoration","StuffTheSpire:Incineration","Limit Break","Whirlwind+1","infinitespire:DeathsTouch","StuffTheSpire:CelestialWarden"],"relics":["Burning Blood","NeowsBlessing","Durian","hubris:ToyBattleship","Vajra","Smiling Mask","Sundial","vexMod:MemoryStick","PreservedInsect","StuffTheSpire:Kangaroo"],"acts_visited":["Exordium","TheCity"],"potions_floor_usage":[8,12,13,16,18,21],"damage_taken":[{"damage":0,"enemies":"Jaw Worm","floor":1,"turns":1},{"damage":0,"enemies":"2 Louse","floor":2,"turns":1},{"damage":0,"enemies":"3 Sentries","floor":7,"turns":1},{"damage":0,"enemies":"Small Slimes","floor":8,"turns":2},{"damage":28,"enemies":"Gremlin Nob","floor":10,"turns":3},{"damage":24,"enemies":"Lagavulin","floor":12,"turns":5},{"damage":7,"enemies":"Looter","floor":13,"turns":3},{"damage":13,"enemies":"Exordium Wildlife","floor":14,"turns":4},{"damage":7,"enemies":"Fading Forest","floor":16,"turns":11},{"damage":38,"enemies":"Shell Parasite","floor":18,"turns":6},{"damage":43,"enemies":"3 Byrds","floor":21,"turns":5},{"damage":11,"enemies":"Centurion and Healer","floor":22,"turns":2}],"seed_played":"-3989657443030688416","potions_obtained":[{"floor":2,"key":"Energy Potion"},{"floor":7,"key":"AttackPotion"},{"floor":12,"key":"GamblersBrew"},{"floor":13,"key":"Ancient Potion"},{"floor":16,"key":"Swift Potion"},{"floor":18,"key":"Regen Potion"}],"is_trial":false,"path_per_floor":["M","M","?","T","?","R","E","M","T","E","?","E","M","M","R","B",null,"M","?","?","M","M"],"character_chosen":"IRONCLAD","items_purchased":[],"campfire_rested":0,"item_purchase_floors":[],"current_hp_per_floor":[80,80,85,85,51,51,57,63,63,41,41,23,22,15,30,55,85,53,32,32,11,0,0],"gold":261,"neow_bonus":"THREE_ENEMY_KILL","is_daily":false,"chose_seed":false,"campfire_upgraded":1,"win_rate":0.0,"timestamp":1608602257,"path_taken":["M","M","?","?","?","R","E","M","T","E","?","E","M","M","R","BOSS","M","?","?","M","M"],"items_purchased_type":[],"build_version":"2020-12-13","purchased_purges":0,"victory":false,"max_hp_per_floor":[80,80,85,85,85,85,85,85,85,85,85,85,85,85,85,85,85,85,85,85,85,85,85],"card_choices":[{"not_picked":["Perfected Strike","Inflame"],"picked":"StuffTheSpire:Incineration","floor":1},{"not_picked":["True Grit","StuffTheSpire:Pyroclast"],"picked":"Thunderclap","floor":2},{"not_picked":["Blood for Blood","Sentinel"],"picked":"Headbutt","floor":5},{"not_picked":["Intimidate","StuffTheSpire:RockThrow"],"picked":"ReplayTheSpireMod:LeadingStrike","floor":5},{"not_picked":["StuffTheSpire:Slingshot","Abandon","Run Through"],"picked":"SKIP","floor":7},{"not_picked":["ReplayTheSpireMod:Limb From Limb","StuffTheSpire:Slingshot"],"picked":"Life Link","floor":8},{"not_picked":["Cleave","True Grit"],"picked":"Invigoration","floor":10},{"not_picked":["ReplayTheSpireMod:LeadingStrike","Twin Strike","ReplayTheSpireMod:Strike From Hell"],"picked":"SKIP","floor":12},{"not_picked":["Run Through","StuffTheSpire:RockThrow","Entrench"],"picked":"SKIP","floor":13},{"not_picked":["Body Slam","hubris:SharpeningStone"],"picked":"StuffTheSpire:Incineration","floor":14},{"not_picked":["Demonic Infusion","Eclipse"],"picked":"Limit Break","floor":16},{"not_picked":["Fire Breathing","hubris:ReadiedAction"],"picked":"Whirlwind+1","floor":18},{"not_picked":["infinitespire:Punishment","ReplayTheSpireMod:Echoes of Time"],"picked":"infinitespire:DeathsTouch","floor":19},{"not_picked":["Run Through+1","Twin Strike","Sentinel"],"picked":"SKIP","floor":21}],"player_experience":51752,"relics_obtained":[{"floor":4,"key":"hubris:ToyBattleship"},{"floor":5,"key":"Vajra"},{"floor":7,"key":"Smiling Mask"},{"floor":9,"key":"Sundial"},{"floor":10,"key":"vexMod:MemoryStick"},{"floor":12,"key":"PreservedInsect"}],"event_choices":[{"damage_healed":0,"gold_gain":0,"player_choice":"Agree","damage_taken":0,"max_hp_gain":0,"max_hp_loss":0,"event_name":"conspire:LoneGhost","floor":11,"gold_loss":0}],"is_beta":false,"boss_relics":[{"not_picked":["Philosopher\u0027s Stone","CosmicIsotope"],"picked":"StuffTheSpire:Kangaroo"}],"items_purged_floors":[],"is_endless":false,"potions_floor_spawned":[2,7,12,13,16,18],"killed_by":"Centurion and Healer","ascension_level":1}}