{"host":"w3inebsqralru4zj","time":1608596312,"event":{"mods":["AchievementEnabler","Aspiration","BaseMod","Better Altar","Better Match","Better Note","Better Sensory Stone","Better Skull","Better Third Choice","BetterRewards","CCEM","Colored Map","Conspire","Downfall","GifTheSpireLib","Googly Eyes","Halation","Highlight Path","Hubris","Infinite Spire","Jedi Mod","Marisa????????","Mimic Mod","Minty Spire (QoL Compilation)","Permanent Neow","Replay The Spire","Shade Mod","Shop Mod","Spicy Shops","StSLib","Stuff the Spire","everything is the same but u backflip on backflip"],"gold_per_floor":[115,129,142,142,208,208,208,208],"floor_reached":7,"playtime":351,"items_purged":[],"score":53,"play_id":"d406b0a7-650d-41f6-b874-049963b8eacd","local_time":"20201222011832","is_ascension_mode":true,"campfire_choices":[{"data":"infinitespire:OneForAll","floor":6,"key":"SMITH"}],"circlet_count":0,"master_deck":["Strike_R+1","Strike_R","Strike_R","Strike_R","Strike_R","Defend_R","Defend_R+1","Defend_R","Defend_R","Bash","Regret","infinitespire:OneForAll+1","Thunderclap","ReplayTheSpireMod:Splinters","jedi:strikingstrike","Sword Boomerang"],"relics":["Burning Blood","jedi:angrymask","Boot"],"acts_visited":["Exordium"],"potions_floor_usage":[7],"damage_taken":[{"damage":9,"enemies":"Jaw Worm","floor":1,"turns":4},{"damage":13,"enemies":"2 Louse","floor":2,"turns":3},{"damage":17,"enemies":"Small Slimes","floor":3,"turns":3},{"damage":39,"enemies":"Lagavulin","floor":7,"turns":6}],"seed_played":"-4938010346735540635","potions_obtained":[{"floor":5,"key":"Death Potion"}],"is_trial":false,"path_per_floor":["M","M","M","?","?","R","E"],"character_chosen":"IRONCLAD","items_purchased":[],"campfire_rested":0,"item_purchase_floors":[],"current_hp_per_floor":[69,62,51,35,35,35,0,0],"gold":208,"neow_bonus":"RANDOM_EVENT","is_daily":false,"chose_seed":false,"campfire_upgraded":1,"win_rate":0.0,"timestamp":1608596312,"path_taken":["M","M","M","?","?","R","E"],"items_purchased_type":[],"build_version":"2020-12-13","purchased_purges":0,"victory":false,"max_hp_per_floor":[80,80,80,80,80,80,80,80],"card_choices":[{"not_picked":["Warcry","StuffTheSpire:Resist","Anger"],"picked":"SKIP","floor":1},{"not_picked":["Seeing Red","Havoc"],"picked":"infinitespire:OneForAll","floor":2},{"not_picked":["Twin Strike","hubris:ReadiedAction"],"picked":"Thunderclap","floor":3},{"not_picked":["Armaments","Headbutt"],"picked":"jedi:strikingstrike","floor":5},{"not_picked":["hubris:ReadiedAction","Cleave"],"picked":"Sword Boomerang","floor":5}],"player_experience":168143,"relics_obtained":[{"floor":5,"key":"Boot"}],"event_choices":[{"damage_healed":0,"gold_gain":0,"player_choice":"Box","damage_taken":0,"relics_obtained":["jedi:angrymask"],"max_hp_gain":0,"max_hp_loss":0,"event_name":"Big Fish","floor":0,"gold_loss":0,"cards_obtained":["Regret"]},{"damage_healed":51,"gold_gain":0,"player_choice":"Upgrade","damage_taken":16,"max_hp_gain":0,"max_hp_loss":80,"event_name":"betterThird:BetterShining","floor":4,"gold_loss":0,"cards_upgraded":["Strike_R","Defend_R"]}],"is_beta":false,"boss_relics":[],"items_purged_floors":[],"is_endless":false,"potions_floor_spawned":[],"killed_by":"Lagavulin","ascension_level":6}}