{"host":"Krakhan","time":1608611373,"event":{"mods":["AchievementEnabler","BaseMod","Colored Map","Colored Powertips","Faster Ascension Climbing","Highlight Path","Minty Spire (QoL Compilation)","Rare Cards Sparkle","Relic Stats","StSLib"],"gold_per_floor":[119,119,132,143,38,67,78,112,112,77,22,54,54,66,66,138,138,138,148,167,187,20,51,51,81,81,97,97,113,143,143,143,143,143],"floor_reached":33,"playtime":4378,"items_purged":["Injury"],"score":704,"play_id":"0940782d-7cd4-4ffb-842b-e1a92ef45a73","local_time":"20201221232933","is_ascension_mode":true,"campfire_choices":[{"data":"Tantrum","floor":13,"key":"SMITH"},{"data":"ForeignInfluence","floor":15,"key":"SMITH"},{"data":"Blasphemy","floor":24,"key":"SMITH"},{"floor":28,"key":"REST"},{"data":"TalkToTheHand","floor":32,"key":"SMITH"}],"circlet_count":0,"master_deck":["AscendersBane","Strike_P","Strike_P","Strike_P","Defend_P","Defend_P","Defend_P","Defend_P","Eruption","Vigilance","Tantrum+1","ForeignInfluence+1","FlyingSleeves","FlurryOfBlows","FlurryOfBlows","FlyingSleeves","ClearTheMind","FearNoEvil","EmptyBody","Adaptation","Blasphemy+1","Wireheading","ThirdEye","TalkToTheHand+1","EmptyMind+1","EmptyBody","RitualDagger"],"relics":["HolyWater","Mango","Nunchaku","Pantograph","Ornamental Fan","InkBottle","ClockworkSouvenir","Regal Pillow","Matryoshka","Lantern","Yang","Juzu Bracelet"],"acts_visited":["Exordium","TheCity"],"potions_floor_usage":[6,6,12,18,27,33,33],"damage_taken":[{"damage":10,"enemies":"Small Slimes","floor":1,"turns":4},{"damage":14,"enemies":"Jaw Worm","floor":3,"turns":4},{"damage":9,"enemies":"2 Louse","floor":4,"turns":3},{"damage":2,"enemies":"3 Sentries","floor":6,"turns":2},{"damage":22,"enemies":"Exordium Thugs","floor":7,"turns":5},{"damage":0,"enemies":"Lagavulin","floor":8,"turns":4},{"damage":8,"enemies":"3 Sentries","floor":12,"turns":3},{"damage":1,"enemies":"3 Louse","floor":14,"turns":2},{"damage":20,"enemies":"Hexaghost","floor":16,"turns":6},{"damage":1,"enemies":"Shell Parasite","floor":18,"turns":2},{"damage":0,"enemies":"Spheric Guardian","floor":19,"turns":3},{"damage":0,"enemies":"Chosen and Byrds","floor":20,"turns":3},{"damage":5,"enemies":"Sentry and Sphere","floor":21,"turns":4},{"damage":12,"enemies":"Book of Stabbing","floor":23,"turns":4},{"damage":15,"enemies":"Gremlin Leader","floor":25,"turns":4},{"damage":0,"enemies":"Snecko","floor":27,"turns":3},{"damage":18,"enemies":"Snake Plant","floor":29,"turns":5},{"damage":21,"enemies":"Book of Stabbing","floor":30,"turns":5},{"damage":100054,"enemies":"Champ","floor":33,"turns":15}],"seed_played":"-8047507897874185028","potions_obtained":[{"floor":1,"key":"AttackPotion"},{"floor":3,"key":"LiquidBronze"},{"floor":12,"key":"SmokeBomb"},{"floor":16,"key":"DuplicationPotion"},{"floor":19,"key":"Block Potion"},{"floor":21,"key":"DuplicationPotion"},{"floor":27,"key":"Dexterity Potion"},{"floor":29,"key":"BottledMiracle"}],"is_trial":false,"path_per_floor":["M","?","M","M","$","E","M","E","T","?","$","E","R","M","R","B",null,"M","M","M","M","$","E","R","E","T","M","R","M","E","?","R","B"],"character_chosen":"WATCHER","items_purchased":["FlurryOfBlows","PowerPotion","ClockworkSouvenir"],"campfire_rested":1,"item_purchase_floors":[5,11,22],"current_hp_per_floor":[65,65,51,42,42,40,18,18,18,38,38,30,30,29,29,34,70,69,69,69,64,64,52,52,37,37,37,76,58,37,31,31,0,0],"gold":143,"neow_bonus":"ONE_RARE_RELIC","is_daily":false,"chose_seed":false,"campfire_upgraded":4,"win_rate":0.0,"timestamp":1608611373,"path_taken":["M","?","M","M","$","E","M","E","T","?","$","E","R","M","R","BOSS","M","M","M","M","$","E","R","E","T","M","R","M","E","?","R","BOSS"],"items_purchased_type":["Card","Potion","Relic"],"build_version":"2020-12-18","purchased_purges":1,"victory":false,"max_hp_per_floor":[82,82,82,82,82,82,82,82,82,82,82,82,82,82,82,82,82,82,82,82,82,82,82,82,82,82,82,82,82,82,82,82,82,82],"relic_stats":{"Nunchaku":[25],"Regal Pillow":15,"counters":[19,80],"Ornamental Fan":[224],"Pantograph":50,"Yang":[104],"Juzu Bracelet":0,"obtain_stats":[{"Regal Pillow":23,"Lantern":26,"Mango":0,"Yang":26,"Juzu Bracelet":30,"ClockworkSouvenir":22,"Nunchaku":6,"Matryoshka":25,"Ornamental Fan":9,"Pantograph":8,"HolyWater":17,"PureWater":0,"InkBottle":12},{"Regal Pillow":14,"Lantern":15,"Mango":0,"Yang":15,"Juzu Bracelet":18,"ClockworkSouvenir":13,"Nunchaku":4,"Matryoshka":15,"Ornamental Fan":6,"Pantograph":6,"HolyWater":9,"PureWater":0,"InkBottle":7},{"Regal Pillow":49,"Lantern":53,"Mango":0,"Yang":53,"Juzu Bracelet":66,"ClockworkSouvenir":45,"Nunchaku":13,"Matryoshka":53,"Ornamental Fan":22,"Pantograph":22,"HolyWater":33,"PureWater":0,"InkBottle":25}],"InkBottle":[33]},"card_choices":[{"not_picked":["SashWhip","Vengeance"],"picked":"Tantrum","floor":1},{"not_picked":["Prostrate","ClearTheMind"],"picked":"FlyingSleeves","floor":3},{"not_picked":["JustLucky","InnerPeace"],"picked":"FlurryOfBlows","floor":4},{"not_picked":["ForeignInfluence","DevaForm"],"picked":"FlyingSleeves","floor":6},{"not_picked":["FollowUp","Evaluate"],"picked":"ClearTheMind","floor":7},{"not_picked":["Indignation","Wireheading"],"picked":"FearNoEvil","floor":8},{"not_picked":["Collect","BowlingBash"],"picked":"EmptyBody","floor":12},{"not_picked":["FlurryOfBlows","FlyingSleeves"],"picked":"Adaptation","floor":14},{"not_picked":["MasterReality","Scrawl"],"picked":"Blasphemy","floor":16},{"not_picked":["SandsOfTime","Study"],"picked":"Wireheading","floor":19},{"not_picked":["FollowUp","CrushJoints"],"picked":"ThirdEye","floor":20},{"not_picked":["Protect","CrushJoints"],"picked":"TalkToTheHand","floor":21},{"not_picked":["SashWhip","Pray","CutThroughFate"],"picked":"SKIP","floor":23},{"not_picked":["Vengeance","CutThroughFate","ReachHeaven"],"picked":"SKIP","floor":25},{"not_picked":["EmptyBody","Adaptation+1"],"picked":"EmptyMind+1","floor":27},{"not_picked":["ReachHeaven","SashWhip","FollowUp"],"picked":"SKIP","floor":29},{"not_picked":["Weave","Prostrate"],"picked":"EmptyBody","floor":30}],"player_experience":1222619,"relics_obtained":[{"floor":6,"key":"Nunchaku"},{"floor":8,"key":"Pantograph"},{"floor":9,"key":"Ornamental Fan"},{"floor":12,"key":"InkBottle"},{"floor":23,"key":"Regal Pillow"},{"floor":25,"key":"Matryoshka"},{"floor":26,"key":"Lantern"},{"floor":26,"key":"Yang"},{"floor":30,"key":"Juzu Bracelet"}],"event_choices":[{"damage_healed":0,"gold_gain":0,"cards_transformed":["Strike_P"],"player_choice":"Change","damage_taken":0,"max_hp_gain":0,"max_hp_loss":0,"event_name":"Living Wall","floor":2,"gold_loss":0,"cards_obtained":["ForeignInfluence"]},{"damage_healed":20,"gold_gain":0,"player_choice":"Healed","damage_taken":0,"max_hp_gain":0,"max_hp_loss":0,"event_name":"The Cleric","floor":10,"gold_loss":35},{"damage_healed":0,"gold_gain":0,"player_choice":"Joined the Cult","damage_taken":6,"max_hp_gain":0,"max_hp_loss":0,"event_name":"Nest","floor":31,"gold_loss":0,"cards_obtained":["RitualDagger"]}],"is_beta":true,"boss_relics":[{"not_picked":["SacredBark","Pandora\u0027s Box"],"picked":"HolyWater"}],"items_purged_floors":[5],"is_endless":false,"potions_floor_spawned":[1,3,4,12,16,18,19,21,25,27,29],"killed_by":"Champ","ascension_level":20}}