{"host":"63yhhrjweyj22b0v","time":1608626296,"event":{"mods":["BaseMod","Minty Spire (QoL Compilation)","Quick Restart"],"gold_per_floor":[118,118,118,129,304,335,335,364,364,132,132,151,3,14,14,113,113,129,149,149,149,149,149],"floor_reached":22,"playtime":839,"items_purged":["Doubt"],"score":217,"play_id":"7095c8ab-d04b-41b6-9d65-605892e122db","local_time":"20201222023816","is_ascension_mode":false,"campfire_choices":[{"data":"JustLucky","floor":7,"key":"SMITH"},{"data":"Vigilance","floor":11,"key":"SMITH"},{"data":"Prostrate","floor":15,"key":"SMITH"}],"circlet_count":0,"master_deck":["Strike_P","Strike_P","Strike_P","Strike_P","Defend_P+1","Defend_P","Defend_P+1","Eruption+1","Vigilance+1","SandsOfTime+1","JustLucky+1","EmptyFist","EmptyBody+1","LessonLearned","Prostrate+1","ConjureBlade","Consecrate","WindmillStrike+1"],"relics":["PureWater","NeowsBlessing","Frozen Egg 2","Shuriken","Bag of Preparation","Meat on the Bone","Lee\u0027s Waffle","War Paint","Black Star"],"acts_visited":["Exordium","TheCity"],"potions_floor_usage":[16,19],"damage_taken":[{"damage":0,"enemies":"2 Louse","floor":1,"turns":1},{"damage":0,"enemies":"Jaw Worm","floor":4,"turns":1},{"damage":0,"enemies":"Lagavulin","floor":6,"turns":1},{"damage":31,"enemies":"Gremlin Nob","floor":8,"turns":5},{"damage":0,"enemies":"Cultist","floor":12,"turns":2},{"damage":9,"enemies":"2 Fungi Beasts","floor":14,"turns":3},{"damage":5,"enemies":"Slime Boss","floor":16,"turns":8},{"damage":20,"enemies":"Chosen","floor":18,"turns":4},{"damage":40,"enemies":"3 Byrds","floor":19,"turns":5},{"damage":31,"enemies":"Centurion and Healer","floor":22,"turns":5}],"seed_played":"-7921450182491129320","potions_obtained":[{"floor":1,"key":"Explosive Potion"},{"floor":12,"key":"DuplicationPotion"},{"floor":16,"key":"Ancient Potion"},{"floor":18,"key":"ColorlessPotion"},{"floor":19,"key":"DuplicationPotion"}],"is_trial":false,"path_per_floor":["M","?","?","M","?","E","R","E","T","$","R","M","$","M","R","B",null,"M","M","$","?","M"],"character_chosen":"WATCHER","items_purchased":["Lee\u0027s Waffle","War Paint"],"campfire_rested":0,"item_purchase_floors":[10,13],"current_hp_per_floor":[72,72,65,65,65,65,65,34,34,79,79,79,79,70,70,65,79,59,31,31,31,0,0],"gold":149,"neow_bonus":"THREE_ENEMY_KILL","is_daily":false,"chose_seed":false,"campfire_upgraded":3,"win_rate":0.0,"timestamp":1608626296,"path_taken":["M","?","?","M","?","E","R","E","T","$","R","M","?","M","R","BOSS","M","?","$","?","?"],"items_purchased_type":["Relic","Relic"],"build_version":"2020-12-13","purchased_purges":1,"victory":false,"max_hp_per_floor":[72,72,72,72,72,72,72,72,72,79,79,79,79,79,79,79,79,79,79,79,79,79,79],"card_choices":[{"not_picked":["Wallop","ClearTheMind"],"picked":"SandsOfTime","floor":1},{"not_picked":["ForeignInfluence","Evaluate"],"picked":"JustLucky","floor":4},{"not_picked":["EmptyBody","Weave"],"picked":"EmptyFist","floor":6},{"not_picked":["SashWhip","CutThroughFate"],"picked":"EmptyBody","floor":8},{"not_picked":["Collect","Crescendo"],"picked":"LessonLearned","floor":12},{"not_picked":["ClearTheMind","DeceiveReality"],"picked":"Prostrate","floor":14},{"not_picked":["Brilliance","DevaForm+1"],"picked":"ConjureBlade","floor":16},{"not_picked":["CrushJoints","WreathOfFlame+1"],"picked":"Consecrate","floor":18},{"not_picked":["Evaluate+1","ThirdEye"],"picked":"WindmillStrike+1","floor":19}],"player_experience":627989,"relics_obtained":[{"floor":6,"key":"Shuriken"},{"floor":8,"key":"Bag of Preparation"},{"floor":9,"key":"Meat on the Bone"}],"event_choices":[{"damage_healed":0,"gold_gain":0,"player_choice":"Grow","damage_taken":0,"max_hp_gain":0,"max_hp_loss":0,"event_name":"Living Wall","floor":2,"gold_loss":0,"cards_upgraded":["Eruption"]},{"damage_healed":0,"gold_gain":0,"player_choice":"Success","damage_taken":7,"relics_obtained":["Frozen Egg 2"],"max_hp_gain":0,"max_hp_loss":0,"event_name":"Scrap Ooze","floor":3,"gold_loss":0},{"damage_healed":0,"gold_gain":175,"player_choice":"AGREE","damage_taken":0,"max_hp_gain":0,"max_hp_loss":0,"event_name":"Liars Game","floor":5,"gold_loss":0,"cards_obtained":["Doubt"]},{"cards_removed":["Defend_P"],"damage_healed":0,"gold_gain":0,"player_choice":"Purged","damage_taken":0,"max_hp_gain":0,"max_hp_loss":0,"event_name":"Purifier","floor":21,"gold_loss":0}],"is_beta":false,"boss_relics":[{"not_picked":["Velvet Choker","Fusion Hammer"],"picked":"Black Star"}],"items_purged_floors":[10],"is_endless":false,"potions_floor_spawned":[1,12,16,18,19],"killed_by":"Centurion and Healer","ascension_level":0}}