{"host":"jak4ncvfzor9mys0","time":1608623816,"event":{"mods":["2.2 Compatiblity","AchievementEnabler","BaseMod","Better Altar","Better Match","Better Note","Better Sensory Stone","Better Skull","Better Third Choice","BetterRewards","Block Reminder","Colored Map","Colored Powertips","Energized Spire","Gold Saver","Hubris","Infinite Spire","Key Reminder","Minty Spire (QoL Compilation)","Rare Cards Sparkle","Red Circlet Mod","Relic Sorter","Relic Stats","Replay The Spire","Retaliation","StSLib","SuperFastMode","The Blue Laboratory"],"gold_per_floor":[697,713,381,381,399,415,431,431,431,442,474,484,499,45,45,146,146,157,157,172,172,172,172,192,192,192,221,221,239,256,275,275,373,373,373,122,122,122],"floor_reached":37,"playtime":1186,"items_purged":["Strike_R"],"score":443,"play_id":"bfcec39c-c343-4c22-ab3f-d0f076b3ff51","local_time":"20201221235656","is_ascension_mode":false,"campfire_choices":[{"data":"Twin Strike","floor":8,"key":"SMITH"},{"data":"Twin Strike","floor":15,"key":"SMITH"},{"data":"Pommel Strike","floor":23,"key":"SMITH"},{"floor":32,"key":"REST"},{"data":"Backflip","floor":35,"key":"SMITH"}],"circlet_count":0,"master_deck":["Strike_R","Strike_R","Strike_R","Defend_R","Defend_R","Bash+1","Inflame","Twin Strike+1","DDmod:SpikeMailSkill+1","Twin Strike+1","Demon Form","Pommel Strike+1","Perfected Strike","Backflip+1"],"relics":["Burning Blood","Snack Pack","Replay:Accelerometer","energizedSpire:CursedPentagram","hubris:ToyBattleship","Replay:Wax Seal","Oddly Smooth Stone","ReplayTheSpireMod:Spearhead","Pantograph","Orichalcum","hubris:DisguiseKit","Turnip","Empty Cage"],"acts_visited":["Exordium","TheCity","TheEnding"],"potions_floor_usage":[11,16,29,37],"damage_taken":[{"damage":0,"enemies":"Small Slimes","floor":1,"turns":3},{"damage":2,"enemies":"2 Louse","floor":2,"turns":4},{"damage":1,"enemies":"Jaw Worm","floor":5,"turns":4},{"damage":5,"enemies":"Large Slime","floor":6,"turns":6},{"damage":18,"enemies":"Lots of Slimes","floor":7,"turns":6},{"damage":0,"enemies":"3 Louse","floor":10,"turns":3},{"damage":26,"enemies":"Gremlin Nob","floor":11,"turns":4},{"damage":4,"enemies":"Looter","floor":12,"turns":4},{"damage":3,"enemies":"Red Slaver","floor":13,"turns":4},{"damage":0,"enemies":"Slime Boss","floor":16,"turns":5},{"damage":28,"enemies":"2 Thieves","floor":18,"turns":4},{"damage":4,"enemies":"Chosen","floor":20,"turns":4},{"damage":0,"enemies":"Snecko","floor":24,"turns":3},{"damage":13,"enemies":"Nightmare","floor":27,"turns":8},{"damage":8,"enemies":"Centurion and Healer","floor":29,"turns":4},{"damage":9,"enemies":"3 Cultists","floor":30,"turns":5},{"damage":18,"enemies":"Chosen and Byrds","floor":31,"turns":5},{"damage":12,"enemies":"Champ","floor":33,"turns":9},{"damage":107,"enemies":"Shield and Spear","floor":37,"turns":6}],"seed_played":"-2230820653458897850","potions_obtained":[{"floor":1,"key":"blueLaboratory:BottleOfRum"},{"floor":5,"key":"blueLaboratory:BottledHope"},{"floor":7,"key":"ColorlessPotion"},{"floor":13,"key":"blueLaboratory:BubblePotion"},{"floor":24,"key":"blueLaboratory:IronCompound"},{"floor":31,"key":"blueLaboratory:HummingbirdPotion"},{"floor":33,"key":"ColorlessPotion"}],"is_trial":false,"path_per_floor":["M","M","$","?","M","M","M","R","T","M","E","M","M","$","R","B",null,"M","?","M","?","?","R","M","?","T","NM","?","M","M","M","R","B",null,"R","$","E"],"character_chosen":"IRONCLAD","items_purchased":["Replay:Wax Seal","Oddly Smooth Stone","Twin Strike","Pantograph","Orichalcum","Twin Strike","Snack Pack"],"campfire_rested":1,"item_purchase_floors":[3,3,3,14,14,14,36],"current_hp_per_floor":[80,80,80,80,80,80,68,68,68,74,54,56,59,59,59,80,80,58,58,60,60,60,60,66,66,66,59,59,57,54,42,66,74,80,80,80,0,0],"gold":122,"neow_bonus":"RANDOM_COMMON_RELIC","is_daily":false,"chose_seed":false,"campfire_upgraded":4,"win_rate":0.0,"timestamp":1608623816,"path_taken":["M","M","$","?","M","M","M","R","T","M","E","M","M","$","R","BOSS","M","?","M","?","?","R","?","?","T","NM","?","?","M","M","R","BOSS","R","$","E"],"items_purchased_type":["Relic","Relic","Card","Relic","Relic","Card","Relic"],"build_version":"2020-12-13","purchased_purges":1,"victory":false,"max_hp_per_floor":[80,80,80,80,80,80,80,80,80,80,80,80,80,80,80,80,80,80,80,80,80,80,80,80,80,80,80,80,80,80,80,80,80,80,80,80,80,80],"relic_stats":{"counters":[19,91],"Pantograph":35,"Turnip":[6],"Orichalcum":[138],"obtain_stats":[{"Replay:Accelerometer":9,"hubris:DisguiseKit":26,"Oddly Smooth Stone":3,"Orichalcum":14,"Empty Cage":34,"Burning Blood":0,"ReplayTheSpireMod:Spearhead":11,"energizedSpire:CursedPentagram":17,"Pantograph":14,"Turnip":27,"hubris:ToyBattleship":0,"Snack Pack":36,"Replay:Wax Seal":3},{"Replay:Accelerometer":5,"hubris:DisguiseKit":13,"Oddly Smooth Stone":2,"Orichalcum":9,"Empty Cage":18,"Burning Blood":0,"ReplayTheSpireMod:Spearhead":7,"energizedSpire:CursedPentagram":10,"Pantograph":9,"Turnip":14,"hubris:ToyBattleship":0,"Snack Pack":18,"Replay:Wax Seal":2},{"Replay:Accelerometer":23,"hubris:DisguiseKit":54,"Oddly Smooth Stone":7,"Orichalcum":38,"Empty Cage":85,"Burning Blood":0,"ReplayTheSpireMod:Spearhead":30,"energizedSpire:CursedPentagram":43,"Pantograph":38,"Turnip":62,"hubris:ToyBattleship":0,"Snack Pack":85,"Replay:Wax Seal":7}],"Burning Blood":86},"card_choices":[{"not_picked":["ReplayTheSpireMod:Stacked","Burning Pact"],"picked":"Inflame","floor":1},{"not_picked":["DDmod:EasePowerCard","Pommel Strike","Disarm"],"picked":"SKIP","floor":2},{"not_picked":["Havoc","Reckless Charge","Sword Boomerang"],"picked":"SKIP","floor":5},{"not_picked":["Disarm","Bloodletting","DDmod:PokeAttack"],"picked":"SKIP","floor":6},{"not_picked":["Power Through","Warcry"],"picked":"DDmod:SpikeMailSkill","floor":7},{"not_picked":["Shockwave","DDmod:CallousedSkill","Battle Trance"],"picked":"SKIP","floor":10},{"not_picked":["Heavy Blade","Ghostly Armor","Metallicize"],"picked":"SKIP","floor":11},{"not_picked":["Defy Death","Flex","hubris:ReadiedAction"],"picked":"SKIP","floor":12},{"not_picked":["Anger","Wild Strike","Clash"],"picked":"SKIP","floor":13},{"not_picked":["Exhume","Immolate"],"picked":"Demon Form","floor":16},{"not_picked":["Hemokinesis","Burning Pact"],"picked":"Pommel Strike","floor":18},{"not_picked":["Wild Strike+1","Combust","Thunderclap"],"picked":"SKIP","floor":20},{"not_picked":["ReplayTheSpireMod:Limb From Limb","Spot Weakness","DDmod:UnstoppableAttack"],"picked":"SKIP","floor":24},{"not_picked":["Clothesline","Headbutt","Replay:Undeath\u0027s Touch","Slice"],"picked":"SKIP","floor":27},{"not_picked":["Warcry","Body Slam","DDmod:UnstoppableAttack","Dash"],"picked":"SKIP","floor":29},{"not_picked":["Iron Wave","Infernal Blade","Poisoned Stab"],"picked":"Perfected Strike","floor":30},{"not_picked":["Iron Wave","Bloodletting","Cleave+1"],"picked":"Backflip","floor":31}],"player_experience":2660482,"relics_obtained":[{"floor":9,"key":"Replay:Accelerometer"},{"floor":11,"key":"ReplayTheSpireMod:Spearhead"},{"floor":26,"key":"hubris:DisguiseKit"},{"floor":27,"key":"Turnip"}],"event_choices":[{"damage_healed":0,"gold_gain":0,"player_choice":"Ignored","damage_taken":381,"max_hp_gain":0,"max_hp_loss":0,"event_name":"betterThird:BetterSerpent","floor":4,"gold_loss":0},{"cards_removed":["Strike_R"],"damage_healed":0,"gold_gain":0,"player_choice":"Give","damage_taken":0,"max_hp_gain":0,"max_hp_loss":0,"event_name":"betterNote:BetterNote","floor":19,"gold_loss":0,"cards_obtained":["Defend_R"]},{"cards_removed":["Defend_R"],"damage_healed":0,"gold_gain":0,"player_choice":"Purged","damage_taken":0,"max_hp_gain":0,"max_hp_loss":0,"event_name":"Purifier","floor":22,"gold_loss":0},{"damage_healed":0,"gold_gain":0,"player_choice":"Ignored","damage_taken":0,"max_hp_gain":0,"max_hp_loss":0,"event_name":"Ghosts","floor":25,"gold_loss":0},{"damage_healed":0,"gold_gain":0,"player_choice":"Upgraded","damage_taken":0,"max_hp_gain":0,"max_hp_loss":0,"event_name":"Upgrade Shrine","floor":28,"gold_loss":0,"cards_upgraded":["Bash"]}],"is_beta":false,"boss_relics":[{"not_picked":["Honey Jar","energizedSpire:OgreHead"],"picked":"energizedSpire:CursedPentagram"},{"not_picked":["Ring of Chaos","Philosopher\u0027s Stone"],"picked":"Empty Cage"}],"items_purged_floors":[3],"is_endless":true,"potions_floor_spawned":[1,5,7,13,24,27,31,33],"killed_by":"Shield and Spear","ascension_level":0}}