{"host":"y8lj6eu4rxnc2qvr","time":1608666856,"event":{"mods":["BaseMod","Downfall","Minty Spire (QoL Compilation)","StSLib"],"gold_per_floor":[99,112,131,144,163,163,163,88,117,132,151,179,179,179,189,287,337,337,357,47,147,147,147,196,214,229,229,229,229,229],"floor_reached":28,"playtime":1676,"items_purged":["hexamod:GhostOfSpirePresent"],"score":255,"play_id":"78567668-5886-4609-aa10-c6865862e919","local_time":"20201222145416","is_ascension_mode":false,"campfire_choices":[{"data":"hexamod:Firestarter","floor":1,"key":"SMITH"},{"data":"hexamod:SoulSteal","floor":8,"key":"SMITH"},{"data":"hexamod:SoulSteal","floor":13,"key":"SMITH"},{"data":"hexamod:ExtraCrispy","floor":18,"key":"SMITH"},{"data":"hexamod:Sear","floor":23,"key":"SMITH"}],"circlet_count":0,"master_deck":["hexamod:Strike","hexamod:Strike","hexamod:Strike+1","hexamod:Strike+1","hexamod:Defend","hexamod:Defend","hexamod:Defend","hexamod:Defend","hexamod:Sear+1","hexamod:Float","hexamod:Firestarter+1","hexamod:Firestarter+1","hexamod:SoulSteal+1","hexamod:AdvancingGuard","hexamod:ShieldOfDarkness","hexamod:BurningTouch","hexamod:SoulSteal+1","Parasite","hexamod:Hexaguard","hexamod:SixthSeal","hexamod:ExtraCrispy+1","hexamod:RainOfEmbers","hexamod:NecessarySacrifice+1","hexamod:SearingWound","J.A.X.","hexamod:GhostflameBarrier+1","hexamod:RetreatToShadows","hexamod:BurningTouch+1","hexamod:AdvancingGuard+1"],"relics":["hexamod:SpiritBrand","downfall:HeartBlessingBlue","Pantograph","Vajra","Tiny House","Oddly Smooth Stone","MutagenicStrength","Lantern"],"acts_visited":["Exordium","TheCity"],"potions_floor_usage":[9,16,25],"damage_taken":[{"damage":0,"enemies":"Cultist","floor":2,"turns":3},{"damage":0,"enemies":"Small Slimes","floor":3,"turns":3},{"damage":6,"enemies":"Jaw Worm","floor":4,"turns":3},{"damage":2,"enemies":"2 Fungi Beasts","floor":5,"turns":4},{"damage":5,"enemies":"Gremlin Nob","floor":9,"turns":3},{"damage":4,"enemies":"Exordium Thugs","floor":10,"turns":3},{"damage":9,"enemies":"Gremlin Gang","floor":11,"turns":4},{"damage":14,"enemies":"3 Sentries","floor":12,"turns":4},{"damage":11,"enemies":"Large Slime","floor":15,"turns":3},{"damage":26,"enemies":"downfall:Ironclad","floor":16,"turns":6},{"damage":34,"enemies":"Spheric Guardian","floor":19,"turns":6},{"damage":4,"enemies":"downfall:FleeingMerchant","floor":20,"turns":4},{"damage":47,"enemies":"downfall:Augmenter","floor":21,"turns":6},{"damage":0,"enemies":"Chosen","floor":22,"turns":1},{"damage":1,"enemies":"3 Cultists","floor":25,"turns":3},{"damage":14,"enemies":"Chosen and Byrds","floor":26,"turns":3},{"damage":15,"enemies":"Sentry and Sphere","floor":28,"turns":5}],"seed_played":"8434989075137886260","potions_obtained":[{"floor":3,"key":"Fire Potion"},{"floor":5,"key":"AttackPotion"},{"floor":11,"key":"DuplicationPotion"},{"floor":15,"key":"BlessingOfTheForge"},{"floor":17,"key":"FairyPotion"},{"floor":26,"key":"Strength Potion"}],"is_trial":false,"path_per_floor":["R","M","M","M","M","?","T","R","E","M","M","E","R","?","M","B",null,"R","M","$","?","M","R","T","M","M","?","M"],"character_chosen":"THE_SPIRIT","items_purchased":["hexamod:SearingWound","Oddly Smooth Stone"],"campfire_rested":0,"item_purchase_floors":[20,20],"current_hp_per_floor":[70,70,70,64,62,62,62,72,67,63,54,40,40,60,49,48,85,85,51,47,25,25,25,25,24,10,10,0,0,0],"gold":229,"neow_bonus":"THREE_CARDS","is_daily":false,"chose_seed":false,"campfire_upgraded":5,"win_rate":0.0,"timestamp":1608666856,"path_taken":["R","M","?","?","M","?","T","R","E","M","M","E","R","?","M","BOSS","R","M","$","?","M","R","T","M","M","?","M"],"items_purchased_type":["Card","Relic"],"build_version":"2020-12-13","purchased_purges":1,"victory":false,"max_hp_per_floor":[70,70,70,70,70,70,70,80,80,80,80,80,80,80,80,80,85,85,85,85,85,85,85,85,85,85,85,85,85,85],"card_choices":[{"not_picked":["hexamod:HeatShield","hexamod:ShieldOfDarkness"],"picked":"hexamod:Firestarter","floor":0},{"not_picked":["hexamod:SwordOfDarkness","hexamod:BacktrackSmack"],"picked":"hexamod:Firestarter","floor":2},{"not_picked":["hexamod:Hexaguard","hexamod:SwordOfDarkness"],"picked":"hexamod:SoulSteal","floor":3},{"not_picked":["hexamod:SpectersWail","hexamod:BacktrackSmack"],"picked":"hexamod:AdvancingGuard","floor":4},{"not_picked":["hexamod:EtherealExpedition","hexamod:GhostLash"],"picked":"hexamod:ShieldOfDarkness","floor":5},{"not_picked":["hexamod:NightmareStrike","hexamod:NightmareGuise"],"picked":"hexamod:GhostOfSpirePresent","floor":9},{"not_picked":["hexamod:NightmareStrike","hexamod:SpectersWail"],"picked":"hexamod:SwordOfDarkness","floor":10},{"not_picked":["hexamod:AdvancingGuard","hexamod:BacktrackSmack"],"picked":"hexamod:BurningTouch","floor":11},{"not_picked":["hexamod:UnleashSpirits","hexamod:SwordOfDarkness"],"picked":"hexamod:SoulSteal","floor":12},{"not_picked":["hexamod:NightmareGuise","hexamod:ShieldOfDarkness"],"picked":"hexamod:Hexaguard","floor":15},{"not_picked":["hexamod:UnleashSpirits","hexamod:TurnItUp"],"picked":"hexamod:SixthSeal","floor":16},{"not_picked":["hexamod:BurningTouch","hexamod:EmpoweredFlame"],"picked":"hexamod:ExtraCrispy","floor":17},{"not_picked":["hexamod:SpectersWail","hexamod:HauntingEcho"],"picked":"hexamod:RainOfEmbers","floor":19},{"not_picked":["hexamod:GhostLash","hexamod:StepThrough+1"],"picked":"hexamod:NecessarySacrifice+1","floor":20},{"not_picked":[],"picked":"J.A.X.","floor":21},{"not_picked":["hexamod:SpectersWail+1","hexamod:InspiringFlames"],"picked":"hexamod:GhostflameBarrier+1","floor":21},{"not_picked":["hexamod:GhostOfSpirePast","hexamod:TurnItUp"],"picked":"hexamod:BurningTouch+1","floor":22},{"not_picked":["hexamod:EtherealExpedition","hexamod:SecondSeal","hexamod:Hexaguard"],"picked":"SKIP","floor":25},{"not_picked":["hexamod:FastForward","hexamod:BacktrackSmack"],"picked":"hexamod:AdvancingGuard+1","floor":26}],"player_experience":42130,"relics_obtained":[{"floor":9,"key":"Pantograph"},{"floor":12,"key":"Vajra"},{"floor":21,"key":"MutagenicStrength"},{"floor":24,"key":"Lantern"}],"event_choices":[{"damage_healed":20,"gold_gain":0,"player_choice":"Healed and dodged fight","damage_taken":0,"max_hp_gain":0,"max_hp_loss":0,"event_name":"Mushrooms","floor":14,"gold_loss":0,"cards_obtained":["Parasite"]}],"is_beta":false,"boss_relics":[{"not_picked":["Pandora\u0027s Box","Philosopher\u0027s Stone"],"picked":"Tiny House"}],"items_purged_floors":[20],"is_endless":false,"potions_floor_spawned":[3,5,11,15,26],"killed_by":"Sentry and Sphere","ascension_level":0}}