{"host":"ue7jlgf7uv134an9","time":1608629158,"event":{"mods":["BaseMod","Better Third Choice","Defuse TimeMaze Blight","Minty Spire (QoL Compilation)","Quick Restart","Rare Cards Sparkle","Relic Stats","StSLib","UnlockEverythingMod"],"gold_per_floor":[110,126,126,51,51,84,84,109,109,109,259,259,276,70,70,144,144,161,161,174,174,7,33,33,33,33,33,33,51,61,78,78,151,151,169,223,234,234,56,56,85,97,109,153,175,187,199,229,241,253,265,265],"floor_reached":51,"playtime":2587,"items_purged":["Strike_G","Doubt","Strike_G+1","Strike_G+1"],"score":1458,"play_id":"1095ca29-6c52-40ce-a6d7-eaa9e9dec3f1","local_time":"20201222042558","is_ascension_mode":true,"campfire_choices":[{"data":"Dagger Throw","floor":7,"key":"SMITH"},{"floor":10,"key":"REST"},{"data":"Phantasmal Killer","floor":12,"key":"SMITH"},{"floor":15,"key":"REST"},{"floor":24,"key":"REST"},{"floor":27,"key":"REST"},{"floor":32,"key":"REST"},{"floor":40,"key":"REST"},{"floor":42,"key":"REST"},{"floor":47,"key":"REST"},{"floor":49,"key":"REST"}],"circlet_count":0,"master_deck":["AscendersBane","Strike_G+1","Defend_G+1","Defend_G+1","Defend_G+1","Survivor","Neutralize","Dagger Throw+1","Footwork","Backstab","Phantasmal Killer+1","Finisher","Blade Dance","Wraith Form v2","Cloak And Dagger","RitualDagger","Accuracy","Backstab+1","Crippling Poison","Dash+1","Cloak And Dagger+1","Well Laid Plans","Blade Dance","After Image","Secret Technique","Crippling Poison+1"],"relics":["Ring of the Snake","NeowsBlessing","Gremlin Horn","Ginger","Bottled Tornado","Empty Cage","Pen Nib","Sundial","Fusion Hammer","Incense Burner","Bottled Lightning","MawBank","Dead Branch","Bag of Preparation"],"acts_visited":["Exordium","TheCity","TheBeyond"],"potions_floor_usage":[8,16,31,33,33,41],"damage_taken":[{"damage":0,"enemies":"Small Slimes","floor":1,"turns":1},{"damage":0,"enemies":"2 Louse","floor":2,"turns":1},{"damage":0,"enemies":"Lagavulin","floor":6,"turns":1},{"damage":26,"enemies":"3 Sentries","floor":8,"turns":15},{"damage":14,"enemies":"Jaw Worm","floor":13,"turns":4},{"damage":45,"enemies":"The Guardian","floor":16,"turns":12},{"damage":10,"enemies":"Spheric Guardian","floor":18,"turns":4},{"damage":19,"enemies":"3 Byrds","floor":20,"turns":5},{"damage":15,"enemies":"Gremlin Leader","floor":23,"turns":5},{"damage":5,"enemies":"Cultist and Chosen","floor":29,"turns":7},{"damage":16,"enemies":"Snake Plant","floor":30,"turns":2},{"damage":7,"enemies":"Centurion and Healer","floor":31,"turns":3},{"damage":22,"enemies":"Champ","floor":33,"turns":14},{"damage":4,"enemies":"Orb Walker","floor":35,"turns":2},{"damage":44,"enemies":"2 Orb Walkers","floor":36,"turns":4},{"damage":2,"enemies":"3 Shapes","floor":37,"turns":4},{"damage":1,"enemies":"Nemesis","floor":41,"turns":5},{"damage":1,"enemies":"Giant Head","floor":44,"turns":3},{"damage":0,"enemies":"Sphere and 2 Shapes","floor":45,"turns":4},{"damage":0,"enemies":"Jaw Worm Horde","floor":48,"turns":2},{"damage":90,"enemies":"Awakened One","floor":50,"turns":15},{"damage":26,"enemies":"Time Eater","floor":51,"turns":5}],"seed_played":"564391278857103879","potions_obtained":[{"floor":1,"key":"Poison Potion"},{"floor":13,"key":"Strength Potion"},{"floor":29,"key":"Fire Potion"},{"floor":30,"key":"Strength Potion"},{"floor":31,"key":"EssenceOfSteel"},{"floor":37,"key":"PowerPotion"},{"floor":48,"key":"FairyPotion"}],"is_trial":false,"path_per_floor":["M","M","?","$","?","E","R","E","T","R","?","R","M","$","R","B",null,"M","?","M","?","$","E","R","$","T","R","?","M","M","M","R","B",null,"M","?","M","T","$","R","E","R","T","E","M","?","R","M","R","B","B"],"character_chosen":"THE_SILENT","items_purchased":["Finisher","Blade Dance","Accuracy","Blade Dance"],"campfire_rested":9,"item_purchase_floors":[14,14,22,39],"current_hp_per_floor":[59,59,59,59,52,52,52,26,26,45,45,45,31,31,50,5,51,41,41,22,16,16,1,20,20,20,39,39,34,18,11,30,8,52,48,4,2,2,2,21,20,39,39,38,38,38,57,57,66,3,0,0],"gold":265,"neow_bonus":"THREE_ENEMY_KILL","is_daily":false,"chose_seed":false,"campfire_upgraded":2,"win_rate":0.0,"timestamp":1608629158,"path_taken":["M","M","?","$","?","E","R","E","T","R","?","R","M","$","R","BOSS","M","?","M","?","$","E","R","?","T","R","?","M","M","?","R","BOSS","M","?","M","?","$","R","E","R","T","E","M","?","R","M","R","BOSS","BOSS"],"items_purchased_type":["Card","Card","Card","Card"],"build_version":"2020-12-13","purchased_purges":4,"victory":false,"max_hp_per_floor":[66,66,66,66,66,66,66,66,66,66,66,66,66,66,66,66,66,66,66,66,66,66,66,66,66,66,66,66,66,66,66,66,66,66,66,66,66,66,66,66,66,66,66,66,66,66,66,66,66,66,66,66],"relic_stats":{"Gremlin Horn":[20,20],"counters":[22,118],"Sundial":[10],"Dead Branch":[80],"Pen Nib":[22],"Bag of Preparation":[8],"Ginger":[10],"MawBank":120,"obtain_stats":[{"NeowsBlessing":0,"Gremlin Horn":6,"Dead Branch":43,"Pen Nib":23,"Incense Burner":36,"Bag of Preparation":44,"Ginger":8,"Bottled Tornado":9,"Empty Cage":17,"MawBank":41,"Sundial":26,"Fusion Hammer":34,"Bottled Lightning":38,"Ring of the Snake":0},{"NeowsBlessing":0,"Gremlin Horn":3,"Dead Branch":17,"Pen Nib":9,"Incense Burner":15,"Bag of Preparation":18,"Ginger":4,"Bottled Tornado":4,"Empty Cage":6,"MawBank":17,"Sundial":9,"Fusion Hammer":13,"Bottled Lightning":16,"Ring of the Snake":0},{"NeowsBlessing":0,"Gremlin Horn":3,"Dead Branch":89,"Pen Nib":48,"Incense Burner":80,"Bag of Preparation":92,"Ginger":18,"Bottled Tornado":18,"Empty Cage":34,"MawBank":89,"Sundial":48,"Fusion Hammer":74,"Bottled Lightning":84,"Ring of the Snake":0}],"Ring of the Snake":[44]},"card_choices":[{"not_picked":["Caltrops","Outmaneuver"],"picked":"Dagger Throw","floor":1},{"not_picked":["Reflex","Flying Knee"],"picked":"Footwork","floor":2},{"not_picked":["Riddle With Holes","Bane"],"picked":"Backstab","floor":6},{"not_picked":["Underhanded Strike","Outmaneuver"],"picked":"Phantasmal Killer","floor":8},{"not_picked":["Dagger Throw","Underhanded Strike","Distraction"],"picked":"SKIP","floor":13},{"not_picked":["A Thousand Cuts","Adrenaline"],"picked":"Wraith Form v2","floor":16},{"not_picked":["Dagger Throw","Poisoned Stab"],"picked":"Cloak And Dagger","floor":18},{"not_picked":["Riddle With Holes","Tactician","Slice"],"picked":"SKIP","floor":20},{"not_picked":["Bane","Noxious Fumes","Underhanded Strike"],"picked":"SKIP","floor":23},{"not_picked":["Distraction","Outmaneuver"],"picked":"Backstab+1","floor":29},{"not_picked":["Blur","Dagger Throw"],"picked":"Crippling Poison","floor":30},{"not_picked":["Concentrate","Skewer","Catalyst"],"picked":"SKIP","floor":31},{"not_picked":["Noxious Fumes","Backstab+1"],"picked":"Dash+1","floor":35},{"not_picked":["Quick Slash+1","Footwork"],"picked":"Cloak And Dagger+1","floor":36},{"not_picked":["Choke","Dagger Spray"],"picked":"Well Laid Plans","floor":37},{"not_picked":["Heel Hook+1","Catalyst","Bane"],"picked":"SKIP","floor":41},{"not_picked":["Poisoned Stab","Backstab"],"picked":"After Image","floor":44},{"not_picked":["Heel Hook","Cloak And Dagger","Quick Slash+1"],"picked":"SKIP","floor":45},{"not_picked":["Jack Of All Trades","Blind"],"picked":"Secret Technique","floor":46},{"not_picked":["Finisher","Underhanded Strike"],"picked":"Crippling Poison+1","floor":48}],"player_experience":21696,"relics_obtained":[{"floor":6,"key":"Gremlin Horn"},{"floor":8,"key":"Ginger"},{"floor":9,"key":"Bottled Tornado"},{"floor":23,"key":"Pen Nib"},{"floor":26,"key":"Sundial"},{"floor":36,"key":"Incense Burner"},{"floor":38,"key":"Bottled Lightning"},{"floor":41,"key":"MawBank"},{"floor":43,"key":"Dead Branch"},{"floor":44,"key":"Bag of Preparation"}],"event_choices":[{"damage_healed":0,"gold_gain":0,"player_choice":"Leave","damage_taken":0,"max_hp_gain":0,"max_hp_loss":0,"event_name":"The Cleric","floor":3,"gold_loss":0},{"cards_removed":["Defend_G"],"damage_healed":0,"gold_gain":0,"player_choice":"Card Removal","damage_taken":7,"max_hp_gain":0,"max_hp_loss":0,"event_name":"Golden Wing","floor":5,"gold_loss":0},{"damage_healed":0,"gold_gain":150,"player_choice":"AGREE","damage_taken":109,"max_hp_gain":0,"max_hp_loss":0,"event_name":"betterThird:BetterSerpent","floor":11,"gold_loss":0},{"damage_healed":0,"gold_gain":0,"player_choice":"Simplicity","damage_taken":0,"max_hp_gain":0,"max_hp_loss":6,"event_name":"betterThird:BetterWriting","floor":19,"gold_loss":0},{"damage_healed":0,"gold_gain":0,"player_choice":"Dagger","damage_taken":6,"max_hp_gain":0,"max_hp_loss":0,"event_name":"betterThird:BetterNest","floor":21,"gold_loss":0,"cards_obtained":["RitualDagger"]},{"damage_healed":0,"gold_gain":0,"player_choice":"Fight","damage_taken":0,"max_hp_gain":0,"max_hp_loss":0,"event_name":"Mysterious Sphere","floor":36,"gold_loss":0},{"damage_healed":0,"gold_gain":0,"player_choice":"Memory 1","damage_taken":0,"max_hp_gain":0,"max_hp_loss":0,"event_name":"SensoryStone","floor":46,"gold_loss":0}],"is_beta":false,"boss_relics":[{"not_picked":["Philosopher\u0027s Stone","Runic Dome"],"picked":"Empty Cage"},{"not_picked":["Snecko Eye","Black Star"],"picked":"Fusion Hammer"}],"items_purged_floors":[4,14,22,39],"is_endless":false,"potions_floor_spawned":[1,13,29,30,31,37,48],"killed_by":"Time Eater","ascension_level":20}}