{"host":"uua02xqorlefedoe","time":1608602105,"event":{"mods":["AchievementEnabler","BaseMod","Bestiary","Colored Map","DeckTracker","Googly Eyes","Minty Spire (QoL Compilation)","Quick Restart","StSLib"],"gold_per_floor":[119,132,151,38,54,89,105,135,135,166,166,198,198,229,229,327,327,346,359,359,374,399,425,443,443,443],"floor_reached":25,"playtime":1789,"items_purged":[],"score":443,"play_id":"3a09aa6c-eb1a-45ec-a1da-db6553606897","local_time":"20201222015505","is_ascension_mode":true,"campfire_choices":[{"floor":11,"key":"REST"},{"data":"Chaos","floor":13,"key":"SMITH"},{"data":"Static Discharge","floor":15,"key":"SMITH"}],"circlet_count":0,"master_deck":["Strike_B","Strike_B","Strike_B","Strike_B","Defend_B","Defend_B","Defend_B","Defend_B","Zap","Dualcast","Coolheaded","Hologram","Compile Driver","Genetic Algorithm","Lockon","Ball Lightning","Barrage","Glacier","Chill","Static Discharge+1","Chaos+1","Undo","Multi-Cast","Self Repair","Double Energy","Ghostly","Ghostly","Ghostly","Ghostly","Ghostly","Redo+1","Go for the Eyes+1","Steam+1"],"relics":["Philosopher\u0027s Stone","Nunchaku","Tiny Chest","Shuriken","Juzu Bracelet","CaptainsWheel","Kunai","Cursed Key","Red Mask","Orichalcum"],"acts_visited":["Exordium","TheCity"],"potions_floor_usage":[10,12,14,14,14,14,16],"damage_taken":[{"damage":13.0,"enemies":"Jaw Worm","floor":1.0,"turns":4.0},{"damage":0.0,"enemies":"2 Louse","floor":2.0,"turns":3.0},{"damage":0.0,"enemies":"Cultist","floor":3.0,"turns":3.0},{"damage":4.0,"enemies":"Large Slime","floor":5.0,"turns":7.0},{"damage":33.0,"enemies":"Gremlin Nob","floor":6.0,"turns":4.0},{"damage":9.0,"enemies":"Blue Slaver","floor":7.0,"turns":4.0},{"damage":2.0,"enemies":"Lagavulin","floor":8.0,"turns":8.0},{"damage":0,"enemies":"3 Sentries","floor":10,"turns":5},{"damage":2,"enemies":"Lagavulin","floor":12,"turns":6},{"damage":14,"enemies":"Gremlin Nob","floor":14,"turns":3},{"damage":9,"enemies":"Hexaghost","floor":16,"turns":9},{"damage":0,"enemies":"Shell Parasite","floor":18,"turns":7},{"damage":7,"enemies":"2 Thieves","floor":19,"turns":5},{"damage":26,"enemies":"Cultist and Chosen","floor":21,"turns":9},{"damage":4,"enemies":"Masked Bandits","floor":22,"turns":6},{"damage":5,"enemies":"Book of Stabbing","floor":23,"turns":8},{"damage":0,"enemies":"Centurion and Healer","floor":24,"turns":7},{"damage":38,"enemies":"Gremlin Leader","floor":25,"turns":2}],"seed_played":"-2918675098815399679","potions_obtained":[{"floor":1.0,"key":"Swift Potion"},{"floor":5.0,"key":"GamblersBrew"},{"floor":6.0,"key":"Strength Potion"},{"floor":12,"key":"AttackPotion"},{"floor":14,"key":"EntropicBrew"},{"floor":16,"key":"Weak Potion"},{"floor":18,"key":"LiquidBronze"},{"floor":21,"key":"DuplicationPotion"},{"floor":24,"key":"Energy Potion"}],"is_trial":false,"path_per_floor":["M","M","M","$","M","E","M","E","T","E","R","E","R","E","R","B",null,"M","M","?","M","?","E","M","E"],"character_chosen":"DEFECT","items_purchased":["Genetic Algorithm","Lockon"],"campfire_rested":1,"item_purchase_floors":[4,4],"current_hp_per_floor":[55,55,55,55,51,18,9,7,7,7,29,27,27,23,23,14,67,67,67,42,23,26,28,35,0,0],"gold":443,"neow_bonus":"BOSS_RELIC","is_daily":false,"chose_seed":false,"campfire_upgraded":2,"win_rate":0.0,"timestamp":1608602105,"path_taken":["M","M","M","$","M","E","M","E","T","E","R","E","R","E","R","BOSS","M","M","?","M","?","E","M","E"],"items_purchased_type":["Card","Card"],"build_version":"2020-12-13","purchased_purges":0,"victory":false,"max_hp_per_floor":[75,75,75,75,75,75,75,75,75,75,75,75,75,85,85,85,85,85,85,42,42,42,42,42,42,42],"card_choices":[{"not_picked":["Double Energy","Turbo"],"picked":"Coolheaded","floor":1.0},{"not_picked":["Turbo","Skim"],"picked":"Hologram","floor":2.0},{"not_picked":["Coolheaded","Beam Cell"],"picked":"Compile Driver","floor":3.0},{"not_picked":["Beam Cell","Self Repair"],"picked":"Ball Lightning","floor":5.0},{"not_picked":["Compile Driver","Turbo"],"picked":"Barrage","floor":6.0},{"not_picked":["Static Discharge","Stack"],"picked":"Glacier","floor":7.0},{"not_picked":["Beam Cell","Sunder"],"picked":"Chill","floor":8.0},{"not_picked":["Streamline","Machine Learning"],"picked":"Static Discharge","floor":10},{"not_picked":["Leap","Heatsinks"],"picked":"Chaos","floor":12},{"not_picked":["Gash","Tempest"],"picked":"Undo","floor":14},{"not_picked":["All For One","Machine Learning"],"picked":"Multi-Cast","floor":16},{"not_picked":["Rebound","Aggregate"],"picked":"Self Repair","floor":18},{"not_picked":["Go for the Eyes","Melter"],"picked":"Double Energy","floor":19},{"not_picked":["Recycle+1","White Noise"],"picked":"Redo+1","floor":21},{"not_picked":["Blizzard","Lockon"],"picked":"Go for the Eyes+1","floor":22},{"not_picked":["Redo","Beam Cell","Stack"],"picked":"SKIP","floor":23},{"not_picked":["Redo","Rip and Tear+1"],"picked":"Steam+1","floor":24}],"player_experience":483098,"relics_obtained":[{"floor":6.0,"key":"Nunchaku"},{"floor":8.0,"key":"Tiny Chest"},{"floor":9.0,"key":"Shuriken"},{"floor":10,"key":"Juzu Bracelet"},{"floor":12,"key":"CaptainsWheel"},{"floor":14,"key":"Kunai"},{"floor":22,"key":"Red Mask"},{"floor":23,"key":"Orichalcum"}],"event_choices":[{"damage_healed":0,"gold_gain":0,"player_choice":"Became a Ghost","damage_taken":0,"max_hp_gain":0,"max_hp_loss":43,"event_name":"Ghosts","floor":20,"gold_loss":0,"cards_obtained":["Ghostly","Ghostly","Ghostly","Ghostly","Ghostly"]},{"damage_healed":0,"gold_gain":0,"player_choice":"Fought Bandits","damage_taken":0,"max_hp_gain":0,"max_hp_loss":0,"event_name":"Masked Bandits","floor":22,"gold_loss":0}],"is_beta":false,"boss_relics":[{"not_picked":["Sozu","Calling Bell"],"picked":"Cursed Key"}],"items_purged_floors":[],"is_endless":false,"potions_floor_spawned":[1,5,6,12,14,16,18,21,24],"killed_by":"Gremlin Leader","ascension_level":9}}