{"host":"tgxjhppmfnb48qou","time":1608625683,"event":{"mods":["Aspiration","BaseMod","Better Altar","Better Note","Better Sensory Stone","Better Silent Start","Better Skull","Better Third Choice","CapriCore","Conspire","Curses Come First","Energized Spire","GifTheSpireLib","Gremlin Skip","Hubris","Infinite Spire","Minty Spire (QoL Compilation)","Permanent Neow","Quick Restart","Replay The Spire","Robot Space Explorer","Spicy Shops","StSLib","vexMod"],"gold_per_floor":[119,131,149,165,182,182,182],"floor_reached":6,"playtime":557,"items_purged":[],"score":40,"play_id":"d659d0cf-affb-42db-8cc3-488276952165","local_time":"20201222012803","is_ascension_mode":false,"campfire_choices":[],"circlet_count":0,"master_deck":["RobotSpaceExplorer:Strike","RobotSpaceExplorer:Strike","RobotSpaceExplorer:Strike","RobotSpaceExplorer:Strike","RobotSpaceExplorer:Defend","RobotSpaceExplorer:Defend","RobotSpaceExplorer:Defend","RobotSpaceExplorer:Defend","RobotSpaceExplorer:Scan","RobotSpaceExplorer:MiniLasers","RobotSpaceExplorer:SurgingShield","RobotSpaceExplorer:MiniBoosters","RobotSpaceExplorer:PowerGlove","RobotSpaceExplorer:ScrapMissile"],"relics":["RobotSpaceExplorer:RoboCore","aspiration:DSix"],"acts_visited":["Exordium"],"potions_floor_usage":[4],"damage_taken":[{"damage":0,"enemies":"Small Slimes","floor":1,"turns":4},{"damage":1,"enemies":"Jaw Worm","floor":2,"turns":3},{"damage":0,"enemies":"2 Louse","floor":3,"turns":3},{"damage":0,"enemies":"Gremlin Gang","floor":4,"turns":3},{"damage":9,"enemies":"Exordium Wildlife","floor":5,"turns":3},{"damage":7,"enemies":"Lagavulin","floor":6,"turns":6}],"seed_played":"-6938646804308801307","potions_obtained":[{"floor":2,"key":"Swift Potion"}],"is_trial":false,"path_per_floor":["M","M","M","M","M","E"],"character_chosen":"RobotSpaceExplorer","items_purchased":[],"campfire_rested":0,"item_purchase_floors":[],"current_hp_per_floor":[75,74,74,74,65,58,58],"gold":182,"neow_bonus":"DSIX","is_daily":false,"chose_seed":false,"campfire_upgraded":0,"win_rate":0.0,"timestamp":1608625683,"path_taken":["M","M","M","M","M","E"],"items_purchased_type":[],"build_version":"2020-12-13","purchased_purges":0,"victory":false,"max_hp_per_floor":[75,75,75,75,75,75,75],"card_choices":[{"not_picked":["RobotSpaceExplorer:ScrapMissile","RobotSpaceExplorer:Counterblock"],"picked":"RobotSpaceExplorer:SurgingShield","floor":1},{"not_picked":["RobotSpaceExplorer:ShockKick","RobotSpaceExplorer:Blitz"],"picked":"RobotSpaceExplorer:MiniBoosters","floor":2},{"not_picked":["RobotSpaceExplorer:ImprovisedAttack","RobotSpaceExplorer:Counterblock"],"picked":"RobotSpaceExplorer:PowerGlove","floor":3},{"not_picked":["RobotSpaceExplorer:SlimeMissile","RobotSpaceExplorer:StarLightning"],"picked":"RobotSpaceExplorer:ScrapMissile","floor":4},{"not_picked":["RobotSpaceExplorer:ImprovisedAttack","RobotSpaceExplorer:ShockKick","RobotSpaceExplorer:SlimeMissile"],"picked":"SKIP","floor":5}],"player_experience":34399,"relics_obtained":[],"event_choices":[],"is_beta":false,"boss_relics":[],"items_purged_floors":[],"is_endless":false,"potions_floor_spawned":[2],"killed_by":"Lagavulin","ascension_level":0}}