{"host":"2e3z4r48quhw80cc","time":1608627785,"event":{"mods":["BaseMod","Minty Spire (QoL Compilation)","Quick Restart","StSLib","SuperFastMode"],"gold_per_floor":[112,112,125,143,143,169,180,455,482,510,529,547,564,339,339,437,437,453,453,473,491,505,539,539,549,549,549,464,13,40,50,50,150,150,162,62,81,131,186,186,199,199,199,199,199,199,212,212,212,212],"floor_reached":51,"playtime":2878,"items_purged":["Regret","Strike_G","Defend_G"],"score":966,"play_id":"8264baa6-f574-49cc-912d-63245b72c16a","local_time":"20201222180305","is_ascension_mode":true,"campfire_choices":[{"floor":15.0,"key":"REST"},{"floor":24.0,"key":"REST"},{"floor":27.0,"key":"REST"},{"floor":32.0,"key":"REST"},{"floor":40.0,"key":"REST"},{"data":"After Image","floor":42.0,"key":"SMITH"},{"data":"After Image","floor":44.0,"key":"SMITH"},{"floor":49.0,"key":"REST"}],"circlet_count":0,"master_deck":["Strike_G","Strike_G","Strike_G","Strike_G","Defend_G","Defend_G","Defend_G","Survivor","Neutralize","Glass Knife","Backstab","Poisoned Stab","Crippling Poison","Escape Plan","Blade Dance","Bouncing Flask","Well Laid Plans","Prepared","Infinite Blades","After Image+1","After Image+1","Backflip+1","Footwork","Tools of the Trade","Blur","Escape Plan","Accuracy+1","Noxious Fumes+1"],"relics":["Ring of the Serpent","Boot","Oddly Smooth Stone","The Courier","Art of War","Snake Skull","Runic Dome","Strawberry","Matryoshka","Pen Nib","TwistedFunnel","Meat on the Bone","WingedGreaves","CaptainsWheel","Incense Burner","Juzu Bracelet","Darkstone Periapt"],"acts_visited":["Exordium","TheCity","TheBeyond"],"potions_floor_usage":[50,50,50],"damage_taken":[{"damage":0.0,"enemies":"Cultist","floor":1.0,"turns":3.0},{"damage":0.0,"enemies":"2 Louse","floor":3.0,"turns":2.0},{"damage":0.0,"enemies":"Small Slimes","floor":4.0,"turns":2.0},{"damage":29.0,"enemies":"Lagavulin","floor":6.0,"turns":7.0},{"damage":4.0,"enemies":"Red Slaver","floor":7.0,"turns":3.0},{"damage":15.0,"enemies":"3 Sentries","floor":10.0,"turns":8.0},{"damage":3.0,"enemies":"Large Slime","floor":11.0,"turns":5.0},{"damage":4.0,"enemies":"Blue Slaver","floor":12.0,"turns":4.0},{"damage":0.0,"enemies":"3 Louse","floor":13.0,"turns":2.0},{"damage":14.0,"enemies":"The Guardian","floor":16.0,"turns":9.0},{"damage":1.0,"enemies":"3 Byrds","floor":18.0,"turns":4.0},{"damage":2.0,"enemies":"Spheric Guardian","floor":20.0,"turns":4.0},{"damage":8.0,"enemies":"Chosen and Byrds","floor":21.0,"turns":5.0},{"damage":14.0,"enemies":"Cultist and Chosen","floor":22.0,"turns":6.0},{"damage":2.0,"enemies":"Slavers","floor":23.0,"turns":7.0},{"damage":40.0,"enemies":"Snecko","floor":25.0,"turns":6.0},{"damage":10.0,"enemies":"Gremlin Leader","floor":30.0,"turns":7.0},{"damage":6.0,"enemies":"Snake Plant","floor":31.0,"turns":5.0},{"damage":33.0,"enemies":"Champ","floor":33.0,"turns":12.0},{"damage":17.0,"enemies":"3 Shapes","floor":35.0,"turns":3.0},{"damage":14.0,"enemies":"Orb Walker","floor":37.0,"turns":3.0},{"damage":0.0,"enemies":"Mind Bloom Boss Battle","floor":38.0,"turns":7.0},{"damage":9.0,"enemies":"2 Orb Walkers","floor":39.0,"turns":5.0},{"damage":3.0,"enemies":"4 Shapes","floor":41.0,"turns":5.0},{"damage":16.0,"enemies":"Transient","floor":47.0,"turns":5.0},{"damage":23,"enemies":"Time Eater","floor":50,"turns":12}],"seed_played":"-8047336142728221654","potions_obtained":[{"floor":3.0,"key":"AttackPotion"},{"floor":6.0,"key":"Swift Potion"},{"floor":7.0,"key":"LiquidBronze"},{"floor":10.0,"key":"Poison Potion"},{"floor":16.0,"key":"SkillPotion"},{"floor":21.0,"key":"PowerPotion"},{"floor":23.0,"key":"SpeedPotion"},{"floor":25.0,"key":"AttackPotion"},{"floor":30.0,"key":"PowerPotion"},{"floor":38.0,"key":"SneckoOil"},{"floor":41.0,"key":"Block Potion"},{"floor":47.0,"key":"BlessingOfTheForge"}],"is_trial":false,"path_per_floor":["M","T","M","M","?","E","M","?","T","E","M","M","M","$","R","B",null,"M","?","M","M","M","E","R","M","T","R","?","$","E","M","R","B",null,"M","$","M","?","?","R","M","R","T","R","?","?","M","?","R","B",null],"character_chosen":"THE_SILENT","items_purchased":["Infinite Blades","After Image","TwistedFunnel","Meat on the Bone","Footwork"],"campfire_rested":6,"item_purchase_floors":[14,14,29,29,29],"current_hp_per_floor":[63,63,63,63,63,34,30,30,30,15,12,8,8,8,29,15,56,55,42,40,32,18,23,47,7,7,31,31,31,33,39,63,42,72,55,55,53,53,44,68,65,65,65,65,65,65,49,41,65,42],"gold":212,"neow_bonus":"ONE_RANDOM_RARE_CARD","is_daily":false,"chose_seed":false,"campfire_upgraded":2,"win_rate":0.0,"timestamp":1608627785,"path_taken":["M","?","M","M","?","E","?","?","T","E","?","M","M","$","R","BOSS","M","?","M","M","M","E","R","M","T","R","?","$","E","M","R","BOSS","M","$","M","?","?","R","M","R","T","R","?","?","M","?","R","BOSS"],"items_purchased_type":["Card","Card","Relic","Relic","Card"],"build_version":"2020-12-13","purchased_purges":3,"victory":true,"max_hp_per_floor":[70,70,70,70,70,70,70,70,70,70,70,70,70,70,70,70,70,70,75,75,75,75,82,82,82,82,82,82,82,82,82,82,82,82,82,82,82,82,82,82,82,82,82,82,82,82,82,82,82,82],"card_choices":[{"not_picked":["PiercingWail","Prepared"],"picked":"Backstab","floor":1.0},{"not_picked":["Outmaneuver","Dagger Spray"],"picked":"Poisoned Stab","floor":3.0},{"not_picked":["Dodge and Roll","Backflip"],"picked":"Crippling Poison","floor":4.0},{"not_picked":["All Out Attack","Doppelganger"],"picked":"Escape Plan","floor":6.0},{"not_picked":["Predator","Leg Sweep"],"picked":"Blade Dance","floor":7.0},{"not_picked":["Eviscerate","Dagger Throw","Outmaneuver"],"picked":"SKIP","floor":10.0},{"not_picked":["Heel Hook","Tactician"],"picked":"Bouncing Flask","floor":11.0},{"not_picked":["Catalyst","Outmaneuver"],"picked":"Well Laid Plans","floor":12.0},{"not_picked":["Slice","Acrobatics"],"picked":"Prepared","floor":13.0},{"not_picked":["Malaise","Venomology"],"picked":"After Image","floor":16.0},{"not_picked":["Dagger Spray","Reflex","Riddle With Holes"],"picked":"SKIP","floor":18.0},{"not_picked":["Predator","Dagger Throw+1","Sucker Punch"],"picked":"SKIP","floor":20.0},{"not_picked":["Prepared","Slice"],"picked":"Backflip+1","floor":21.0},{"not_picked":["All Out Attack","Acrobatics+1","Underhanded Strike"],"picked":"SKIP","floor":22.0},{"not_picked":["PiercingWail","Dagger Throw","Backflip"],"picked":"SKIP","floor":23.0},{"not_picked":["Endless Agony+1","Slice+1","Concentrate+1"],"picked":"SKIP","floor":25.0},{"not_picked":["Dagger Spray+1","Endless Agony","Deadly Poison"],"picked":"SKIP","floor":30.0},{"not_picked":["Slice","Quick Slash","Reflex+1"],"picked":"SKIP","floor":31.0},{"not_picked":["Phantasmal Killer","Grand Finale"],"picked":"Tools of the Trade","floor":33.0},{"not_picked":["Crippling Poison+1","Bane"],"picked":"Blur","floor":35.0},{"not_picked":["Backflip+1","Terror"],"picked":"Escape Plan","floor":37.0},{"not_picked":["PiercingWail+1","Cloak And Dagger"],"picked":"Accuracy+1","floor":39.0},{"not_picked":["Poisoned Stab+1","Infinite Blades+1"],"picked":"Noxious Fumes+1","floor":41.0},{"not_picked":["Bane","PiercingWail","Distraction"],"picked":"SKIP","floor":47.0}],"player_experience":84311,"relics_obtained":[{"floor":2.0,"key":"Boot"},{"floor":6.0,"key":"The Courier"},{"floor":9.0,"key":"Art of War"},{"floor":10.0,"key":"Snake Skull"},{"floor":23.0,"key":"Strawberry"},{"floor":26.0,"key":"Matryoshka"},{"floor":30.0,"key":"WingedGreaves"},{"floor":38.0,"key":"CaptainsWheel"},{"floor":39.0,"key":"Incense Burner"},{"floor":43.0,"key":"Juzu Bracelet"},{"floor":43.0,"key":"Darkstone Periapt"}],"event_choices":[{"damage_healed":0.0,"max_hp_gain":0.0,"max_hp_loss":0.0,"gold_gain":0.0,"event_name":"WeMeetAgain","player_choice":"Gave Potion","floor":5.0,"gold_loss":0.0,"damage_taken":0.0,"relics_obtained":["Oddly Smooth Stone"]},{"damage_healed":0.0,"max_hp_gain":0.0,"max_hp_loss":0.0,"gold_gain":275.0,"event_name":"Golden Shrine","player_choice":"Desecrate","floor":8.0,"gold_loss":0.0,"damage_taken":0.0,"cards_obtained":["Regret"]},{"damage_healed":0.0,"max_hp_gain":5.0,"max_hp_loss":0.0,"gold_gain":0.0,"event_name":"Forgotten Altar","player_choice":"Shed Blood","floor":19.0,"gold_loss":0.0,"damage_taken":18.0},{"damage_healed":0.0,"max_hp_gain":0.0,"max_hp_loss":0.0,"gold_gain":0.0,"event_name":"Addict","player_choice":"Obtained Relic","floor":28.0,"gold_loss":85.0,"damage_taken":0.0,"relics_obtained":["Pen Nib"]},{"damage_healed":0.0,"max_hp_gain":0.0,"max_hp_loss":0.0,"gold_gain":0.0,"event_name":"MindBloom","player_choice":"Fight","floor":38.0,"gold_loss":0.0,"damage_taken":0.0},{"damage_healed":0.0,"max_hp_gain":0.0,"max_hp_loss":0.0,"gold_gain":0.0,"event_name":"Mysterious Sphere","player_choice":"Fight","floor":39.0,"gold_loss":0.0,"damage_taken":0.0},{"damage_healed":0.0,"max_hp_gain":0.0,"max_hp_loss":0.0,"gold_gain":0.0,"event_name":"Tomb of Lord Red Mask","player_choice":"Ignored","floor":45.0,"gold_loss":0.0,"damage_taken":0.0},{"cards_removed":["Defend_G"],"damage_healed":0.0,"max_hp_gain":0.0,"max_hp_loss":0.0,"gold_gain":0.0,"event_name":"Falling","player_choice":"Removed Skill","floor":46.0,"gold_loss":0.0,"damage_taken":0.0},{"damage_healed":0.0,"max_hp_gain":0.0,"max_hp_loss":0.0,"gold_gain":0.0,"event_name":"Wheel of Change","player_choice":"Damaged","floor":48.0,"gold_loss":0.0,"damage_taken":8.0}],"is_beta":false,"boss_relics":[{"not_picked":["Runic Pyramid","Busted Crown"],"picked":"Runic Dome"},{"not_picked":["Snecko Eye","Cursed Key"],"picked":"Ring of the Serpent"}],"items_purged_floors":[14,29,36],"is_endless":false,"potions_floor_spawned":[3,6,7,10,16,18,21,23,25,30,38,41,47],"ascension_level":9}}