{"host":"99ad87xtd5ypi7ii","time":1608640475,"event":{"mods":["BaseMod","Hermit","Highlight Path","Marisa????????","Minty Spire (QoL Compilation)","Robot Space Explorer","StSLib","The Bladedancer","The Construct","The Cursed","The Disciple","The Gatherer","The Hierophant","The Runesmith","The Servant 0.9.4","TheVacant"],"gold_per_floor":[117,117,117,292,303,321,321,321,397,397,413,413,413,432,432,530,530,540,540,170,170,170,170,205,205,232,249,267,267,284,284,284],"floor_reached":31,"playtime":1875,"items_purged":["hermit:Strike_Hermit"],"score":243,"play_id":"ecd1c5b6-9433-4b2b-9a3f-d53b06e93eb6","local_time":"20201222133435","is_ascension_mode":false,"campfire_choices":[{"data":"hermit:Determination","floor":8,"key":"SMITH"},{"data":"hermit:Combo","floor":13,"key":"SMITH"},{"floor":15,"key":"REST"},{"data":"hermit:Gestalt","floor":23,"key":"SMITH"},{"data":"hermit:BlackWind","floor":25,"key":"SMITH"}],"circlet_count":0,"master_deck":["hermit:Strike_Hermit","hermit:Strike_Hermit","hermit:Defend_Hermit","hermit:Defend_Hermit+1","hermit:Defend_Hermit","hermit:Defend_Hermit+1","hermit:Snapshot+1","hermit:Covet","hermit:GhostlyPresence","Doubt","hermit:Determination+1","hermit:Combo+1","Regret","hermit:Vantage","Pain","hermit:GhostlyPresence","hermit:BlackWind+1","hermit:Coalescence","hermit:Gestalt+1","hermit:Virtue+1","hermit:Coalescence+1","Writhe","hermit:Desperado"],"relics":["hermit:Momento","CaptainsWheel","Gremlin Horn","WarpedTongs","construct:WeddingRing","hermit:Spyglass","Toxic Egg 2","Kunai"],"acts_visited":["Exordium","TheCity"],"potions_floor_usage":[16,16,24,24,31],"damage_taken":[{"damage":0,"enemies":"2 Louse","floor":1,"turns":2},{"damage":0,"enemies":"Small Slimes","floor":5,"turns":3},{"damage":0,"enemies":"Jaw Worm","floor":6,"turns":4},{"damage":7,"enemies":"2 Fungi Beasts","floor":11,"turns":5},{"damage":0,"enemies":"Blue Slaver","floor":14,"turns":5},{"damage":17,"enemies":"Slime Boss","floor":16,"turns":8},{"damage":18,"enemies":"Chosen","floor":18,"turns":7},{"damage":17,"enemies":"Slavers","floor":24,"turns":8},{"damage":0,"enemies":"Spheric Guardian","floor":27,"turns":3},{"damage":0,"enemies":"Centurion and Healer","floor":28,"turns":4},{"damage":46,"enemies":"Cultist and Chosen","floor":30,"turns":9},{"damage":3,"enemies":"Snake Plant","floor":31,"turns":1}],"seed_played":"-7567484297284514954","potions_obtained":[{"floor":5,"key":"Strength Potion"},{"floor":11,"key":"FearPotion"},{"floor":16,"key":"SteroidPotion"},{"floor":18,"key":"EssenceOfSteel"},{"floor":30,"key":"Ancient Potion"}],"is_trial":false,"path_per_floor":["M","?","$","?","M","M","?","R","T","?","M","?","R","M","R","B",null,"M","?","$","?","?","R","E","R","T","M","M","?","M","M"],"character_chosen":"HERMIT","items_purchased":["hermit:Spyglass","hermit:Gestalt"],"campfire_rested":1,"item_purchase_floors":[20,20],"current_hp_per_floor":[82,82,82,82,82,82,82,82,82,66,59,59,59,59,82,65,82,64,64,64,64,64,64,47,47,47,47,47,47,1,0,0],"gold":284,"neow_bonus":"TEN_PERCENT_HP_BONUS","is_daily":false,"chose_seed":false,"campfire_upgraded":4,"win_rate":0.0,"timestamp":1608640475,"path_taken":["M","?","$","?","M","?","?","R","T","?","M","?","R","M","R","BOSS","M","?","$","?","?","R","E","R","T","M","?","?","M","M"],"items_purchased_type":["Relic","Card"],"build_version":"2020-12-13","purchased_purges":1,"victory":false,"max_hp_per_floor":[82,82,82,82,82,82,82,82,82,82,82,82,82,82,82,82,82,82,82,82,82,82,82,82,82,82,82,82,82,82,82,82],"card_choices":[{"not_picked":["hermit:Misfire","hermit:NoHoldsBarred"],"picked":"hermit:GhostlyPresence","floor":1},{"not_picked":["hermit:Combo","hermit:HighCaliber"],"picked":"hermit:Determination","floor":5},{"not_picked":["hermit:NoHoldsBarred","hermit:Scavenge"],"picked":"hermit:Combo","floor":6},{"not_picked":["hermit:Scavenge","hermit:Glare"],"picked":"hermit:Vantage","floor":11},{"not_picked":["hermit:Roulette","hermit:Manifest"],"picked":"hermit:GhostlyPresence","floor":14},{"not_picked":["hermit:DeadOrAlive","hermit:FinalCanter"],"picked":"hermit:BlackWind","floor":16},{"not_picked":["hermit:HoleUp","hermit:TrackingShot"],"picked":"hermit:Coalescence","floor":18},{"not_picked":["hermit:Roulette+1","hermit:Combo+1","hermit:LowProfile+1"],"picked":"SKIP","floor":24},{"not_picked":["hermit:Ricochet","hermit:Feint+1"],"picked":"hermit:Virtue+1","floor":27},{"not_picked":["hermit:HoleUp+1","hermit:Vantage+1"],"picked":"hermit:Coalescence+1","floor":28},{"not_picked":["hermit:Maintenance+1","hermit:HighCaliber"],"picked":"hermit:Desperado","floor":30}],"player_experience":817962,"relics_obtained":[{"floor":9,"key":"Gremlin Horn"},{"floor":24,"key":"Toxic Egg 2"}],"event_choices":[{"damage_healed":0,"gold_gain":0,"player_choice":"Grow","damage_taken":0,"max_hp_gain":0,"max_hp_loss":0,"event_name":"Living Wall","floor":2,"gold_loss":0,"cards_upgraded":["hermit:Snapshot"]},{"damage_healed":0,"gold_gain":175,"player_choice":"AGREE","damage_taken":0,"max_hp_gain":0,"max_hp_loss":0,"event_name":"Liars Game","floor":4,"gold_loss":0,"cards_obtained":["Doubt"]},{"damage_healed":0,"gold_gain":0,"player_choice":"Box","damage_taken":0,"relics_obtained":["CaptainsWheel"],"max_hp_gain":0,"max_hp_loss":0,"event_name":"Big Fish","floor":7,"gold_loss":0,"cards_obtained":["Regret"]},{"damage_healed":0,"gold_gain":0,"player_choice":"Entered Light","damage_taken":16,"max_hp_gain":0,"max_hp_loss":0,"event_name":"Shining Light","floor":10,"gold_loss":0,"cards_upgraded":["hermit:Defend_Hermit","hermit:Defend_Hermit"]},{"damage_healed":0,"gold_gain":0,"player_choice":"Rummage","damage_taken":0,"relics_obtained":["WarpedTongs"],"max_hp_gain":0,"max_hp_loss":0,"event_name":"Accursed Blacksmith","floor":12,"gold_loss":0,"cards_obtained":["Pain"]},{"cards_removed":["hermit:Strike_Hermit"],"damage_healed":0,"gold_gain":0,"player_choice":"Elegance","damage_taken":0,"max_hp_gain":0,"max_hp_loss":0,"event_name":"Back to Basics","floor":19,"gold_loss":0},{"damage_healed":0,"gold_gain":0,"player_choice":"Ignored","damage_taken":0,"max_hp_gain":0,"max_hp_loss":0,"event_name":"Vampires","floor":21,"gold_loss":0},{"damage_healed":0,"gold_gain":0,"player_choice":"Ignored","damage_taken":0,"max_hp_gain":0,"max_hp_loss":0,"event_name":"Fountain of Cleansing","floor":22,"gold_loss":0},{"damage_healed":0,"gold_gain":0,"player_choice":"Opened","damage_taken":0,"relics_obtained":["Kunai"],"max_hp_gain":0,"max_hp_loss":0,"event_name":"The Mausoleum","floor":29,"gold_loss":0,"cards_obtained":["Writhe"]}],"is_beta":false,"boss_relics":[{"not_picked":["Ectoplasm","hermit:ClaspedLocket"],"picked":"construct:WeddingRing"}],"items_purged_floors":[20],"is_endless":false,"potions_floor_spawned":[5,11,16,18,30],"killed_by":"Snake Plant","ascension_level":0}}