{"host":"cdhs3rcdp0bmp3c4","time":1608666774,"event":{"mods":["BaseMod","Hermit","Minty Spire (QoL Compilation)","Relic Stats","Robot Space Explorer","StSLib","Td1madao Mod","The Construct","The Forsaken","The Hierophant","The Runesmith"],"gold_per_floor":[116,116,130,55,55,55,83,83,83,83,158,58,58,28,28,28,28],"floor_reached":16,"playtime":1102,"items_purged":["RobotSpaceExplorer:Defend","RobotSpaceExplorer:Defend"],"score":99,"play_id":"2c552346-4f55-4912-b129-a5f61e375b6c","local_time":"20201222135254","is_ascension_mode":true,"campfire_choices":[{"data":"RobotSpaceExplorer:MiniLasers","floor":6,"key":"SMITH"},{"data":"RobotSpaceExplorer:DualCore","floor":8,"key":"SMITH"},{"data":"RobotSpaceExplorer:Scan","floor":10,"key":"SMITH"},{"floor":15,"key":"REST"}],"circlet_count":0,"master_deck":["RobotSpaceExplorer:Strike","RobotSpaceExplorer:Strike","RobotSpaceExplorer:Defend","RobotSpaceExplorer:Defend","RobotSpaceExplorer:Scan+1","RobotSpaceExplorer:MiniLasers+1","RobotSpaceExplorer:DualCore+1","RobotSpaceExplorer:ScrapMissile"],"relics":["RobotSpaceExplorer:RoboCore","Akabeko","RobotSpaceExplorer:BottledGravity"],"acts_visited":["Exordium"],"potions_floor_usage":[16],"damage_taken":[{"damage":0,"enemies":"Small Slimes","floor":1,"turns":4},{"damage":0,"enemies":"2 Louse","floor":3,"turns":2},{"damage":19,"enemies":"3 Sentries","floor":7,"turns":15},{"damage":55,"enemies":"Slime Boss","floor":16,"turns":17}],"seed_played":"2382998016747719907","potions_obtained":[{"floor":1,"key":"Dexterity Potion"}],"is_trial":false,"path_per_floor":["M","?","M","$","?","R","E","R","T","R","?","$","?","?","R","B"],"character_chosen":"RobotSpaceExplorer","items_purchased":[],"campfire_rested":1,"item_purchase_floors":[],"current_hp_per_floor":[75,75,75,75,68,68,49,49,49,49,38,38,38,38,60,5,5],"gold":28,"neow_bonus":"REMOVE_CARD","is_daily":false,"chose_seed":false,"campfire_upgraded":3,"win_rate":0.0,"timestamp":1608666774,"path_taken":["M","?","M","$","?","R","E","R","T","R","?","$","?","?","R","BOSS"],"items_purchased_type":[],"build_version":"2020-12-13","purchased_purges":2,"victory":false,"max_hp_per_floor":[75,75,75,75,75,75,75,75,75,75,75,75,75,75,75,75,75],"relic_stats":{"counters":[4,38],"obtain_stats":[{"RobotSpaceExplorer:BottledGravity":9,"RobotSpaceExplorer:RoboCore":0,"Akabeko":7},{"RobotSpaceExplorer:BottledGravity":3,"RobotSpaceExplorer:RoboCore":0,"Akabeko":3},{"RobotSpaceExplorer:BottledGravity":21,"RobotSpaceExplorer:RoboCore":0,"Akabeko":21}]},"card_choices":[{"not_picked":["RobotSpaceExplorer:StunGrenade","RobotSpaceExplorer:GlueSpray"],"picked":"RobotSpaceExplorer:DualCore","floor":1},{"not_picked":["RobotSpaceExplorer:MetalStrike","RobotSpaceExplorer:StarDust"],"picked":"RobotSpaceExplorer:ScrapMissile","floor":3},{"not_picked":["RobotSpaceExplorer:ShovelStrike","RobotSpaceExplorer:GlueSpray","RobotSpaceExplorer:Blitz"],"picked":"SKIP","floor":7}],"player_experience":198740,"relics_obtained":[{"floor":7,"key":"Akabeko"},{"floor":9,"key":"RobotSpaceExplorer:BottledGravity"}],"event_choices":[{"damage_healed":0,"gold_gain":0,"player_choice":"Ignored","damage_taken":0,"max_hp_gain":0,"max_hp_loss":0,"event_name":"Liars Game","floor":2,"gold_loss":0},{"cards_removed":["RobotSpaceExplorer:Strike"],"damage_healed":0,"gold_gain":0,"player_choice":"Card Removal","damage_taken":7,"max_hp_gain":0,"max_hp_loss":0,"event_name":"Golden Wing","floor":5,"gold_loss":0},{"damage_healed":0,"gold_gain":75,"player_choice":"Gather Gold","damage_taken":11,"max_hp_gain":0,"max_hp_loss":0,"event_name":"World of Goop","floor":11,"gold_loss":0},{"damage_healed":0,"gold_gain":0,"player_choice":"Ignored","damage_taken":0,"max_hp_gain":0,"max_hp_loss":0,"event_name":"Shining Light","floor":13,"gold_loss":0},{"damage_healed":0,"gold_gain":0,"player_choice":"Bought 2 Potions","damage_taken":0,"max_hp_gain":0,"max_hp_loss":0,"event_name":"The Woman in Blue","floor":14,"gold_loss":0}],"is_beta":false,"boss_relics":[],"items_purged_floors":[4,12],"is_endless":false,"potions_floor_spawned":[1],"killed_by":"Slime Boss","ascension_level":1}}