{"host":"kgj3hkp928synzkd","time":1608670622,"event":{"mods":["2.2 Compatiblity","A Magickal Journey","AchievementEnabler","Act Like it!","AlwaysNeverKeys","BaseMod","Better Altar","Better Match","Better Note","Better Sensory Stone","Better Synergies","Better Third Choice","Better Vampires","Block Reminder","Colored Map","Colored Powertips","Conspire","Curses Come First","Disable Question Mark Monsters","Downfall","GifTheSpireLib","Googly Eyes","Gremlin Skip","GungeonMod","Hallownest","Infinite Spire","Luminous","Marisa????????","Marked Mod","Minty Spire (QoL Compilation)","Permanent Neow","Quick Restart","Random Character Button","Rare Cards Sparkle","Replay The Spire","Spicy Shops","StSLib","SuperFastMode","The Bug Knight","The Exalted","Uncapped"],"gold_per_floor":[218,228,239,258,158,158,210,32,56,114,87,87,87,115,115,255,305,334,345,376,376,376,376,342,359,413,413,444,461,502,517,517,562,562],"floor_reached":33,"playtime":1307,"items_purged":[],"score":293,"play_id":"4392ee56-8ecb-4568-b05b-a4e1d2bb54b5","local_time":"20201222155702","is_ascension_mode":true,"campfire_choices":[{"floor":12,"key":"REST"},{"floor":15,"key":"REST"},{"floor":23,"key":"REST"},{"floor":27,"key":"REST"},{"floor":32,"key":"REST"}],"circlet_count":0,"master_deck":["Strike_R","Strike_R","Strike_R+1","Strike_R","Strike_R+1","Defend_R+1","Defend_R","Defend_R","Defend_R+1","Bash","conspire:Charge","Iron Wave","Twin Strike","conspire:SpireCoStock+1","conspire:SpireCoStock","Thunderclap+1","Metallicize+1","Armaments","Inflame+1","Impervious+1","Inflame","Juggernaut+1","Metallicize+1"],"relics":["Burning Blood","DemoMod:OrangeGuonStone","Membership Card","DemoMod:WeirdEgg","Gremlin Food","Golden Egg","Tiny House","Bromod:ArcaneConsequence","HollowMod:StagPassRelic"],"acts_visited":["Exordium","TheCity"],"potions_floor_usage":[10,33,33],"damage_taken":[{"damage":15,"enemies":"Jaw Worm","floor":1,"turns":5},{"damage":0,"enemies":"Small Slimes","floor":2,"turns":3},{"damage":0,"enemies":"2 Louse","floor":3,"turns":2},{"damage":21,"enemies":"Exordium Thugs","floor":4,"turns":5},{"damage":25,"enemies":"Lagavulin","floor":7,"turns":7},{"damage":18,"enemies":"3 Sentries","floor":10,"turns":8},{"damage":5,"enemies":"Red Slaver","floor":14,"turns":4},{"damage":23,"enemies":"Hexaghost","floor":16,"turns":9},{"damage":19,"enemies":"Spheric Guardian","floor":18,"turns":4},{"damage":24,"enemies":"3 Byrds","floor":19,"turns":6},{"damage":21,"enemies":"Cultist and Chosen","floor":20,"turns":6},{"damage":8,"enemies":"Snecko","floor":25,"turns":4},{"damage":19,"enemies":"Centurion and Healer","floor":28,"turns":6},{"damage":21,"enemies":"3 Cultists","floor":29,"turns":5},{"damage":18,"enemies":"conspire:SneckoGhost","floor":30,"turns":7},{"damage":12,"enemies":"Snake Plant","floor":31,"turns":3},{"damage":85,"enemies":"Automaton","floor":33,"turns":14}],"seed_played":"8423912385015169009","potions_obtained":[{"floor":2,"key":"Milkshake"},{"floor":7,"key":"Explosive Potion"},{"floor":16,"key":"Swift Potion"},{"floor":17,"key":"infinitespire:BlackPotion"}],"is_trial":false,"path_per_floor":["M","M","M","M","?","?","E","$","T","E","$","R","T","M","R","B",null,"M","M","M","$","?","R","$","M","T","R","M","M","E","M","R","B"],"character_chosen":"IRONCLAD","items_purchased":["Membership Card","Metallicize+1","Inflame+1","Metallicize"],"campfire_rested":5,"item_purchase_floors":[8,8,11,24],"current_hp_per_floor":[71,77,80,65,65,45,26,26,26,14,14,38,38,39,63,46,85,72,54,39,39,39,64,64,62,62,85,72,57,45,39,64,0,0],"gold":562,"neow_bonus":"HUNDRED_GOLD","is_daily":false,"chose_seed":false,"campfire_upgraded":0,"win_rate":0.0,"timestamp":1608670622,"path_taken":["M","M","M","M","?","?","E","?","T","E","$","R","?","M","R","BOSS","M","M","M","$","?","R","$","?","T","R","M","?","E","M","R","BOSS"],"items_purchased_type":["Relic","Card","Card","Card"],"build_version":"2020-12-13","purchased_purges":0,"victory":false,"max_hp_per_floor":[80,80,80,80,80,80,80,80,80,80,80,80,80,80,80,80,85,85,85,85,85,85,85,85,85,85,85,85,85,85,85,85,85,85],"card_choices":[{"not_picked":["Thunderclap","Perfected Strike"],"picked":"conspire:Charge","floor":1},{"not_picked":["Seeing Red","Uppercut"],"picked":"Iron Wave","floor":2},{"not_picked":["Pommel Strike","Clothesline"],"picked":"Twin Strike","floor":3},{"not_picked":["Replay:Undeath\u0027s Touch","Second Wind","Sword Boomerang"],"picked":"SKIP","floor":4},{"not_picked":["Sword Boomerang","Reaper"],"picked":"Thunderclap","floor":7},{"not_picked":["Iron Wave","Perfected Strike"],"picked":"Armaments","floor":10},{"not_picked":["Evolve","Replay:Undeath\u0027s Touch","Body Slam"],"picked":"SKIP","floor":14},{"not_picked":["Offering","Double Tap"],"picked":"Impervious","floor":16},{"not_picked":["Thunderclap","Shrug It Off"],"picked":"Inflame","floor":17},{"not_picked":["True Grit+1","ReplayReversal","Thunderclap"],"picked":"SKIP","floor":18},{"not_picked":["Reckless Charge","Iron Wave+1"],"picked":"Juggernaut","floor":19},{"not_picked":["Sentinel+1","Pommel Strike","Searing Blow"],"picked":"SKIP","floor":20},{"not_picked":["Uppercut+1","Headbutt","Life Link"],"picked":"SKIP","floor":25},{"not_picked":["Power Through","Abandon","Replay:Many Hands"],"picked":"SKIP","floor":28},{"not_picked":["DemoMod:WhiteBlade+1","Anger","ReplayTheSpireMod:Strike From Hell"],"picked":"SKIP","floor":29},{"not_picked":["Reckless Charge+1","Feel No Pain","Run Through+1"],"picked":"SKIP","floor":30},{"not_picked":["Havoc","Armaments","Flex"],"picked":"SKIP","floor":31}],"player_experience":296479,"relics_obtained":[{"floor":7,"key":"DemoMod:OrangeGuonStone"},{"floor":9,"key":"DemoMod:WeirdEgg"},{"floor":10,"key":"Gremlin Food"},{"floor":13,"key":"Golden Egg"},{"floor":26,"key":"Bromod:ArcaneConsequence"},{"floor":30,"key":"HollowMod:StagPassRelic"}],"event_choices":[{"damage_healed":0,"gold_gain":0,"player_choice":"Invest 2","damage_taken":0,"max_hp_gain":0,"max_hp_loss":0,"event_name":"conspire:Investor","floor":5,"gold_loss":0},{"damage_healed":0,"gold_gain":0,"player_choice":"Ignored","damage_taken":0,"max_hp_gain":0,"max_hp_loss":0,"event_name":"betterNote:BetterNote","floor":22,"gold_loss":0,"cards_obtained":["Clothesline"]}],"is_beta":false,"boss_relics":[{"not_picked":["Bromod:ArcaneBarrier","ReplayTheSpireMod:SealedPack"],"picked":"Tiny House"}],"items_purged_floors":[],"is_endless":false,"potions_floor_spawned":[2,7,16,18,30,31],"killed_by":"Automaton","ascension_level":1}}