{"host":"5jn3rki867005t18","time":1608621427,"event":{"mods":["2.2 Compatiblity","AchievementEnabler","BaseMod","Colored Map","DeckTracker","Minty Spire (QoL Compilation)","Permanent Neow","Rare Cards Sparkle","StSLib","SuperFastMode"],"gold_per_floor":[116,128,128,78,91,124,124,139,166,166,177,177,177,213,213,338,338,362,287,312,312,356,394,394,394,394,410,410,433,466,482,482,602,602,627,78,92,108,108,108,139,157,157,11,11,233,254,254,254,254],"floor_reached":51,"playtime":1955,"items_purged":["Strike_R"],"score":802,"play_id":"ab9a7303-e2e4-4278-bc7e-821cb2a0bff0","local_time":"20201222161707","is_ascension_mode":false,"campfire_choices":[{"data":"Juggernaut","floor":7.0,"key":"SMITH"},{"data":"Body Slam","floor":10.0,"key":"SMITH"},{"data":"Bash","floor":12.0,"key":"SMITH"},{"floor":15.0,"key":"REST"},{"data":"Juggernaut","floor":24.0,"key":"SMITH"},{"floor":28.0,"key":"REST"},{"floor":32.0,"key":"REST"},{"floor":40,"key":"REST"},{"floor":45,"key":"REST"},{"floor":49,"key":"REST"}],"circlet_count":0,"master_deck":["Defend_R","Defend_R+1","Defend_R","Defend_R","Bash+1","Pommel Strike","Ghostly Armor","Juggernaut+1","Body Slam+1","True Grit","Fire Breathing","True Grit","Injury","True Grit+1","Juggernaut+1","Shrug It Off","Metallicize","Flame Barrier+1","Shockwave","Seeing Red","Shockwave+1","Iron Wave","Body Slam","Juggernaut","Seeing Red+1","Body Slam","The Bomb","Evolve","Flame Barrier","True Grit+1","Parasite","Shrug It Off+1","Seeing Red+1"],"relics":["Burning Blood","Bronze Scales","Red Skull","Golden Idol","Vajra","Sozu","Red Mask","War Paint","Sundial","Pear","Snecko Eye","Self Forming Clay","HornCleat","Singing Bowl","Happy Flower"],"acts_visited":["Exordium","TheCity","TheBeyond"],"potions_floor_usage":[41,48],"damage_taken":[{"damage":10.0,"enemies":"Jaw Worm","floor":1.0,"turns":4.0},{"damage":5.0,"enemies":"2 Louse","floor":2.0,"turns":3.0},{"damage":2.0,"enemies":"Small Slimes","floor":5.0,"turns":4.0},{"damage":26.0,"enemies":"Lagavulin","floor":6.0,"turns":8.0},{"damage":5.0,"enemies":"Looter","floor":8.0,"turns":3.0},{"damage":2.0,"enemies":"Large Slime","floor":11.0,"turns":5.0},{"damage":34.0,"enemies":"3 Sentries","floor":14.0,"turns":8.0},{"damage":31.0,"enemies":"Hexaghost","floor":16.0,"turns":9.0},{"damage":10.0,"enemies":"Shell Parasite","floor":18.0,"turns":4.0},{"damage":5.0,"enemies":"Chosen","floor":20.0,"turns":4.0},{"damage":27.0,"enemies":"Masked Bandits","floor":22.0,"turns":4.0},{"damage":36.0,"enemies":"Slavers","floor":23.0,"turns":5.0},{"damage":8.0,"enemies":"Snecko","floor":27.0,"turns":4.0},{"damage":14.0,"enemies":"Snake Plant","floor":29.0,"turns":4.0},{"damage":14.0,"enemies":"Book of Stabbing","floor":30.0,"turns":4.0},{"damage":9.0,"enemies":"Centurion and Healer","floor":31.0,"turns":6.0},{"damage":52,"enemies":"Automaton","floor":33,"turns":11},{"damage":38,"enemies":"3 Darklings","floor":35,"turns":7},{"damage":9,"enemies":"Orb Walker","floor":37,"turns":3},{"damage":36,"enemies":"Spire Growth","floor":38,"turns":5},{"damage":27,"enemies":"Reptomancer","floor":41,"turns":4},{"damage":19,"enemies":"Writhing Mass","floor":42,"turns":4},{"damage":6,"enemies":"Maw","floor":47,"turns":7},{"damage":0,"enemies":"4 Shapes","floor":48,"turns":1},{"damage":31,"enemies":"Awakened One","floor":50,"turns":8}],"seed_played":"12867584178794395","potions_obtained":[{"floor":6.0,"key":"SmokeBomb"},{"floor":8.0,"key":"Regen Potion"},{"floor":14.0,"key":"Block Potion"},{"floor":16.0,"key":"PowerPotion"}],"is_trial":false,"path_per_floor":["M","M","?","?","M","E","R","M","T","R","M","R","?","E","R","B",null,"M","?","M","?","?","E","R","?","T","M","R","M","E","M","R","B",null,"M","$","M","M","?","R","E","M","T","$","R","?","M","M","R","B",null],"character_chosen":"IRONCLAD","items_purchased":["Body Slam","The Bomb","Self Forming Clay","Happy Flower"],"campfire_rested":6,"item_purchase_floors":[36,36,36,44],"current_hp_per_floor":[84,85,85,85,88,68,68,69,69,69,73,73,73,45,71,46,88,84,84,85,85,64,34,34,34,34,32,58,50,64,61,90,44,98,66,66,63,33,33,62,41,28,28,28,57,57,57,63,92,67],"gold":254,"neow_bonus":"TEN_PERCENT_HP_BONUS","is_daily":false,"chose_seed":false,"campfire_upgraded":4,"win_rate":0.0,"timestamp":1608621427,"path_taken":["M","M","?","?","M","E","R","M","T","R","M","R","?","E","R","BOSS","M","?","M","?","?","E","R","?","T","M","R","M","E","M","R","BOSS","M","$","M","M","?","R","E","?","T","$","R","?","M","M","R","BOSS"],"items_purchased_type":["Card","Card","Relic","Relic"],"build_version":"2020-12-13","purchased_purges":1,"victory":true,"max_hp_per_floor":[88,88,88,88,88,88,88,88,88,88,88,88,88,88,88,88,88,88,88,88,88,88,88,88,88,88,88,88,88,98,98,98,98,98,98,98,98,98,98,98,98,98,98,98,98,98,98,98,98,98],"card_choices":[{"not_picked":["Clothesline","Body Slam"],"picked":"Pommel Strike","floor":1.0},{"not_picked":["Wild Strike","Pummel"],"picked":"Ghostly Armor","floor":2.0},{"not_picked":["Warcry","Havoc"],"picked":"Body Slam","floor":5.0},{"not_picked":["Flex","Dual Wield"],"picked":"True Grit","floor":6.0},{"not_picked":["Searing Blow","Dark Embrace"],"picked":"Fire Breathing","floor":8.0},{"not_picked":["Pommel Strike","Warcry"],"picked":"True Grit","floor":11.0},{"not_picked":["Flex","Bludgeon"],"picked":"True Grit","floor":14.0},{"not_picked":["Fiend Fire","Bludgeon"],"picked":"Juggernaut","floor":16.0},{"not_picked":["Fire Breathing","Heavy Blade"],"picked":"Shrug It Off","floor":18.0},{"not_picked":["True Grit","Hemokinesis"],"picked":"Metallicize","floor":20.0},{"not_picked":["Reckless Charge","Clothesline+1"],"picked":"Flame Barrier+1","floor":22.0},{"not_picked":["Heavy Blade","Uppercut+1"],"picked":"Shockwave","floor":23.0},{"not_picked":["Disarm","Clash"],"picked":"Seeing Red","floor":27.0},{"not_picked":["Rampage","True Grit"],"picked":"Shockwave+1","floor":29.0},{"not_picked":["Hemokinesis","Clothesline+1"],"picked":"Iron Wave","floor":30.0},{"not_picked":["Fiend Fire","Shrug It Off"],"picked":"Body Slam","floor":31.0},{"not_picked":["Immolate","Fiend Fire"],"picked":"Juggernaut","floor":33},{"not_picked":["Reckless Charge+1","Twin Strike+1"],"picked":"Seeing Red+1","floor":35},{"not_picked":["Perfected Strike+1","Headbutt+1"],"picked":"Evolve","floor":37},{"not_picked":["Fire Breathing+1","Infernal Blade"],"picked":"Flame Barrier","floor":38},{"not_picked":["Twin Strike+1","Sword Boomerang"],"picked":"True Grit+1","floor":41},{"not_picked":["Wild Strike","Twin Strike"],"picked":"Shrug It Off+1","floor":42},{"not_picked":["Heavy Blade","Rage+1"],"picked":"Seeing Red+1","floor":47}],"player_experience":48232,"relics_obtained":[{"floor":6.0,"key":"Bronze Scales"},{"floor":9.0,"key":"Red Skull"},{"floor":14.0,"key":"Vajra"},{"floor":22.0,"key":"Red Mask"},{"floor":23.0,"key":"War Paint"},{"floor":26.0,"key":"Sundial"},{"floor":30.0,"key":"Pear"},{"floor":41,"key":"HornCleat"},{"floor":43,"key":"Singing Bowl"}],"event_choices":[{"damage_healed":0.0,"max_hp_gain":0.0,"max_hp_loss":0.0,"gold_gain":0.0,"cards_transformed":["Strike_R"],"event_name":"Living Wall","player_choice":"Change","floor":3.0,"gold_loss":0.0,"damage_taken":0.0,"cards_obtained":["Juggernaut"]},{"cards_removed":["Strike_R"],"damage_healed":0.0,"max_hp_gain":0.0,"max_hp_loss":0.0,"gold_gain":0.0,"event_name":"The Cleric","player_choice":"Card Removal","floor":4.0,"gold_loss":50.0,"damage_taken":0.0},{"damage_healed":0.0,"max_hp_gain":0.0,"max_hp_loss":0.0,"gold_gain":0.0,"event_name":"Golden Idol","player_choice":"Take Wound","floor":13.0,"gold_loss":0.0,"damage_taken":0.0,"relics_obtained":["Golden Idol"],"cards_obtained":["Injury"]},{"cards_removed":["Strike_R"],"damage_healed":0.0,"max_hp_gain":0.0,"max_hp_loss":0.0,"gold_gain":0.0,"event_name":"Beggar","player_choice":"Gave Gold","floor":19.0,"gold_loss":75.0,"damage_taken":0.0},{"damage_healed":0.0,"max_hp_gain":0.0,"max_hp_loss":0.0,"gold_gain":0.0,"event_name":"Ghosts","player_choice":"Ignored","floor":21.0,"gold_loss":0.0,"damage_taken":0.0},{"damage_healed":0.0,"max_hp_gain":0.0,"max_hp_loss":0.0,"gold_gain":0.0,"event_name":"Masked Bandits","player_choice":"Fought Bandits","floor":22.0,"gold_loss":0.0,"damage_taken":0.0},{"damage_healed":0.0,"max_hp_gain":0.0,"max_hp_loss":0.0,"gold_gain":0.0,"event_name":"Vampires","player_choice":"Ignored","floor":25.0,"gold_loss":0.0,"damage_taken":0.0},{"cards_removed":["Strike_R"],"damage_healed":0,"gold_gain":0,"player_choice":"Offered Basic","damage_taken":0,"max_hp_gain":0,"max_hp_loss":0,"event_name":"Bonfire Elementals","floor":39,"gold_loss":0},{"damage_healed":0,"gold_gain":222,"player_choice":"Wore Mask","damage_taken":0,"max_hp_gain":0,"max_hp_loss":0,"event_name":"Tomb of Lord Red Mask","floor":46,"gold_loss":0}],"is_beta":false,"boss_relics":[{"not_picked":["Black Star","Tiny House"],"picked":"Sozu"},{"not_picked":["Calling Bell","Philosopher\u0027s Stone"],"picked":"Snecko Eye"}],"items_purged_floors":[36],"is_endless":false,"potions_floor_spawned":[6,8,14,16,23,27,29,33,35,38,41],"ascension_level":0}}