{"host":"jksa5rawk3m4gilz","time":1608662084,"event":{"mods":["BaseMod","Colored Map","Highlight Path","Minty Spire (QoL Compilation)","Quick Restart"],"gold_per_floor":[113,132,148,163,163,163,190,190,190,152,186,186,186,203,203,280,280,290,290,290],"floor_reached":19,"playtime":510,"items_purged":[],"score":416,"play_id":"e73595b3-f4d2-419b-ad28-bce9460aedf2","local_time":"20201222193444","is_ascension_mode":true,"campfire_choices":[{"data":"WreathOfFlame","floor":6,"key":"SMITH"},{"data":"Eruption","floor":8,"key":"SMITH"},{"floor":13,"key":"REST"},{"data":"BattleHymn","floor":15,"key":"SMITH"}],"circlet_count":0,"master_deck":["AscendersBane","Eruption+1","Vigilance","Tantrum","BowlingBash","WreathOfFlame+1","BattleHymn+1","LikeWater","Conclude","FearNoEvil","DevaForm","Judgement","CutThroughFate","Study","Fasting2","WaveOfTheHand","Judgement","Collect","ClearTheMind"],"relics":["PureWater","NeowsBlessing","Art of War","Torii","InkBottle","Dream Catcher","Pandora\u0027s Box"],"acts_visited":["Exordium","TheCity"],"potions_floor_usage":[7,19,19],"damage_taken":[{"damage":0,"enemies":"Cultist","floor":1,"turns":1},{"damage":0,"enemies":"Jaw Worm","floor":2,"turns":1},{"damage":0,"enemies":"Small Slimes","floor":3,"turns":1},{"damage":10,"enemies":"Exordium Wildlife","floor":4,"turns":4},{"damage":0,"enemies":"Gremlin Nob","floor":7,"turns":2},{"damage":11,"enemies":"3 Sentries","floor":11,"turns":4},{"damage":7,"enemies":"Looter","floor":14,"turns":3},{"damage":0,"enemies":"Slime Boss","floor":16,"turns":4},{"damage":0,"enemies":"Spheric Guardian","floor":18,"turns":1},{"damage":13,"enemies":"Chosen","floor":19,"turns":4}],"seed_played":"-5680781929050798715","potions_obtained":[{"floor":1,"key":"DuplicationPotion"},{"floor":4,"key":"LiquidMemories"},{"floor":16,"key":"PowerPotion"}],"is_trial":false,"path_per_floor":["M","M","M","M","?","R","E","R","T","$","E","?","R","M","R","B",null,"M","M"],"character_chosen":"WATCHER","items_purchased":["BattleHymn"],"campfire_rested":1,"item_purchase_floors":[10],"current_hp_per_floor":[65,65,65,55,52,52,52,52,52,52,41,34,55,48,48,48,66,66,53,53],"gold":290,"neow_bonus":"THREE_ENEMY_KILL","is_daily":false,"chose_seed":false,"campfire_upgraded":3,"win_rate":0.0,"timestamp":1608662084,"path_taken":["M","M","M","?","?","R","E","R","T","$","E","?","R","M","R","BOSS","M","M"],"items_purchased_type":["Card"],"build_version":"2020-12-13","purchased_purges":0,"victory":false,"max_hp_per_floor":[72,72,72,72,72,72,72,72,72,72,72,72,72,72,72,72,72,72,72,72],"card_choices":[{"not_picked":["WheelKick","LikeWater"],"picked":"Tantrum","floor":1},{"not_picked":["Worship","CarveReality"],"picked":"BowlingBash","floor":2},{"not_picked":["Prostrate","ReachHeaven"],"picked":"WreathOfFlame","floor":3},{"not_picked":["Study","Meditate","SashWhip"],"picked":"SKIP","floor":4},{"not_picked":["Brilliance","Consecrate","Collect"],"picked":"SKIP","floor":7},{"not_picked":["SignatureMove","Fasting2"],"picked":"LikeWater","floor":11},{"not_picked":["PathToVictory","Meditate"],"picked":"Conclude","floor":13},{"not_picked":["Protect","EmptyFist"],"picked":"FearNoEvil","floor":14},{"not_picked":["Judgement","Alpha"],"picked":"DevaForm","floor":16},{"not_picked":["Consecrate","Crescendo"],"picked":"ClearTheMind","floor":18}],"player_experience":2056988,"relics_obtained":[{"floor":7,"key":"Torii"},{"floor":9,"key":"InkBottle"},{"floor":11,"key":"Dream Catcher"}],"event_choices":[{"damage_healed":0,"gold_gain":0,"player_choice":"Success","damage_taken":3,"relics_obtained":["Art of War"],"max_hp_gain":0,"max_hp_loss":0,"event_name":"Scrap Ooze","floor":5,"gold_loss":0},{"cards_removed":["Strike_P"],"damage_healed":0,"gold_gain":0,"player_choice":"Card Removal","damage_taken":7,"max_hp_gain":0,"max_hp_loss":0,"event_name":"Golden Wing","floor":12,"gold_loss":0}],"is_beta":false,"boss_relics":[{"not_picked":["Busted Crown","Philosopher\u0027s Stone"],"picked":"Pandora\u0027s Box"}],"items_purged_floors":[],"is_endless":false,"potions_floor_spawned":[1,4,16,18],"killed_by":"Chosen","ascension_level":13}}