{"host":"k6v1xkuzrj71f4ss","time":1608620488,"event":{"mods":["Act Like it!","BaseMod","Bestiary","Better Altar","Better Third Choice","BetterRewards","Block Reminder","Colored Map","Colored Powertips","Curses Come First","Hubris","Minty Spire (QoL Compilation)","Quick Restart","Relic Stats","Remove Card Discount Mod","Spicy Shops","StSLib","óô»ðÖ¸ÄÏ"],"gold_per_floor":[116,4429,4429,4429,4444,4470,4484,4517,4540,4567,4594,4594,4629,4654,4654,4753,4753,4772,4772,4795,4811,4846,4874,4905,4931,4983,5309,5309,5337,5370,5403,5403,5506,5506,5519,5367,5416,5466,5018,5043,5069,5100,5100,5130,5140,5171,5197,5231,5231,5231],"floor_reached":51,"playtime":3378,"items_purged":["Strike_R","Strike_R","Defend_R","Defend_R","Strike_R","Regret","Strike_R","Defend_R","Strike_R"],"score":1719,"play_id":"cce506e9-7f9e-4b7d-9adf-0723bebb8b92","local_time":"20201222150128","daily_mods":["Green Cards","Heirloom","Flight","DeadlyEvents"],"is_ascension_mode":true,"campfire_choices":[{"data":"Blur","floor":15.0,"key":"SMITH"},{"floor":32,"key":"REST"},{"data":"Phantasmal Killer","floor":49,"key":"SMITH"}],"circlet_count":0,"master_deck":["Defend_R+1","Bash+1","Dagger Throw","Backstab+1","Glass Knife","Shrug It Off+1","Thunderclap","Anger","Terror","Hemokinesis","Blur+1","Exhume","Flex+1","RitualDagger","Bouncing Flask","Whirlwind+1","hubris:StunningStrike","Bloodletting","Phantasmal Killer+1","Backstab","Backstab+1"],"relics":["Black Blood","Turnip","Prayer Wheel","Question Card","Bag of Preparation","PreservedInsect","HornCleat","StrikeDummy","Centennial Puzzle","War Paint","hubris:VirtuousBlindfold","Regal Pillow","Shuriken","hubris:ChampionShield","Happy Flower","Singing Bowl","Red Skull","Old Coin","Blood Vial","hubris:TinFlute","Bag of Marbles","Oddly Smooth Stone","Orichalcum","hubris:BundleOfHerbs","hubris:Spice","Pen Nib","hubris:SlimyHat","hubris:Reverence","Toy Ornithopter","Meat on the Bone"],"acts_visited":["Exordium","TheCity","TheBeyond"],"potions_floor_usage":[33],"damage_taken":[{"damage":5.0,"enemies":"Small Slimes","floor":1.0,"turns":3.0},{"damage":0.0,"enemies":"Cultist","floor":5.0,"turns":1.0},{"damage":0.0,"enemies":"Gremlin Nob","floor":6.0,"turns":2.0},{"damage":12.0,"enemies":"Jaw Worm","floor":7.0,"turns":2.0},{"damage":20.0,"enemies":"3 Sentries","floor":8.0,"turns":5.0},{"damage":0.0,"enemies":"Lagavulin","floor":10.0,"turns":2.0},{"damage":2.0,"enemies":"3 Sentries","floor":11.0,"turns":3.0},{"damage":2.0,"enemies":"Gremlin Nob","floor":13.0,"turns":1.0},{"damage":15.0,"enemies":"3 Sentries","floor":14.0,"turns":3.0},{"damage":41.0,"enemies":"The Guardian","floor":16.0,"turns":8.0},{"damage":8.0,"enemies":"3 Byrds","floor":18.0,"turns":3.0},{"damage":0.0,"enemies":"Spheric Guardian","floor":21.0,"turns":1.0},{"damage":33.0,"enemies":"Slavers","floor":22.0,"turns":3.0},{"damage":10.0,"enemies":"Gremlin Leader","floor":23.0,"turns":3.0},{"damage":0.0,"enemies":"Slavers","floor":24.0,"turns":1.0},{"damage":0.0,"enemies":"Gremlin Leader","floor":25.0,"turns":1.0},{"damage":16.0,"enemies":"Slavers","floor":27.0,"turns":4.0},{"damage":9.0,"enemies":"Gremlin Leader","floor":29.0,"turns":2.0},{"damage":14.0,"enemies":"Slavers","floor":30.0,"turns":2.0},{"damage":0,"enemies":"Gremlin Leader","floor":31,"turns":2},{"damage":38,"enemies":"Collector","floor":33,"turns":4},{"damage":15,"enemies":"3 Darklings","floor":35,"turns":2},{"damage":0,"enemies":"2 Orb Walkers","floor":37,"turns":3},{"damage":27,"enemies":"Mind Bloom Boss Battle","floor":38,"turns":3},{"damage":0,"enemies":"Nemesis","floor":40,"turns":1},{"damage":2,"enemies":"Giant Head","floor":41,"turns":3},{"damage":0,"enemies":"Reptomancer","floor":42,"turns":1},{"damage":2,"enemies":"Giant Head","floor":44,"turns":1},{"damage":0,"enemies":"Orb Walker","floor":45,"turns":1},{"damage":2,"enemies":"Nemesis","floor":46,"turns":1},{"damage":0,"enemies":"Giant Head","floor":47,"turns":1},{"damage":0,"enemies":"Nemesis","floor":48,"turns":1},{"damage":20,"enemies":"Time Eater","floor":50,"turns":2}],"seed_played":"3631661347514037679","potions_obtained":[{"floor":1.0,"key":"AttackPotion"},{"floor":6.0,"key":"LiquidMemories"},{"floor":7.0,"key":"Block Potion"},{"floor":16.0,"key":"LiquidBronze"},{"floor":18.0,"key":"BloodPotion"},{"floor":25.0,"key":"Dexterity Potion"},{"floor":27.0,"key":"Dexterity Potion"},{"floor":31,"key":"HeartOfIron"},{"floor":40,"key":"AttackPotion"}],"is_trial":true,"path_per_floor":["M","$","?","?","M","E","M","E","T","E","E","?","E","E","R","B",null,"M","?","T","M","E","E","E","E","T","E","?","E","E","E","R","B",null,"M","$","?","?","$","E","E","E","T","E","M","E","E","E","R","B",null],"character_chosen":"IRONCLAD","items_purchased":["Dagger Throw","Backstab","Prayer Wheel","Question Card","Orichalcum","hubris:Spice","hubris:Spice"],"campfire_rested":1,"item_purchase_floors":[2,2,2,2,36,39,39],"current_hp_per_floor":[80,80,64,64,70,76,70,56,56,62,66,66,70,61,61,26,80,78,72,72,78,51,47,53,59,59,51,30,31,27,37,78,48,88,87,87,92,87,95,104,98,98,98,92,96,90,82,84,84,76],"gold":5231,"neow_bonus":"","is_daily":false,"chose_seed":false,"campfire_upgraded":2,"win_rate":0.0,"timestamp":1608620488,"path_taken":["M","$","?","?","?","E","M","E","T","E","E","?","E","E","R","BOSS","M","?","?","?","?","E","E","E","T","E","?","E","E","E","R","BOSS","M","$","?","?","?","E","E","E","T","E","?","E","E","?","R","BOSS"],"items_purchased_type":["Card","Card","Relic","Relic","Relic","Relic","Relic"],"build_version":"2020-12-13","purchased_purges":9,"victory":true,"max_hp_per_floor":[80,80,80,80,80,80,80,80,80,80,80,80,80,80,80,80,80,80,80,80,80,80,80,80,80,80,82,82,84,86,88,88,88,88,90,90,92,102,102,104,98,98,98,92,96,90,82,84,84,84],"relic_stats":{"Regal Pillow":15,"Happy Flower":[11],"Singing Bowl":28,"counters":[33,76],"Black Blood":173,"PreservedInsect":1024,"Pen Nib":[4],"Bag of Preparation":[60],"War Paint":["Shrug It Off","Defend_R"],"Orichalcum":[30],"Question Card":37,"Blood Vial":12,"Centennial Puzzle":[45],"Shuriken":[29],"Prayer Wheel":6,"Turnip":[1],"obtain_stats":[{"Regal Pillow":20,"Singing Bowl":25,"hubris:VirtuousBlindfold":17,"Black Blood":34,"Bag of Preparation":6,"hubris:SlimyHat":42,"Burning Blood":0,"Old Coin":27,"Blood Vial":28,"Centennial Puzzle":13,"HornCleat":10,"Prayer Wheel":2,"hubris:ChampionShield":23,"Red Skull":26,"hubris:TinFlute":29,"Happy Flower":24,"Oddly Smooth Stone":31,"PreservedInsect":9,"Pen Nib":40,"War Paint":14,"Orichalcum":36,"Question Card":2,"Shuriken":22,"hubris:Spice":38,"Turnip":0,"hubris:BundleOfHerbs":37,"Bag of Marbles":30,"StrikeDummy":12,"Toy Ornithopter":47,"hubris:Reverence":43,"Meat on the Bone":48},{"Regal Pillow":11,"Singing Bowl":16,"hubris:VirtuousBlindfold":10,"Black Blood":21,"Bag of Preparation":3,"hubris:SlimyHat":27,"Burning Blood":0,"Old Coin":17,"Blood Vial":17,"Centennial Puzzle":8,"HornCleat":6,"Prayer Wheel":1,"hubris:ChampionShield":14,"Red Skull":16,"hubris:TinFlute":18,"Happy Flower":15,"Oddly Smooth Stone":20,"PreservedInsect":5,"Pen Nib":25,"War Paint":9,"Orichalcum":22,"Question Card":1,"Shuriken":13,"hubris:Spice":24,"Turnip":0,"hubris:BundleOfHerbs":23,"Bag of Marbles":19,"StrikeDummy":7,"Toy Ornithopter":31,"hubris:Reverence":27,"Meat on the Bone":32},{"Regal Pillow":33,"Singing Bowl":42,"hubris:VirtuousBlindfold":30,"Black Blood":56,"Bag of Preparation":6,"hubris:SlimyHat":69,"Burning Blood":0,"Old Coin":46,"Blood Vial":46,"Centennial Puzzle":19,"HornCleat":15,"Prayer Wheel":3,"hubris:ChampionShield":40,"Red Skull":42,"hubris:TinFlute":48,"Happy Flower":41,"Oddly Smooth Stone":52,"PreservedInsect":13,"Pen Nib":65,"War Paint":22,"Orichalcum":58,"Question Card":3,"Shuriken":37,"hubris:Spice":64,"Turnip":0,"hubris:BundleOfHerbs":61,"Bag of Marbles":50,"StrikeDummy":18,"Toy Ornithopter":73,"hubris:Reverence":69,"Meat on the Bone":74}],"Toy Ornithopter":0,"Meat on the Bone":0},"card_choices":[{"not_picked":["Evolve","Acrobatics","Flame Barrier"],"picked":"SKIP","floor":1.0},{"not_picked":["Deflect","Havoc","Calculated Gamble"],"picked":"Shrug It Off","floor":5.0},{"not_picked":["Fire Breathing","Evolve","Pommel Strike","Headbutt"],"picked":"SKIP","floor":5.0},{"not_picked":["Tactician","Body Slam","Sentinel"],"picked":"Thunderclap","floor":6.0},{"not_picked":["hubris:ReadiedAction","Flying Knee","Slice"],"picked":"Anger","floor":7.0},{"not_picked":["Endless Agony","Warcry","Backflip","Pommel Strike"],"picked":"SKIP","floor":7.0},{"not_picked":["hubris:SlightOfHand","Flame Barrier","hubris:SharpeningStone"],"picked":"Terror","floor":8.0},{"not_picked":["Offering","Distraction","Brutality","Choke"],"picked":"SKIP","floor":10.0},{"not_picked":["Choke","Clothesline","Flying Knee"],"picked":"Hemokinesis","floor":11.0},{"not_picked":["hubris:Sniper","hubris:SlightOfHand","Thunderclap","Sucker Punch"],"picked":"SKIP","floor":13.0},{"not_picked":["Deadly Poison","Havoc","Bloodletting"],"picked":"Blur","floor":14.0},{"not_picked":["Barricade","Tools of the Trade","Unload"],"picked":"Exhume","floor":16.0},{"not_picked":["Burning Pact","Endless Agony","Ghostly Armor"],"picked":"Flex+1","floor":18.0},{"not_picked":["Accuracy+1","Clash","Clothesline+1","Dodge and Roll"],"picked":"SKIP","floor":18.0},{"not_picked":["Shrug It Off","Dagger Throw","Cleave"],"picked":"Bouncing Flask","floor":21.0},{"not_picked":["Wild Strike","Prepared","Dagger Spray","Predator"],"picked":"SKIP","floor":21.0},{"not_picked":["Bane+1","True Grit+1","Wild Strike","Dagger Throw"],"picked":"SKIP","floor":22.0},{"not_picked":["Perfected Strike","hubris:SlightOfHand","Escape Plan"],"picked":"Whirlwind+1","floor":23.0},{"not_picked":["Blade Dance","Combust+1","hubris:SlightOfHand"],"picked":"hubris:StunningStrike","floor":24.0},{"not_picked":["Bane+1","hubris:SlightOfHand","Crippling Poison"],"picked":"Bloodletting","floor":25.0},{"not_picked":["Slice","hubris:Sniper","Pommel Strike","Infinite Blades"],"picked":"Singing Bowl","floor":27.0},{"not_picked":["Hemokinesis","Skewer+1","Deflect","Dagger Spray+1"],"picked":"Singing Bowl","floor":29.0},{"not_picked":["Brutality","Accuracy","Hemokinesis","Calculated Gamble"],"picked":"Singing Bowl","floor":30.0},{"not_picked":["Battle Trance","Clothesline","Flex","Pommel Strike"],"picked":"Singing Bowl","floor":31},{"not_picked":["Storm of Steel","Grand Finale","Immolate"],"picked":"Phantasmal Killer","floor":33},{"not_picked":["Twin Strike","hubris:ReadiedAction","Body Slam+1"],"picked":"Backstab","floor":35},{"not_picked":["Perfected Strike","hubris:TrickCloak","Twin Strike+1","Entrench"],"picked":"Singing Bowl","floor":35},{"not_picked":["PiercingWail+1","Bludgeon","Pommel Strike+1","Hemokinesis"],"picked":"Singing Bowl","floor":37},{"not_picked":["Battle Trance+1","Spot Weakness","Carnage","Seeing Red"],"picked":"Singing Bowl","floor":38},{"not_picked":["Glass Knife","Bloodletting+1","True Grit","Havoc+1"],"picked":"Singing Bowl","floor":40},{"not_picked":["Slice","Distraction","Prepared","Catalyst"],"picked":"Singing Bowl","floor":41},{"not_picked":["Dagger Throw","True Grit+1","Dodge and Roll"],"picked":"Backstab+1","floor":42},{"not_picked":["Terror+1","Glass Knife","Anger+1","Flying Knee+1"],"picked":"Singing Bowl","floor":44},{"not_picked":["Dodge and Roll","Flechettes","Slice+1","Sword Boomerang"],"picked":"Singing Bowl","floor":45},{"not_picked":["Deflect+1","Blur","Cleave","hubris:SpiceAddiction"],"picked":"Singing Bowl","floor":45},{"not_picked":["Acrobatics+1","Flame Barrier","hubris:SpiceAddiction","Pommel Strike"],"picked":"Singing Bowl","floor":46},{"not_picked":["Flying Knee+1","Dagger Spray+1","Berserk"],"picked":"hubris:SpiceAddiction","floor":47},{"not_picked":["hubris:SpiceAddiction","Sword Boomerang+1","Terror","Flechettes"],"picked":"Singing Bowl","floor":48}],"player_experience":189571,"relics_obtained":[{"floor":6.0,"key":"Bag of Preparation"},{"floor":9.0,"key":"PreservedInsect"},{"floor":10.0,"key":"HornCleat"},{"floor":13.0,"key":"Centennial Puzzle"},{"floor":14.0,"key":"War Paint"},{"floor":20.0,"key":"Regal Pillow"},{"floor":22.0,"key":"Shuriken"},{"floor":23.0,"key":"hubris:ChampionShield"},{"floor":24.0,"key":"Happy Flower"},{"floor":25.0,"key":"Singing Bowl"},{"floor":26.0,"key":"Red Skull"},{"floor":27.0,"key":"Old Coin"},{"floor":29.0,"key":"hubris:TinFlute"},{"floor":30.0,"key":"Bag of Marbles"},{"floor":31,"key":"Oddly Smooth Stone"},{"floor":37,"key":"hubris:BundleOfHerbs"},{"floor":38,"key":"hubris:Spice"},{"floor":40,"key":"Pen Nib"},{"floor":41,"key":"hubris:Spice"},{"floor":42,"key":"hubris:SlimyHat"},{"floor":43,"key":"hubris:Reverence"},{"floor":44,"key":"hubris:Spice"},{"floor":46,"key":"hubris:Spice"},{"floor":47,"key":"Toy Ornithopter"},{"floor":48,"key":"Meat on the Bone"}],"event_choices":[{"damage_healed":80.0,"max_hp_gain":0.0,"max_hp_loss":80.0,"gold_gain":0.0,"event_name":"betterThird:BetterShining","player_choice":"Upgrade","floor":3.0,"gold_loss":0.0,"damage_taken":16.0,"cards_upgraded":["Bash","Backstab"]},{"damage_healed":0.0,"max_hp_gain":0.0,"max_hp_loss":0.0,"gold_gain":0.0,"event_name":"Match and Keep!","player_choice":"1 cards matched","floor":4.0,"gold_loss":0.0,"damage_taken":0.0,"cards_obtained":["Glass Knife"]},{"damage_healed":0.0,"max_hp_gain":0.0,"max_hp_loss":0.0,"gold_gain":0.0,"event_name":"Match and Keep!","player_choice":"1 cards matched","floor":4.0,"gold_loss":0.0,"damage_taken":0.0,"cards_obtained":["Glass Knife"]},{"damage_healed":0.0,"max_hp_gain":0.0,"max_hp_loss":0.0,"gold_gain":0.0,"event_name":"Big Fish","player_choice":"Box","floor":12.0,"gold_loss":0.0,"damage_taken":0.0,"relics_obtained":["StrikeDummy"],"cards_obtained":["Regret"]},{"damage_healed":0.0,"max_hp_gain":0.0,"max_hp_loss":0.0,"gold_gain":0.0,"event_name":"betterThird:BetterNest","player_choice":"Dagger","floor":19.0,"gold_loss":0.0,"damage_taken":6.0,"cards_obtained":["RitualDagger"]},{"damage_healed":0.0,"max_hp_gain":51.0,"max_hp_loss":30.0,"gold_gain":0.0,"event_name":"betterAltar:BetterAltar","player_choice":" Vial ","floor":28.0,"potions_obtained":[],"relics_lost":[],"gold_loss":0.0,"damage_taken":21.0,"relics_obtained":["Blood Vial"]},{"damage_healed":0,"gold_gain":0,"player_choice":"Fight","damage_taken":0,"max_hp_gain":0,"max_hp_loss":0,"event_name":"Mysterious Sphere","floor":37,"gold_loss":0},{"damage_healed":0,"gold_gain":0,"player_choice":"Fight","damage_taken":0,"max_hp_gain":0,"max_hp_loss":0,"event_name":"MindBloom","floor":38,"gold_loss":0}],"is_beta":false,"boss_relics":[{"not_picked":["Astrolabe","hubris:HollowSoul"],"picked":"hubris:VirtuousBlindfold"},{"not_picked":["Calling Bell","SacredBark"],"picked":"Black Blood"}],"items_purged_floors":[2,2,2,2,2,36,36,36,36],"is_endless":false,"potions_floor_spawned":[1,6,7,8,16,18,21,25,27,31,40,41,42,44,45,47,48],"ascension_level":4}}