{"host":"wkk5enod093i5auu","time":1608614585,"event":{"mods":["Act Like it!","BaseMod","Decade(王小明)","Gensokyo","Koishi","Marisa（F雨　魔理沙）","Minty Spire (QoL Compilation)","Remilia（蕾米莉亚）","Replay The Spire","Spicy Shops","StSLib","The Animator","The Hierophant","The Servant 0.9.4","Youmu（魂魄妖梦）","Yuyuko","【东方二次创作】八云紫mod"],"gold_per_floor":[119,119,19,19,34,34,67,92,92,92,102,102,434,449,449,552,552,564,814,848,120,120,120],"floor_reached":22,"playtime":858,"items_purged":[],"score":390,"play_id":"0776d1f1-d6b9-4d2b-87ae-68f324474358","local_time":"20201222132305","daily_mods":["Specialized","Vintage","Heirloom","Time Dilation","DeadlyEvents","Elite Swarm"],"is_ascension_mode":true,"campfire_choices":[{"data":"WheelOfPainOfLivingAndDead","floor":6,"key":"SMITH"},{"floor":10,"key":"REST"},{"data":"CherryBlossomSword","floor":15,"key":"SMITH"}],"circlet_count":0,"master_deck":["Strike_YM","Strike_YM","Strike_YM","Strike_YM","Defend_YM","Defend_YM","Defend_YM","Defend_YM","SlashOfPresentWorld","WheelOfPainOfLivingAndDead+1","ThoughtCuttingSword+1","ThoughtCuttingSword+1","ThoughtCuttingSword+1","ThoughtCuttingSword+1","ThoughtCuttingSword+1","CherryBlossomSword+1","ConstancyOfTheConventionalTruth","SuddenDivineSeveringOfKarmicWind","HeavenSword","VoidnessSword","Gensokyo:RustyChest","Gensokyo:Taser","Gensokyo:LifeforceConverter","Secret Technique","Enlightenment","Jack Of All Trades"],"relics":["HalfPhantom","Calipers","Potion Belt","Mango","Replay:Bottled Eggs","Shuriken","Ginger","Lantern","Toy Ornithopter","Old Coin","Gambling Chip","Fusion Hammer","Meat on the Bone","Orichalcum","HandDrill","ReplayTheSpireMod:ShopPack","Sling","OrangePellets"],"acts_visited":["Gensokyo:Gensokyo","Gensokyo:Gensokyoer"],"potions_floor_usage":[7],"damage_taken":[{"damage":0.0,"enemies":"Gensokyo:3_Fairies","floor":1.0,"turns":2.0},{"damage":0.0,"enemies":"Gensokyo:Python","floor":5.0,"turns":2.0},{"damage":19,"enemies":"Gensokyo:Cirno","floor":7,"turns":6},{"damage":0,"enemies":"Gensokyo:2_Kodama","floor":11,"turns":3},{"damage":0,"enemies":"Gensokyo:Mamizou","floor":13,"turns":6},{"damage":7,"enemies":"Gensokyo:Kitsune","floor":14,"turns":2},{"damage":6,"enemies":"Gensokyo:Yukari","floor":16,"turns":5},{"damage":20,"enemies":"Gensokyo:Chomper","floor":18,"turns":3},{"damage":21,"enemies":"Gensokyo:Koishi","floor":20,"turns":3},{"damage":48,"enemies":"Gensokyo:Tenshi","floor":22,"turns":2}],"seed_played":"-6121538858551642935","potions_obtained":[{"floor":5,"key":"Block Potion"},{"floor":11,"key":"Doom Potion"},{"floor":13,"key":"CausticAgent"}],"is_trial":true,"path_per_floor":["M","?","?","$","M","R","E","?","T","R","M","$","E","M","R","B",null,"M","?","E","COS","E"],"character_chosen":"YOUMU","items_purchased":[],"campfire_rested":1,"item_purchase_floors":[],"current_hp_per_floor":[75,68,68,68,68,68,49,49,49,75,75,75,75,68,68,62,89,69,69,48,48,0,0],"gold":120,"neow_bonus":"","is_daily":false,"chose_seed":false,"campfire_upgraded":2,"win_rate":0.0,"timestamp":1608614585,"path_taken":["M","?","?","$","M","R","E","?","T","R","?","?","E","M","R","BOSS","M","?","?","COS","?"],"items_purchased_type":[],"build_version":"2020-12-13","purchased_purges":0,"victory":false,"max_hp_per_floor":[75,89,89,89,89,89,89,89,89,89,89,89,89,89,89,89,89,89,89,89,89,89,89],"card_choices":[{"not_picked":["FastingOfTheYoungPreta","ASingleThoughtAndInfiniteKalpas"],"picked":"CherryBlossomSword","floor":7},{"not_picked":["FlashingScatteredFlowers","SwordOfBindingDesires"],"picked":"ConstancyOfTheConventionalTruth","floor":8},{"not_picked":["FastingOfTheYoungPreta","ASingleThoughtAndInfiniteKalpas"],"picked":"SuddenDivineSeveringOfKarmicWind","floor":13},{"not_picked":["FastingOfTheYoungPreta","SuddenDivineSeveringOfKarmicWind"],"picked":"HeavenSword","floor":16},{"not_picked":["AsuraSword","DeadlyForm"],"picked":"VoidnessSword","floor":20},{"not_picked":["Magnetism","HandOfGreed"],"picked":"Secret Technique","floor":21},{"not_picked":["Transmutation","Purity"],"picked":"Enlightenment","floor":21},{"not_picked":["Secret Technique","ReplayUltimateDefense"],"picked":"Jack Of All Trades","floor":21}],"player_experience":125838,"relics_obtained":[{"floor":1.0,"key":"Potion Belt"},{"floor":5,"key":"Omamori"},{"floor":7,"key":"Shuriken"},{"floor":8,"key":"Ginger"},{"floor":9,"key":"Lantern"},{"floor":11,"key":"Toy Ornithopter"},{"floor":13,"key":"Old Coin"},{"floor":14,"key":"Gambling Chip"},{"floor":18,"key":"Meat on the Bone"},{"floor":20,"key":"Orichalcum"}],"event_choices":[],"is_beta":false,"boss_relics":[{"not_picked":["Ectoplasm","SlaversCollar"],"picked":"Fusion Hammer"}],"items_purged_floors":[],"is_endless":true,"potions_floor_spawned":[5,11,13],"killed_by":"Gensokyo:Tenshi","ascension_level":2}}