{"host":"qljq6nt1bltq73k9","time":1608610329,"event":{"mods":["BaseMod","Colored Map","Colored Powertips","Downfall","Lobotomy","Minty Spire (QoL Compilation)","Quick Restart","Replay The Spire","StSLib"],"gold_per_floor":[99999,98777,98777,98794,97639,97651,97651,96804,96804,96821,96821,96821,96837,96871,96871,96991,96991,97009,97032,95872,95899,95923,95958,95958,95999,96024,95087,95131,95131,95131,95154,95154,95279,95279,95302,95327,94514,94514,94514,94548,94621,94621,94645,93841,93860,93885,93885,93923,0,0,0,0,0],"floor_reached":54,"playtime":3714,"items_purged":["Defend_R","Strike_R","Defend_R","Defend_R","Defend_R","Strike_R","Strike_R"],"score":923,"play_id":"54d9b75b-5c52-4c9e-9233-877ea2c3b0cd","local_time":"20201222121209","is_ascension_mode":false,"campfire_choices":[{"data":"sneckomod:WideSting","floor":7.0,"key":"SMITH"},{"data":"Apotheosis","floor":24.0,"key":"SMITH"},{"data":"Rupture","floor":29.0,"key":"SMITH"},{"data":"Regret_ego","floor":32.0,"key":"SMITH"},{"data":"Mayhem","floor":47.0,"key":"SMITH"}],"circlet_count":0,"master_deck":["Strike_R","Bash","OSAHOGD","Heavy Blade","Brutality","Thinking Ahead","Cleave","WallGazer","ParadiseLost","Metallicize","Panache+1","Fiend Fire+1","Replay:SS_forest_5","sneckomod:WideSting+1","Apotheosis+1","Metallicize","VoidDream","Slimebound:SplitAcid","Regret_ego+1","Fission","Guardian:AncientConstruct","LongBird","hexamod:FlamesFromBeyond","Panache+1","Rupture+1","Scarecrow","CENSORED_ego","SnowQueen","Cleave","Inflame","Havoc+1","GreenStem+1","Feel No Pain","Ecstasy","BlackArmy","sneckomod:SerpentMind","Pummel+1","RedShoes","Metallicize","ReplayTheSpireMod:Necrogeddon","ReplayTheSpireMod:Necrogeddon","Consecrate+1","expansioncontent:Chronoboost+1","BodiesMountain","Mayhem+1","expansioncontent:DefensiveStance","Combust","Heavy Blade+1","BlackSwan","Replay:Undeath\u0027s Touch"],"relics":["Burning Blood","CogitoBucket","RabbitCall","Art of War","White Beast Statue","PrismaticShard","Counterbalance","Pet Ghost","Lee\u0027s Waffle","Tiny Chest","Chemical X","King of Hearts","Eternal Feather","Omamori","Ring of Misfortune","Ring of Panic","Kunai","Golden Idol","Replay:Bronze Core","SkinProphecy","Letter Opener","Garlic","Guide Book","Pen Nib","ReplayTheSpireMod:Lightbulb","ReplayFunnel","Blue Doll","Iron Hammer","Singing Bowl","ClockworkSouvenir","Dream Catcher","BehaviorAdjustment","Coffee Dripper","Juzu Bracelet","ReplayTheSpireMod:TigerMarble","Orrery","MealTicket","Pear","Strawberry","CeramicFish","Strange Spoon","Bottled Flame","AdjustmentMirror","AtMidnight","Red Mask"],"acts_visited":["Exordium","TheCity","TheBeyond"],"potions_floor_usage":[54,54,54],"damage_taken":[{"damage":7.0,"enemies":"2 Louse","floor":1.0,"turns":3.0},{"damage":19.0,"enemies":"Small Slimes","floor":4.0,"turns":3.0},{"damage":3.0,"enemies":"Cultist","floor":6.0,"turns":3.0},{"damage":11.0,"enemies":"Lots of Slimes","floor":10.0,"turns":2.0},{"damage":0.0,"enemies":"2 Fungi Beasts","floor":13.0,"turns":2.0},{"damage":22.0,"enemies":"Gremlin Nob","floor":14.0,"turns":4.0},{"damage":39.0,"enemies":"Hexaghost","floor":16.0,"turns":10.0},{"damage":17.0,"enemies":"Chosen","floor":18.0,"turns":6.0},{"damage":0.0,"enemies":"Spheric Guardian","floor":19.0,"turns":3.0},{"damage":12.0,"enemies":"Centurion and Healer","floor":22.0,"turns":5.0},{"damage":7.0,"enemies":"Slavers","floor":23.0,"turns":4.0},{"damage":4.0,"enemies":"Replay:Snechameleon","floor":25.0,"turns":3.0},{"damage":4.0,"enemies":"Book of Stabbing","floor":28.0,"turns":4.0},{"damage":15.0,"enemies":"Snake Plant","floor":31.0,"turns":5.0},{"damage":10.0,"enemies":"Champ","floor":33.0,"turns":6.0},{"damage":2.0,"enemies":"3 Shapes","floor":35.0,"turns":2.0},{"damage":2.0,"enemies":"Orb Walker","floor":36.0,"turns":2.0},{"damage":5.0,"enemies":"Giant Head","floor":40.0,"turns":4.0},{"damage":8.0,"enemies":"Maw","floor":45.0,"turns":6.0},{"damage":0.0,"enemies":"Writhing Mass","floor":46.0,"turns":3.0},{"damage":4.0,"enemies":"4 Shapes","floor":48.0,"turns":2.0},{"damage":85.0,"enemies":"Replay:Hell Engine","floor":50.0,"turns":8.0},{"damage":36.0,"enemies":"Malkuth","floor":52.0,"turns":5.0},{"damage":45.0,"enemies":"Yesod","floor":52.0,"turns":5.0},{"damage":48.0,"enemies":"Chesed","floor":52.0,"turns":5.0},{"damage":39.0,"enemies":"Hokma","floor":52.0,"turns":6.0},{"damage":48,"enemies":"Angela","floor":54,"turns":6}],"seed_played":"-4169671084744728830","potions_obtained":[{"floor":16.0,"key":"champ:CounterPotion"},{"floor":19.0,"key":"Venom Potion"},{"floor":22.0,"key":"hexamod:EctoCoolerPotion"}],"is_trial":false,"path_per_floor":["M","$","?","M","$","M","R","$","T","M","?","?","M","E","R_BF","B",null,"M","M","$","T","M","E","R","E","T","$","E","R","?","M","R","B",null,"M","M","$","?","?","E","T","?","T","$","M","M","R","M","R_BF","B",null,null,null,null,null],"character_chosen":"IRONCLAD","items_purchased":["Art of War","White Beast Statue","Brutality","Thinking Ahead","PrismaticShard","hexamod:EctoCoolerPotion","Fire Potion","Ancient Potion","Cleave","Counterbalance","Pet Ghost","Metallicize","Panache","Fiend Fire+1","Replay:SS_forest_5","Lee\u0027s Waffle","Tiny Chest","Chemical X","King of Hearts","Apotheosis","Metallicize","Panache","Rupture","Letter Opener","Garlic","Fiend Fire+1","Guide Book","Iron Hammer","Singing Bowl","ClockworkSouvenir","Inflame","Havoc+1","Juzu Bracelet","ReplayTheSpireMod:TigerMarble","Metallicize","ReplayTheSpireMod:Necrogeddon","Orrery","CeramicFish","Strange Spoon","Combust","Heavy Blade+1","Bottled Flame"],"campfire_rested":0,"item_purchase_floors":[2,2,2,2,2,2,2,2,2,5,5,5,5,5,5,5,8,8,8,8,8,20,20,20,20,20,20,27,27,27,27,27,37,37,37,37,37,44,44,44,44,44],"current_hp_per_floor":[79,79,79,66,87,87,87,87,87,82,79,79,85,69,60,31,87,76,78,78,78,72,87,93,95,95,95,97,97,97,101,101,103,103,105,109,115,115,115,119,129,121,128,138,144,148,148,150,150,103,103,148,148],"gold":0,"neow_bonus":"","is_daily":false,"chose_seed":false,"campfire_upgraded":5,"win_rate":0.0,"timestamp":1608610329,"path_taken":["M","$","?","M","$","M","R","$","T","M","?","?","M","E","R_BF","BOSS","M","?","$","?","M","E","R","E","T","$","E","R","?","M","R","BOSS","M","M","$","?","?","E","?","?","T","$","M","M","R","M","R_BF","BOSS"],"items_purchased_type":["Relic","Relic","Card","Card","Relic","Potion","Potion","Potion","Card","Relic","Relic","Card","Card","Card","Card","Relic","Relic","Relic","Relic","Card","Card","Card","Card","Relic","Relic","Card","Relic","Relic","Relic","Relic","Card","Card","Relic","Relic","Card","Card","Relic","Relic","Relic","Card","Card","Relic"],"build_version":"2020-12-13","purchased_purges":7,"victory":true,"max_hp_per_floor":[80,80,80,80,87,87,87,87,87,87,87,87,87,87,87,87,87,87,89,89,89,91,93,93,95,95,95,97,97,97,101,101,103,103,105,109,115,115,115,119,129,131,138,138,144,148,148,150,150,154,154,162,162],"card_choices":[{"not_picked":["MeatLantern","DespairKnight"],"picked":"OSAHOGD","floor":1.0},{"not_picked":["Havoc","Shockwave"],"picked":"Heavy Blade","floor":1.0},{"not_picked":["CherryBlossoms","BigBadWolf","LaLuna"],"picked":"Singing Bowl","floor":4.0},{"not_picked":["PunishingBird","SpiderBud"],"picked":"WallGazer","floor":4.0},{"not_picked":["Guardian:Suspension","hexamod:InspiringFlames"],"picked":"ParadiseLost","floor":4.0},{"not_picked":["BeautyBeast","OldLady","CherryBlossoms"],"picked":"Singing Bowl","floor":6.0},{"not_picked":["sneckomod:UnknownClassPURPLE","Crow Ritual"],"picked":"sneckomod:WideSting","floor":6.0},{"not_picked":["Alriune","Bloodbath"],"picked":"VoidDream","floor":10.0},{"not_picked":["expansioncontent:DecasProtection","hexamod:StepThrough"],"picked":"Slimebound:SplitAcid","floor":10.0},{"not_picked":["Bloodbath","Murderer","Scorched"],"picked":"Singing Bowl","floor":13.0},{"not_picked":["Slimebound:SplitAcid","Hidden Blade"],"picked":"Regret_ego","floor":13.0},{"not_picked":["DespairKnight","LittlePrince","SilentOrchestra"],"picked":"Singing Bowl","floor":14.0},{"not_picked":["Second Wind","Ball Lightning"],"picked":"Fission","floor":14.0},{"not_picked":["UniverseFragment","BigBird","ShyLook"],"picked":"Singing Bowl","floor":16.0},{"not_picked":["hexamod:GhostflameInferno","Slimebound:MassFeed"],"picked":"Guardian:AncientConstruct","floor":16.0},{"not_picked":["PunishingBird","BeautyBeast","BlackSwan"],"picked":"Singing Bowl","floor":18.0},{"not_picked":["champ:Riposte","Guardian:Gem_Lightblue","FlyingSleeves"],"picked":"SKIP","floor":18.0},{"not_picked":["ShyLook","MeatLantern"],"picked":"LongBird","floor":19.0},{"not_picked":["champ:StanceDance+1","sneckomod:DiceCrush"],"picked":"hexamod:FlamesFromBeyond","floor":19.0},{"not_picked":["WhitesApple","MHz"],"picked":"Scarecrow","floor":22.0},{"not_picked":["Wild Strike","Horn+1"],"picked":"CENSORED_ego","floor":22.0},{"not_picked":["QueenBee","Wellcheers","LittlePrince"],"picked":"Singing Bowl","floor":23.0},{"not_picked":["FeatherOfHonor","EmptyFist","Wingbeat"],"picked":"SKIP","floor":23.0},{"not_picked":["MeatLantern","OldLady"],"picked":"SnowQueen","floor":25.0},{"not_picked":["sneckomod:UnknownWeak+1","sneckomod:UnknownBlock+1"],"picked":"Cleave","floor":25.0},{"not_picked":["NakedNest","GreedKing","BigBird"],"picked":"Singing Bowl","floor":28.0},{"not_picked":["Dagger Spray","WristCuter"],"picked":"GreenStem+1","floor":28.0},{"not_picked":["Woodsman","Wellcheers","WhitesApple"],"picked":"Singing Bowl","floor":31.0},{"not_picked":["Madness","champ:BerserkerStyle+1"],"picked":"Ecstasy","floor":31.0},{"not_picked":["GreedKing","BlackSwan","CherryBlossoms"],"picked":"Singing Bowl","floor":33.0},{"not_picked":["HappyTeddy","Funeral"],"picked":"BlackArmy","floor":33.0},{"not_picked":["ReplayTheSpireMod:Fabricate Wheel","Wraith Form v2"],"picked":"sneckomod:SerpentMind","floor":33.0},{"not_picked":["BigBadWolf","Woodsman","WhiteNight"],"picked":"Singing Bowl","floor":35.0},{"not_picked":["TodaysExpression","Coolheaded"],"picked":"Pummel+1","floor":35.0},{"not_picked":["DespairKnight","NakedNest","Alriune"],"picked":"Singing Bowl","floor":36.0},{"not_picked":["FairyFestival","LittleHelper"],"picked":"RedShoes","floor":36.0},{"not_picked":["ClearTheMind+1","Slimebound:RollThrough","hexamod:ApocalypseNow"],"picked":"Singing Bowl","floor":36.0},{"not_picked":["Harvest+1","expansioncontent:HyperBeam","Bane+1"],"picked":"Singing Bowl","floor":37.0},{"not_picked":["hexamod:GhostflameBarrier+1","champ:SteelEdge"],"picked":"Consecrate+1","floor":37.0},{"not_picked":["champ:FlashCut","Guardian:Incinerate","champ:Haymaker+1"],"picked":"Singing Bowl","floor":37.0},{"not_picked":["Guardian:ChargeCore","expansioncontent:DefensiveStance","Dash+1"],"picked":"Singing Bowl","floor":37.0},{"not_picked":["SandsOfTime","Lantern+1"],"picked":"expansioncontent:Chronoboost+1","floor":37.0},{"not_picked":["NakedNest","Woodsman"],"picked":"BodiesMountain","floor":40.0},{"not_picked":["ReplayTheSpireMod:Stacked+1","ReplayTheSpireMod:Private Reserves","FrostShard"],"picked":"Singing Bowl","floor":40.0},{"not_picked":["expansioncontent:Chronoboost","Madness"],"picked":"Mayhem","floor":42.0},{"not_picked":["Replay:SS_hec_4","Replay:SS_fish_1","Bandage Up"],"picked":"Singing Bowl","floor":42.0},{"not_picked":["expansioncontent:FaceSlap","expansioncontent:Sear"],"picked":"expansioncontent:DefensiveStance","floor":42.0},{"not_picked":["QueenOfHatred","Laetitia","BigBadWolf"],"picked":"Singing Bowl","floor":45.0},{"not_picked":["FourthMatchFlame","Replay:SS_fish_2","Turbo+1"],"picked":"Singing Bowl","floor":45.0},{"not_picked":["BlueStar","Alriune","Laetitia"],"picked":"Singing Bowl","floor":46.0},{"not_picked":["hexamod:RainOfEmbers","Slimebound:ForwardTackle","PiercingWail"],"picked":"Singing Bowl","floor":46.0},{"not_picked":["DreamingCurrent","QueenOfHatred","LittleHelper"],"picked":"Singing Bowl","floor":48.0},{"not_picked":["BlueStar","ShyLook"],"picked":"BlackSwan","floor":48.0},{"not_picked":["Riddle With Holes+1","CutThroughFate"],"picked":"Replay:Undeath\u0027s Touch","floor":48.0}],"player_experience":399430,"relics_obtained":[{"floor":9.0,"key":"Eternal Feather"},{"floor":12.0,"key":"Ring of Misfortune"},{"floor":12.0,"key":"Ring of Panic"},{"floor":14.0,"key":"Kunai"},{"floor":21.0,"key":"Pen Nib"},{"floor":23.0,"key":"ReplayTheSpireMod:Lightbulb"},{"floor":25.0,"key":"ReplayFunnel"},{"floor":26.0,"key":"Blue Doll"},{"floor":28.0,"key":"Dream Catcher"},{"floor":40.0,"key":"MealTicket"},{"floor":41.0,"key":"Pear"},{"floor":43.0,"key":"Strawberry"},{"floor":45.0,"key":"AtMidnight"}],"event_choices":[{"damage_healed":0.0,"max_hp_gain":0.0,"max_hp_loss":0.0,"gold_gain":0.0,"event_name":"Scrap Ooze","player_choice":"Success","floor":11.0,"gold_loss":0.0,"damage_taken":3.0,"relics_obtained":["Omamori"]},{"damage_healed":0.0,"max_hp_gain":0.0,"max_hp_loss":0.0,"gold_gain":0.0,"event_name":"Golden Idol","player_choice":"Take Damage","floor":15.0,"gold_loss":0.0,"damage_taken":21.0,"relics_obtained":["Golden Idol"]},{"damage_healed":0.0,"max_hp_gain":0.0,"max_hp_loss":0.0,"gold_gain":0.0,"event_name":"The Library","player_choice":"Read","floor":30.0,"gold_loss":0.0,"damage_taken":0.0,"cards_obtained":["Feel No Pain"]},{"damage_healed":0.0,"max_hp_gain":0.0,"max_hp_loss":0.0,"gold_gain":0.0,"event_name":"The Moai Head","player_choice":"Ignored","floor":38.0,"gold_loss":0.0,"damage_taken":0.0},{"cards_removed":["Fiend Fire"],"damage_healed":0.0,"max_hp_gain":0.0,"max_hp_loss":0.0,"gold_gain":0.0,"event_name":"Falling","player_choice":"Removed Attack","floor":39.0,"gold_loss":0.0,"damage_taken":0.0},{"damage_healed":0.0,"max_hp_gain":0.0,"max_hp_loss":0.0,"gold_gain":0.0,"event_name":"SensoryStone","player_choice":"Memory 3","floor":42.0,"gold_loss":0.0,"damage_taken":10.0},{"damage_healed":0.0,"max_hp_gain":0.0,"max_hp_loss":0.0,"gold_gain":0.0,"event_name":"Tomb of Lord Red Mask","player_choice":"Paid","floor":49.0,"gold_loss":93923.0,"damage_taken":0.0,"relics_obtained":["Red Mask"]}],"is_beta":false,"boss_relics":[{"not_picked":["SacredBark","Velvet Choker"],"picked":"Replay:Bronze Core"},{"not_picked":["Replay:Grab Bag","Calling Bell"],"picked":"Coffee Dripper"}],"items_purged_floors":[2,5,8,20,27,37,44],"is_endless":false,"potions_floor_spawned":[4,6,10,13,14,16,18,19,22,23,25,28,31,33,35,36,46,48,52,52,52,52,54],"ascension_level":0}}