{"host":"ffm36ba59us8r0su","time":1608677001,"event":{"mods":["AchievementEnabler","BaseMod","Curses Come First","DeckTracker","Minty Spire (QoL Compilation)","Relic Stats","StSLib"],"gold_per_floor":[111,111,121,134,134,144,144,144],"floor_reached":7,"playtime":911,"items_purged":[],"score":67,"play_id":"e28033bc-837f-4a24-95ad-8658f056b5c9","local_time":"20201222144321","is_ascension_mode":true,"campfire_choices":[],"circlet_count":0,"master_deck":["AscendersBane","Strike_B","Strike_B","Strike_B","Strike_B","Defend_B","Defend_B","Defend_B","Defend_B","Zap","Dualcast","Chill","Coolheaded","Self Repair","Double Energy","Coolheaded"],"relics":["Cracked Core","Sundial"],"acts_visited":["Exordium"],"potions_floor_usage":[7,7],"damage_taken":[{"damage":5,"enemies":"Small Slimes","floor":1,"turns":3},{"damage":1,"enemies":"2 Louse","floor":3,"turns":3},{"damage":0,"enemies":"Cultist","floor":4,"turns":3},{"damage":1,"enemies":"3 Louse","floor":6,"turns":4},{"damage":56,"enemies":"Gremlin Nob","floor":7,"turns":5}],"seed_played":"-1517365735417692433","potions_obtained":[{"floor":1,"key":"DistilledChaos"},{"floor":3,"key":"Strength Potion"}],"is_trial":false,"path_per_floor":["M","?","M","M","?","M","E"],"character_chosen":"DEFECT","items_purchased":[],"campfire_rested":0,"item_purchase_floors":[],"current_hp_per_floor":[70,45,44,44,44,50,0,0],"gold":144,"neow_bonus":"TEN_PERCENT_HP_BONUS","is_daily":false,"chose_seed":false,"campfire_upgraded":0,"win_rate":0.0,"timestamp":1608677001,"path_taken":["M","?","M","M","?","M","E"],"items_purchased_type":[],"build_version":"2020-12-13","purchased_purges":0,"victory":false,"max_hp_per_floor":[82,82,82,82,82,82,82,82],"relic_stats":{"counters":[5,18],"Sundial":[2],"obtain_stats":[{"Sundial":2,"Cracked Core":0},{"Sundial":1,"Cracked Core":0},{"Sundial":3,"Cracked Core":0}]},"card_choices":[{"not_picked":["Storm","Streamline"],"picked":"Chill","floor":1},{"not_picked":["Compile Driver","Ball Lightning"],"picked":"Coolheaded","floor":3},{"not_picked":["Scrape","Sweeping Beam"],"picked":"Self Repair","floor":4},{"not_picked":["Redo","Hologram"],"picked":"Coolheaded","floor":6}],"player_experience":849788,"relics_obtained":[],"event_choices":[{"damage_healed":0,"gold_gain":0,"player_choice":"Success","damage_taken":25,"relics_obtained":["Sundial"],"max_hp_gain":0,"max_hp_loss":0,"event_name":"Scrap Ooze","floor":2,"gold_loss":0},{"damage_healed":0,"gold_gain":0,"player_choice":"1 cards matched","damage_taken":0,"max_hp_gain":0,"max_hp_loss":0,"event_name":"Match and Keep!","floor":5,"gold_loss":0,"cards_obtained":["Double Energy"]}],"is_beta":false,"boss_relics":[],"items_purged_floors":[],"is_endless":false,"potions_floor_spawned":[1,3,6],"killed_by":"Gremlin Nob","ascension_level":11}}