{"host":"jpcy2bclvs7juczu","time":1608597810,"event":{"mods":["Alarm Clock","BaseMod","Block Reminder","Colored Map","Colored Powertips","Curses Come First","Filter the Spire","Minty Spire (QoL Compilation)","Quick Restart","Relic Stats","StSLib","everything is the same but u backflip on backflip","ojb\u0027s Better Paths Mod","ojb\u0027s Info Mod","slay the spire mod where everything is the same but ironclad has a cowboy hat"],"gold_per_floor":[13,13,13,25,43,77,77,96,96,122,122,134,195,52,52,157,157,173,185,185,201,201,201,232,248,248,248,122,122,156,156,156,251,251,270,270,280,26,42,68,90,131,215,242,265,290,349,6,6,6],"floor_reached":51,"playtime":3015,"items_purged":["Zap","Strike_B"],"score":846,"play_id":"161acc5e-97dd-4615-973e-24600aa92981","local_time":"20201222004330","is_ascension_mode":true,"campfire_choices":[{"data":"Hologram","floor":7.0,"key":"SMITH"},{"data":"Streamline","floor":11.0,"key":"SMITH"},{"data":"Recycle","floor":15.0,"key":"SMITH"},{"data":"Turbo","floor":23,"key":"SMITH"},{"data":"Doom and Gloom","floor":27,"key":"SMITH"},{"floor":32,"key":"REST"},{"data":"Biased Cognition","floor":49,"key":"SMITH"}],"circlet_count":0,"master_deck":["Strike_B","Strike_B+1","Defend_B","Defend_B+1","Defend_B","Defend_B","Dualcast","Sweeping Beam","Glacier","Recycle+1","Doom and Gloom+1","Streamline+1","Hologram+1","Undo","Cold Snap","Turbo+1","Glacier","Tempest+1","Turbo","Go for the Eyes","Reboot","Seek","Beam Cell+1","Leap+1","Darkness+1","Biased Cognition+1","Coolheaded+1","Beam Cell+1","White Noise","Turbo+1","Conserve Battery+1","Hologram"],"relics":["Cracked Core","Prayer Wheel","DataDisk","Bottled Lightning","Dead Branch","Nunchaku","ClockworkSouvenir","Runic Pyramid","Mercury Hourglass","Potion Belt","Black Star","Frozen Eye","Blood Vial","MawBank","Anchor","Omamori","The Courier","Du-Vu Doll","Calipers","Oddly Smooth Stone"],"acts_visited":["Exordium","TheCity","TheBeyond"],"potions_floor_usage":[24,33,40,50,50,50,50],"damage_taken":[{"damage":0.0,"enemies":"2 Louse","floor":1.0,"turns":3.0},{"damage":2.0,"enemies":"Small Slimes","floor":4.0,"turns":4.0},{"damage":0.0,"enemies":"Jaw Worm","floor":5.0,"turns":3.0},{"damage":7.0,"enemies":"3 Sentries","floor":6.0,"turns":10.0},{"damage":2.0,"enemies":"Looter","floor":8.0,"turns":2.0},{"damage":24.0,"enemies":"Gremlin Nob","floor":10.0,"turns":4.0},{"damage":0.0,"enemies":"Exordium Thugs","floor":12.0,"turns":4.0},{"damage":2.0,"enemies":"3 Sentries","floor":13.0,"turns":9.0},{"damage":22.0,"enemies":"Hexaghost","floor":16.0,"turns":15.0},{"damage":0,"enemies":"Shell Parasite","floor":18,"turns":4},{"damage":0,"enemies":"Chosen","floor":19,"turns":5},{"damage":2,"enemies":"Centurion and Healer","floor":21,"turns":7},{"damage":5,"enemies":"Slavers","floor":24,"turns":6},{"damage":2,"enemies":"Snecko","floor":25,"turns":4},{"damage":13,"enemies":"Gremlin Leader","floor":30,"turns":6},{"damage":16,"enemies":"Collector","floor":33,"turns":9},{"damage":0,"enemies":"3 Shapes","floor":35,"turns":5},{"damage":16,"enemies":"3 Darklings","floor":37,"turns":3},{"damage":7,"enemies":"Jaw Worm Horde","floor":39,"turns":5},{"damage":0,"enemies":"Giant Head","floor":40,"turns":10},{"damage":4,"enemies":"Transient","floor":41,"turns":5},{"damage":0,"enemies":"Nemesis","floor":42,"turns":5},{"damage":0,"enemies":"Sphere and 2 Shapes","floor":44,"turns":4},{"damage":1,"enemies":"3 Darklings","floor":45,"turns":3},{"damage":0,"enemies":"Transient","floor":46,"turns":5},{"damage":0,"enemies":"2 Orb Walkers","floor":47,"turns":3},{"damage":1,"enemies":"Awakened One","floor":50,"turns":17}],"seed_played":"-657969808857520853","potions_obtained":[{"floor":1.0,"key":"SkillPotion"},{"floor":4.0,"key":"SpeedPotion"},{"floor":5.0,"key":"SmokeBomb"},{"floor":10.0,"key":"FearPotion"},{"floor":16.0,"key":"Dexterity Potion"},{"floor":24,"key":"DistilledChaos"},{"floor":30,"key":"DistilledChaos"},{"floor":35,"key":"Dexterity Potion"},{"floor":37,"key":"EssenceOfSteel"},{"floor":40,"key":"SteroidPotion"}],"is_trial":false,"path_per_floor":["M","?","?","M","M","E","R","M","T","E","R","M","?","$","R","B",null,"M","M","?","M","?","R","E","M","T","R","$","?","E","?","R","B",null,"M","?","M","$","M","E","M","E","T","M","M","M","?","$","R","B",null],"character_chosen":"DEFECT","items_purchased":["ClockworkSouvenir","FocusPotion","Frozen Eye","Calipers","Oddly Smooth Stone"],"campfire_rested":1,"item_purchase_floors":[14,28,38,48,48],"current_hp_per_floor":[75,75,60,58,58,51,51,49,49,25,25,25,23,23,23,1,75,75,75,75,73,73,73,68,66,66,66,66,66,53,39,63,47,80,80,80,64,64,57,57,55,57,57,59,60,62,64,64,64,65],"gold":6,"neow_bonus":"ONE_RARE_RELIC","is_daily":false,"chose_seed":false,"campfire_upgraded":6,"win_rate":0.0,"timestamp":1608597810,"path_taken":["M","?","?","M","M","E","R","M","T","E","R","M","?","$","R","BOSS","M","M","?","M","?","R","E","?","T","R","$","?","E","?","R","BOSS","M","?","M","$","M","E","M","E","T","M","M","M","?","$","R","BOSS"],"items_purchased_type":["Relic","Potion","Relic","Relic","Relic"],"build_version":"2020-12-13","purchased_purges":2,"victory":true,"max_hp_per_floor":[75,75,75,75,75,75,75,75,75,75,75,75,75,75,75,75,75,75,75,75,75,75,75,75,75,75,75,75,75,75,80,80,80,80,80,80,80,80,80,80,80,80,80,80,80,80,80,80,80,80],"relic_stats":{"Blood Vial":14,"Nunchaku":[22],"counters":[27,159],"Dead Branch":[100],"Prayer Wheel":16,"Black Star":2,"MawBank":96,"obtain_stats":[{"Potion Belt":30,"Calipers":48,"Dead Branch":10,"Oddly Smooth Stone":48,"The Courier":43,"Omamori":42,"MawBank":40,"ClockworkSouvenir":14,"Mercury Hourglass":24,"Blood Vial":40,"Du-Vu Doll":47,"Frozen Eye":38,"DataDisk":6,"Nunchaku":13,"Anchor":42,"Prayer Wheel":0,"Black Star":34,"Bottled Lightning":9,"Cracked Core":0,"Runic Pyramid":17},{"Potion Belt":15,"Calipers":26,"Dead Branch":6,"Oddly Smooth Stone":26,"The Courier":22,"Omamori":22,"MawBank":20,"ClockworkSouvenir":8,"Mercury Hourglass":13,"Blood Vial":20,"Du-Vu Doll":26,"Frozen Eye":18,"DataDisk":4,"Nunchaku":8,"Anchor":22,"Prayer Wheel":0,"Black Star":16,"Bottled Lightning":5,"Cracked Core":0,"Runic Pyramid":9},{"Potion Belt":86,"Calipers":142,"Dead Branch":26,"Oddly Smooth Stone":142,"The Courier":127,"Omamori":127,"MawBank":117,"ClockworkSouvenir":39,"Mercury Hourglass":76,"Blood Vial":117,"Du-Vu Doll":142,"Frozen Eye":103,"DataDisk":20,"Nunchaku":39,"Anchor":127,"Prayer Wheel":0,"Black Star":95,"Bottled Lightning":22,"Cracked Core":0,"Runic Pyramid":54}],"Mercury Hourglass":[333]},"card_choices":[{"not_picked":["Static Discharge","Force Field"],"picked":"Sweeping Beam","floor":1.0},{"not_picked":["Double Energy","Chaos"],"picked":"Glacier","floor":1.0},{"not_picked":["Coolheaded","Steam Power"],"picked":"Recycle","floor":4.0},{"not_picked":["Steam","Barrage","Tempest"],"picked":"SKIP","floor":4.0},{"not_picked":["Rip and Tear","Heatsinks"],"picked":"Doom and Gloom","floor":5.0},{"not_picked":["Coolheaded","Buffer"],"picked":"Streamline","floor":5.0},{"not_picked":["Steam","Doom and Gloom"],"picked":"Hologram","floor":6.0},{"not_picked":["Sweeping Beam","Ball Lightning"],"picked":"Undo","floor":8.0},{"not_picked":["Steam Power","BootSequence","Static Discharge"],"picked":"SKIP","floor":8.0},{"not_picked":["Blizzard","Stack"],"picked":"Cold Snap","floor":10.0},{"not_picked":["Leap","Go for the Eyes"],"picked":"Turbo","floor":12.0},{"not_picked":["Sweeping Beam","Hello World","Heatsinks"],"picked":"SKIP","floor":12.0},{"not_picked":["Rebound+1","Chaos"],"picked":"Glacier","floor":18},{"not_picked":["Cold Snap+1","Turbo","Redo+1"],"picked":"SKIP","floor":18},{"not_picked":["Conserve Battery","Sweeping Beam"],"picked":"Tempest+1","floor":19},{"not_picked":["Cold Snap","Barrage","Doom and Gloom"],"picked":"SKIP","floor":19},{"not_picked":["Stack","Rip and Tear+1","Loop"],"picked":"SKIP","floor":21},{"not_picked":["Capacitor","Sunder","Steam"],"picked":"SKIP","floor":21},{"not_picked":["Ball Lightning","Leap","Tempest+1"],"picked":"SKIP","floor":24},{"not_picked":["Compile Driver","Gash+1","Turbo"],"picked":"SKIP","floor":25},{"not_picked":["Coolheaded","Ball Lightning","Glacier+1"],"picked":"SKIP","floor":25},{"not_picked":["Go for the Eyes","Stack"],"picked":"Reboot","floor":30},{"not_picked":["Machine Learning","Creative AI"],"picked":"Seek","floor":33},{"not_picked":["Scrape+1","Streamline+1"],"picked":"Beam Cell+1","floor":35},{"not_picked":["Sweeping Beam","Gash+1"],"picked":"Leap+1","floor":35},{"not_picked":["Barrage+1","Cold Snap+1"],"picked":"Darkness+1","floor":37},{"not_picked":["Coolheaded","Capacitor","Cold Snap+1"],"picked":"SKIP","floor":37},{"not_picked":["Redo","Steam+1"],"picked":"Biased Cognition","floor":39},{"not_picked":["Stack","Streamline","Storm+1"],"picked":"SKIP","floor":39},{"not_picked":["Steam","Turbo"],"picked":"Coolheaded+1","floor":40},{"not_picked":["Leap+1","Storm"],"picked":"Beam Cell+1","floor":41},{"not_picked":["Capacitor+1","Storm","Force Field"],"picked":"SKIP","floor":41},{"not_picked":["Compile Driver","Rip and Tear"],"picked":"White Noise","floor":42},{"not_picked":["Doom and Gloom+1","Stack"],"picked":"Turbo+1","floor":44},{"not_picked":["Scrape","Machine Learning","Compile Driver"],"picked":"SKIP","floor":44},{"not_picked":["Compile Driver","Steam+1"],"picked":"Conserve Battery+1","floor":45},{"not_picked":["Rip and Tear","Rebound+1","Steam"],"picked":"SKIP","floor":45},{"not_picked":["Reinforced Body+1","Cold Snap"],"picked":"Hologram","floor":46},{"not_picked":["Rainbow","Stack","Heatsinks"],"picked":"SKIP","floor":46}],"player_experience":170905,"relics_obtained":[{"floor":6.0,"key":"DataDisk"},{"floor":9.0,"key":"Bottled Lightning"},{"floor":10.0,"key":"Dead Branch"},{"floor":13.0,"key":"Nunchaku"},{"floor":24,"key":"Mercury Hourglass"},{"floor":30,"key":"Potion Belt"},{"floor":40,"key":"Blood Vial"},{"floor":40,"key":"MawBank"},{"floor":42,"key":"Anchor"},{"floor":42,"key":"Omamori"},{"floor":43,"key":"The Courier"},{"floor":47,"key":"Du-Vu Doll"}],"event_choices":[{"damage_healed":0.0,"max_hp_gain":0.0,"max_hp_loss":0.0,"gold_gain":0.0,"cards_transformed":["Strike_B"],"event_name":"Living Wall","player_choice":"Change","floor":2.0,"gold_loss":0.0,"damage_taken":0.0,"cards_obtained":["Heatsinks"]},{"damage_healed":0.0,"max_hp_gain":0.0,"max_hp_loss":0.0,"gold_gain":0.0,"event_name":"Shining Light","player_choice":"Entered Light","floor":3.0,"gold_loss":0.0,"damage_taken":15.0,"cards_upgraded":["Strike_B","Defend_B"]},{"damage_healed":0.0,"max_hp_gain":0.0,"max_hp_loss":0.0,"gold_gain":0.0,"event_name":"Dead Adventurer","player_choice":"Searched \u00271\u0027 times","floor":13.0,"gold_loss":0.0,"damage_taken":0.0},{"damage_healed":0,"gold_gain":0,"player_choice":"Ignored","damage_taken":0,"max_hp_gain":0,"max_hp_loss":0,"event_name":"Vampires","floor":20,"gold_loss":0},{"damage_healed":0,"gold_gain":0,"player_choice":"Copied","damage_taken":0,"max_hp_gain":0,"max_hp_loss":0,"event_name":"Duplicator","floor":22,"gold_loss":0,"cards_obtained":["Turbo"]},{"damage_healed":0,"gold_gain":0,"player_choice":"Read","damage_taken":0,"max_hp_gain":0,"max_hp_loss":0,"event_name":"The Library","floor":29,"gold_loss":0,"cards_obtained":["Go for the Eyes"]},{"damage_healed":0,"gold_gain":0,"player_choice":"Shed Blood","damage_taken":19,"max_hp_gain":5,"max_hp_loss":0,"event_name":"Forgotten Altar","floor":31,"gold_loss":0},{"cards_removed":["Heatsinks"],"damage_healed":0,"gold_gain":0,"player_choice":"Removed Power","damage_taken":0,"max_hp_gain":0,"max_hp_loss":0,"event_name":"Falling","floor":36,"gold_loss":0},{"damage_healed":0,"gold_gain":0,"player_choice":"Fight","damage_taken":0,"max_hp_gain":0,"max_hp_loss":0,"event_name":"Mysterious Sphere","floor":47,"gold_loss":0}],"is_beta":false,"boss_relics":[{"not_picked":["Fusion Hammer","SacredBark"],"picked":"Runic Pyramid"},{"not_picked":["Busted Crown","Sozu"],"picked":"Black Star"}],"items_purged_floors":[28,38],"is_endless":false,"potions_floor_spawned":[1,4,5,10,16,21,24,30,35,37,40,47],"ascension_level":1}}