{"host":"nez9oevwwftwepnc","time":1608618639,"event":{"mods":["AchievementEnabler","Astrologer","BaseMod","Beaked The Cultist","Better Third Choice","Colored Map","Colored Powertips","Conspire","Downfall","Energized Spire","Hermit","Hubris","Infinite Spire","Mathematician","Minty Spire (QoL Compilation)","Permanent Neow","Quick Restart","Random Character Mod","Replay The Spire","Shop Mod","Spikes Relics","StSLib","The Bug Knight","The Hayseed","The Hierophant","The Mystic","The Necromancer","The Runesmith","The Senshi","The Wild Card","TheArtist","slay the spire mod where everything is the same but ironclad has a cowboy hat","thorton","vexMod"],"gold_per_floor":[110,121,121,131,131,131,161,161,185,201,201,126,159,10,10,110,776,791,801,818,818,841,841,860,891,891,891,926,926,946,652,652,754,754,772,782,782,258,308,308,325,325,325],"floor_reached":42,"playtime":3050,"items_purged":["hermit:Strike_Hermit","hermit:Defend_Hermit","hermit:EternalForm"],"score":549,"play_id":"5c5e41dd-c648-41ec-ac92-d808a63bd68d","local_time":"20201222013038","is_ascension_mode":false,"campfire_choices":[{"data":"hermit:GoldenBullet","floor":6,"key":"SMITH"},{"floor":8,"key":"REST"},{"data":"hermit:Dive","floor":11,"key":"SMITH"},{"floor":15,"key":"REST"},{"floor":23,"key":"REST"},{"floor":27,"key":"REST"},{"floor":29,"key":"REST"},{"floor":32,"key":"REST"},{"floor":40,"key":"REST"}],"circlet_count":0,"master_deck":["hermit:Strike_Hermit","hermit:Strike_Hermit","hermit:Defend_Hermit","hermit:Defend_Hermit","hermit:Defend_Hermit","hermit:Snapshot","hermit:Covet","hermit:NoHoldsBarred","hermit:Deadeye","hermit:GoldenBullet+1","hermit:Dive+1","hermit:ItchyTrigger","hermit:OverwhelmingPower","hermit:CursedWeapon","hermit:Snipe","hermit:Ricochet+1","RitualDagger","hermit:EyeOfTheStorm","hermit:Combo+1","hermit:Dive","hermit:SprayPray+1","hermit:FromBeyond","hermit:Headshot","hermit:TakeAim"],"relics":["hermit:Momento","hubris:Icosahedron","SpikesRelics:DaevaFist","Omamori","infinitespire:EmpoweringShard","vexMod:RockOfEvil","conspire:GlowingRock","Red Mask","Replay:Rubber Ducky","Pear","Sling","StoneCalendar"],"acts_visited":["Exordium","TheCity","TheBeyond"],"potions_floor_usage":[16,16,20,25,28,35,41,42,42],"damage_taken":[{"damage":0,"enemies":"Small Slimes","floor":1,"turns":3},{"damage":11,"enemies":"Jaw Worm","floor":2,"turns":2},{"damage":1,"enemies":"2 Louse","floor":4,"turns":2},{"damage":0,"enemies":"Replay:BlueRogue","floor":7,"turns":6},{"damage":9,"enemies":"2 Fungi Beasts","floor":10,"turns":3},{"damage":19,"enemies":"3 Sentries","floor":13,"turns":8},{"damage":33,"enemies":"Hexaghost","floor":16,"turns":8},{"damage":27,"enemies":"3 Byrds","floor":18,"turns":5},{"damage":14,"enemies":"Spheric Guardian","floor":19,"turns":4},{"damage":23,"enemies":"conspire:HollyBat","floor":20,"turns":9},{"damage":12,"enemies":"Snecko","floor":24,"turns":4},{"damage":0,"enemies":"Masked Bandits","floor":25,"turns":2},{"damage":32,"enemies":"Slavers","floor":28,"turns":4},{"damage":17,"enemies":"Snake Plant","floor":30,"turns":3},{"damage":2,"enemies":"Collector","floor":33,"turns":2},{"damage":8,"enemies":"3 Shapes","floor":35,"turns":3},{"damage":4,"enemies":"Orb Walker","floor":36,"turns":2},{"damage":49,"enemies":"2 Orb Walkers","floor":39,"turns":3},{"damage":3,"enemies":"Spire Growth","floor":41,"turns":4},{"damage":54,"enemies":"Reptomancer","floor":42,"turns":3}],"seed_played":"3619104784333881962","potions_obtained":[{"floor":1,"key":"Milkshake"},{"floor":2,"key":"Fire Potion"},{"floor":13,"key":"hermit:Tonic"},{"floor":18,"key":"Block Potion"},{"floor":24,"key":"Toxic Potion"},{"floor":30,"key":"Fire Potion"},{"floor":36,"key":"AttackPotion"},{"floor":37,"key":"Ancient Potion"},{"floor":39,"key":"Doom Potion"},{"floor":41,"key":"FearPotion"}],"is_trial":false,"path_per_floor":["M","M","?","M","?","R","E","R","T","M","R","$","E","$","R","B",null,"M","M","M","?","?","R","M","?","T","R","E","R","M","$","R_BF","B",null,"M","M","?","$","?","R","M","E"],"character_chosen":"HERMIT","items_purchased":["hermit:OverwhelmingPower","hermit:CursedWeapon","hermit:FromBeyond","hermit:Headshot","Pear","Sling"],"campfire_rested":7,"item_purchase_floors":[14,14,31,31,38,38],"current_hp_per_floor":[54,43,43,42,35,35,35,57,57,48,48,48,29,29,51,18,75,48,34,11,5,5,27,15,15,15,37,5,27,10,10,32,30,75,67,63,63,73,24,49,46,0,0],"gold":325,"neow_bonus":"THREE_RARE_CARDS","is_daily":false,"chose_seed":false,"campfire_upgraded":2,"win_rate":0.0,"timestamp":1608618638,"path_taken":["M","M","?","M","?","R","E","R","T","M","R","$","E","$","R","BOSS","M","M","M","?","?","R","M","?","T","R","E","R","M","$","R_BF","BOSS","M","M","?","$","?","R","M","E"],"items_purchased_type":["Card","Card","Card","Card","Relic","Relic"],"build_version":"2020-12-13","purchased_purges":3,"victory":false,"max_hp_per_floor":[75,75,75,75,75,75,75,75,75,75,75,75,75,75,75,75,75,75,75,75,75,75,75,75,75,75,75,75,75,75,75,75,75,75,75,75,75,85,85,85,85,85,85],"card_choices":[{"not_picked":["hermit:HeroicBravado","hermit:Reprieve"],"picked":"hermit:Gambit","floor":0.0},{"not_picked":["hermit:DeadMansHand","hermit:BodyArmor"],"picked":"hermit:NoHoldsBarred","floor":1},{"not_picked":["hermit:Feint","hermit:HoleUp"],"picked":"hermit:Deadeye","floor":2},{"not_picked":["hermit:Grudge","hermit:HoleUp"],"picked":"hermit:GoldenBullet","floor":4},{"not_picked":["hermit:LoneWolf","hermit:Combo"],"picked":"hermit:Dive","floor":7},{"not_picked":["hermit:SprayPray","hermit:Feint","hermit:Combo"],"picked":"SKIP","floor":10},{"not_picked":["hermit:Grudge","hermit:Brawl"],"picked":"hermit:ItchyTrigger","floor":13},{"not_picked":["hermit:FromBeyond","hermit:FinalCanter"],"picked":"hermit:EternalForm","floor":16},{"not_picked":["hermit:DeadMansHand","hermit:GhostlyPresence"],"picked":"hermit:Snipe","floor":18},{"not_picked":["hermit:HighCaliber+1","hermit:Snipe","hermit:ShadowCloak"],"picked":"SKIP","floor":19},{"not_picked":["hermit:HighCaliber","hermit:LuckOfTheDraw"],"picked":"hermit:Ricochet+1","floor":20},{"not_picked":["hermit:LuckOfTheDraw","hermit:SprayPray"],"picked":"hermit:EyeOfTheStorm","floor":24},{"not_picked":["hermit:Coalescence+1","hermit:ItchyTrigger"],"picked":"hermit:Combo+1","floor":25},{"not_picked":["hermit:Feint","hermit:CalledShot"],"picked":"hermit:Dive","floor":28},{"not_picked":["hermit:ItchyTrigger","hermit:LowProfile"],"picked":"hermit:SprayPray+1","floor":30},{"not_picked":["hermit:Determination","hermit:SprayPray+1","hermit:Deadeye+1"],"picked":"SKIP","floor":35},{"not_picked":["hermit:Desperado","hermit:HighCaliber","hermit:Determination"],"picked":"SKIP","floor":36},{"not_picked":["hermit:Midnight","hermit:Shortfuse"],"picked":"hermit:TakeAim","floor":41}],"player_experience":518464,"relics_obtained":[{"floor":7,"key":"SpikesRelics:DaevaFist"},{"floor":9,"key":"Omamori"},{"floor":13,"key":"infinitespire:EmpoweringShard"},{"floor":22,"key":"conspire:GlowingRock"},{"floor":25,"key":"Red Mask"},{"floor":28,"key":"Replay:Rubber Ducky"},{"floor":39,"key":"StoneCalendar"}],"event_choices":[{"cards_removed":["hermit:Strike_Hermit"],"damage_healed":0,"gold_gain":0,"player_choice":"Card Removal","damage_taken":7,"max_hp_gain":0,"max_hp_loss":0,"event_name":"Golden Wing","floor":5,"gold_loss":0},{"damage_healed":0,"gold_gain":0,"player_choice":"Dagger","damage_taken":6,"max_hp_gain":0,"max_hp_loss":0,"event_name":"betterThird:BetterNest","floor":21,"gold_loss":0,"cards_obtained":["RitualDagger"]},{"damage_healed":0,"gold_gain":0,"player_choice":"Fought Bandits","damage_taken":0,"max_hp_gain":0,"max_hp_loss":0,"event_name":"Masked Bandits","floor":25,"gold_loss":0},{"damage_healed":0,"gold_gain":0,"player_choice":"Fight","damage_taken":0,"max_hp_gain":0,"max_hp_loss":0,"event_name":"Mysterious Sphere","floor":39,"gold_loss":0}],"is_beta":false,"boss_relics":[{"not_picked":["conspire:RoyalGoblet","beaked:SacredDeck"],"picked":"vexMod:RockOfEvil"},{"not_picked":["beaked:MawFillet","Painkiller Herb","Sozu"]}],"items_purged_floors":[12,31,38],"is_endless":false,"potions_floor_spawned":[1,2,13,18,24,30,36,39,41],"killed_by":"Reptomancer","ascension_level":0}}