{"host":"v0dnu0zs4qo0v13s","time":1608615676,"event":{"mods":["BaseMod","Colored Map","Colored Powertips","Minty Spire (QoL Compilation)","Relic Stats","StSLib","SuperFastMode","everything is the same but u backflip on backflip"],"gold_per_floor":[117,130,55,55,70,97,97,123,146,162,62,62,62,74,74,74,74],"floor_reached":16,"playtime":1050,"items_purged":["Strike_R","Strike_R"],"score":187,"play_id":"aa3a8fc2-d188-4751-9833-48f5c590357d","local_time":"20201222004116","is_ascension_mode":true,"campfire_choices":[{"data":"Power Through","floor":7.0,"key":"SMITH"},{"floor":12.0,"key":"REST"},{"data":"Evolve","floor":15.0,"key":"SMITH"}],"circlet_count":0,"master_deck":["AscendersBane","Strike_R","Strike_R","Strike_R","Defend_R","Defend_R","Defend_R","Defend_R","Bash","Sever Soul","Ghostly Armor","Impervious","PanicButton","Burning Pact","Power Through+1","Second Wind","Evolve+1"],"relics":["Burning Blood","NeowsBlessing","Happy Flower","Strawberry","Vajra"],"acts_visited":["Exordium"],"potions_floor_usage":[16],"damage_taken":[{"damage":0.0,"enemies":"2 Louse","floor":1.0,"turns":1.0},{"damage":0.0,"enemies":"Cultist","floor":2.0,"turns":1.0},{"damage":0.0,"enemies":"Jaw Worm","floor":5.0,"turns":1.0},{"damage":29.0,"enemies":"Lagavulin","floor":6.0,"turns":12.0},{"damage":20.0,"enemies":"Gremlin Nob","floor":8.0,"turns":7.0},{"damage":12.0,"enemies":"Red Slaver","floor":10.0,"turns":6.0},{"damage":5.0,"enemies":"Gremlin Gang","floor":14.0,"turns":8.0},{"damage":28,"enemies":"Hexaghost","floor":16,"turns":16}],"seed_played":"-8535987332439228996","potions_obtained":[{"floor":1.0,"key":"SkillPotion"},{"floor":2.0,"key":"Swift Potion"},{"floor":6.0,"key":"Dexterity Potion"},{"floor":14.0,"key":"GamblersBrew"}],"is_trial":false,"path_per_floor":["M","M","$","?","M","E","R","E","T","M","$","R","$","M","R","B"],"character_chosen":"IRONCLAD","items_purchased":[],"campfire_rested":1,"item_purchase_floors":[],"current_hp_per_floor":[74,75,75,75,75,52,52,45,45,39,39,63,63,64,64,36,36],"gold":74,"neow_bonus":"THREE_ENEMY_KILL","is_daily":false,"chose_seed":false,"campfire_upgraded":2,"win_rate":0.0,"timestamp":1608615676,"path_taken":["M","M","$","?","M","E","R","E","T","M","$","R","?","M","R","BOSS"],"items_purchased_type":[],"build_version":"2020-12-13","purchased_purges":2,"victory":false,"max_hp_per_floor":[75,75,75,75,75,75,75,82,82,82,82,82,82,82,82,82,82],"relic_stats":{"Happy Flower":[12],"counters":[8,52],"obtain_stats":[{"NeowsBlessing":0,"Happy Flower":6,"Strawberry":8,"Vajra":9,"Burning Blood":0},{"NeowsBlessing":0,"Happy Flower":4,"Strawberry":5,"Vajra":5,"Burning Blood":0},{"NeowsBlessing":0,"Happy Flower":15,"Strawberry":22,"Vajra":22,"Burning Blood":0}],"Burning Blood":31},"card_choices":[{"not_picked":["Seeing Red","Intimidate"],"picked":"Sever Soul","floor":1.0},{"not_picked":["Perfected Strike","Clash"],"picked":"Ghostly Armor","floor":2.0},{"not_picked":["Disarm","Clash"],"picked":"Burning Pact","floor":5.0},{"not_picked":["Body Slam","Seeing Red"],"picked":"Power Through","floor":6.0},{"not_picked":["Anger","Limit Break","Power Through"],"picked":"SKIP","floor":8.0},{"not_picked":["Warcry","Clash"],"picked":"Second Wind","floor":10.0},{"not_picked":["Clothesline","Blood for Blood"],"picked":"Evolve","floor":14.0}],"player_experience":631607,"relics_obtained":[{"floor":6.0,"key":"Happy Flower"},{"floor":8.0,"key":"Strawberry"},{"floor":9.0,"key":"Vajra"}],"event_choices":[{"damage_healed":0.0,"max_hp_gain":0.0,"max_hp_loss":0.0,"gold_gain":0.0,"event_name":"Match and Keep!","player_choice":"2 cards matched","floor":4.0,"gold_loss":0.0,"damage_taken":0.0,"cards_obtained":["Impervious","PanicButton"]}],"is_beta":false,"boss_relics":[],"items_purged_floors":[3,11],"is_endless":false,"potions_floor_spawned":[1,2,6,14],"killed_by":"Hexaghost","ascension_level":14}}