{"host":"8fjsnt81u6xsmhji","time":1608622025,"event":{"mods":["BaseMod","Colored Powertips","Downfall","Glutton Mod","Minty Spire (QoL Compilation)","Quick Restart","Somnambulant","StSLib","The Bug Knight","The Construct","The Forsaken","The Hierophant","The Mystic"],"gold_per_floor":[99,111,111,129,304,338,338,188,204,28,60,60,74,74,86,191,191,191,206,481,123,137,137,137,160,173,198,269,269,194,194,218,325,325,325,350,458,188,210,228,228,228,228,259,302,325,325,188,216,216,216,254,101,101,151],"floor_reached":56,"playtime":8765,"items_purged":["Doubt","Regret","Slimebound:Icky"],"score":1354,"play_id":"d7aca3e1-cc24-4d59-ab75-6d198c8f9e63","local_time":"20201222012705","is_ascension_mode":true,"campfire_choices":[{"floor":1.0,"key":"RECALL"},{"floor":8.0,"key":"REST"},{"floor":12.0,"key":"REST"},{"data":"sneckomod:UnlimitedRolls","floor":18.0,"key":"SMITH"},{"data":"sneckomod:MorePower","floor":23.0,"key":"SMITH"},{"floor":30.0,"key":"REST"},{"data":"sneckomod:Nope","floor":35.0,"key":"SMITH"},{"floor":47.0,"key":"REST"},{"data":"sneckomod:UnlimitedRolls","floor":54,"key":"SMITH"}],"circlet_count":0,"master_deck":["sneckomod:Strike","sneckomod:Strike","sneckomod:Strike","sneckomod:Defend","sneckomod:Defend","sneckomod:Defend","sneckomod:TailWhip","sneckomod:SnekBite","sneckomod:Unknown","sneckomod:MorePower+1","sneckomod:UnknownClassBLUE+1","sneckomod:WideSting","sneckomod:Unknown3Cost","sneckomod:UnknownExhaust+1","sneckomod:UnlimitedRolls+1","sneckomod:DiceBlock","sneckomod:UnknownClassFORSAKEN_GOLD_COLOR+1","sneckomod:UnknownUncommonAttack","sneckomod:CheapStock","Panacea","sneckomod:UnknownRareAttack+1","sneckomod:QuickMove","sneckomod:SnekBeam","sneckomod:Unknown1Cost+1","sneckomod:UnknownExhaust","sneckomod:UnknownClassRED+1","sneckomod:UnknownRarePower","sneckomod:UnknownColorless+1","sneckomod:Nope+1","sneckomod:UnknownClassGLUTTON+1","sneckomod:UnknownClassFORSAKEN_GOLD_COLOR","expansioncontent:QuickStudy","sneckomod:CheapStock","hierophant:Doubloon+1","sneckomod:DiceCrush","sneckomod:IronFang+1","sneckomod:UnknownDexterity+1","sneckomod:UnknownClassCONSTRUCTMOD+1","sneckomod:UnknownStrength+1","sneckomod:SnakeSap","sneckomod:UnknownExhaust+1","Slimebound:CheckThePlaybook+1","sneckomod:UnlimitedRolls+1","sneckomod:UnknownExhaust+1","sneckomod:MorePower","sneckomod:WideSting+1","sneckomod:UnknownExhaust+1","sneckomod:TrashToTreasure+1","sneckomod:UnknownStrength+1","sneckomod:Unknown3Cost+1","sneckomod:UnknownEthereal+1","sneckomod:UnknownClassHEXA_GHOST_PURPLE+1","expansioncontent:FaceSlap","sneckomod:UnknownClassSLIMEBOUND+1","Parasite","sneckomod:UnknownUncommonPower+1","sneckomod:SlitherStrike+1","sneckomod:Unknown3Cost+1"],"relics":["sneckomod:SuperSneckoSoul","Art of War","downfall:HeartBlessingRed","downfall:HeartBlessingBlue","Potion Belt","Snecko Eye","Toxic Egg 2","MealTicket","Nilry\u0027s Codex","downfall:HeartBlessingGreen","Toy Ornithopter","HandDrill","Incense Burner","Juzu Bracelet","Regal Pillow","Lee\u0027s Waffle","PreservedInsect"],"acts_visited":["Exordium","TheCity","TheBeyond","TheEnding"],"potions_floor_usage":[52,55,55,55,55,55],"damage_taken":[{"damage":7.0,"enemies":"Cultist","floor":2.0,"turns":4.0},{"damage":0.0,"enemies":"2 Louse","floor":4.0,"turns":2.0},{"damage":47.0,"enemies":"3 Sentries","floor":6.0,"turns":8.0},{"damage":3.0,"enemies":"Jaw Worm","floor":9.0,"turns":1.0},{"damage":6.0,"enemies":"downfall:FleeingMerchant","floor":10.0,"turns":4.0},{"damage":37.0,"enemies":"Lagavulin","floor":11.0,"turns":7.0},{"damage":0.0,"enemies":"3 Louse","floor":13.0,"turns":1.0},{"damage":25.0,"enemies":"Gremlin Gang","floor":15.0,"turns":5.0},{"damage":11.0,"enemies":"downfall:Watcher","floor":16.0,"turns":9.0},{"damage":0.0,"enemies":"Shell Parasite","floor":19.0,"turns":4.0},{"damage":6.0,"enemies":"downfall:FleeingMerchant","floor":21.0,"turns":4.0},{"damage":21.0,"enemies":"Centurion and Healer","floor":22.0,"turns":6.0},{"damage":31.0,"enemies":"Cultist and Chosen","floor":25.0,"turns":5.0},{"damage":15.0,"enemies":"HollowMod:Nosk","floor":26.0,"turns":9.0},{"damage":23.0,"enemies":"Snecko","floor":27.0,"turns":5.0},{"damage":2.0,"enemies":"Snake Plant","floor":28.0,"turns":4.0},{"damage":12.0,"enemies":"Shelled Parasite and Fungi","floor":32.0,"turns":3.0},{"damage":55.0,"enemies":"downfall:Ironclad","floor":33.0,"turns":8.0},{"damage":6.0,"enemies":"Orb Walker","floor":36.0,"turns":2.0},{"damage":8.0,"enemies":"downfall:LadyInBlue","floor":37.0,"turns":4.0},{"damage":32.0,"enemies":"downfall:FleeingMerchant","floor":38.0,"turns":4.0},{"damage":28.0,"enemies":"3 Darklings","floor":39.0,"turns":4.0},{"damage":42.0,"enemies":"Spire Growth","floor":40.0,"turns":4.0},{"damage":55.0,"enemies":"Reptomancer","floor":44.0,"turns":6.0},{"damage":31.0,"enemies":"Jaw Worm Horde","floor":45.0,"turns":4.0},{"damage":13.0,"enemies":"Writhing Mass","floor":46.0,"turns":5.0},{"damage":0.0,"enemies":"downfall:FleeingMerchant","floor":48.0,"turns":2.0},{"damage":51.0,"enemies":"Maw","floor":49.0,"turns":7.0},{"damage":38.0,"enemies":"downfall:Silent","floor":50.0,"turns":9.0},{"damage":20,"enemies":"downfall:CharBossMerchant","floor":52,"turns":7},{"damage":5,"enemies":"downfall:NeowBoss","floor":55,"turns":14}],"seed_played":"5585631832975690706","potions_obtained":[{"floor":6.0,"key":"Strength Potion"},{"floor":9.0,"key":"sneckomod:DiceRollPotion"},{"floor":15.0,"key":"BlessingOfTheForge"},{"floor":16.0,"key":"GamblersBrew"},{"floor":19.0,"key":"SneckoOil"},{"floor":28.0,"key":"SpeedPotion"},{"floor":32.0,"key":"SmokeBomb"},{"floor":36.0,"key":"Dexterity Potion"},{"floor":37.0,"key":"Ancient Potion"},{"floor":37.0,"key":"Regen Potion"},{"floor":37.0,"key":"sneckomod:OffclassReductionPotion"},{"floor":40.0,"key":"ColorlessPotion"},{"floor":46.0,"key":"Fruit Juice"}],"is_trial":false,"path_per_floor":["R","M","?","M","?","E","T","R","M","$","E","R","M","?","M","B",null,"R","M","?","$","M","R","T","M","E","M","M","?","R","?","M","B",null,"R","M","?","$","M","M","T","?","?","E","M","M","R","$","M","B",null,"E","$","R","B",null],"character_chosen":"THE_SNECKO","items_purchased":["sneckomod:CheapStock","Panacea","expansioncontent:QuickStudy","sneckomod:CheapStock","HandDrill","Regal Pillow","Lee\u0027s Waffle","ColorlessPotion","DuplicationPotion","DuplicationPotion"],"campfire_rested":4,"item_purchase_floors":[10,10,21,21,38,48,48,48,53,53],"current_hp_per_floor":[90,84,84,85,85,39,39,79,76,72,36,67,67,67,44,47,110,110,111,111,107,98,98,98,67,84,84,83,67,102,102,90,39,156,156,152,144,126,113,83,83,83,83,41,27,20,67,170,134,96,170,150,165,165,170],"gold":151,"neow_bonus":"ONE_RANDOM_RARE_CARD","is_daily":false,"chose_seed":false,"campfire_upgraded":4,"win_rate":0.0,"timestamp":1608622025,"path_taken":["R","?","?","M","?","E","T","R","M","$","E","R","M","?","M","BOSS","R","M","?","$","M","R","T","M","E","M","?","?","R","?","M","BOSS","R","M","?","?","?","M","T","?","?","E","M","M","R","$","M","BOSS","E","$","R","BOSS"],"items_purchased_type":["Card","Card","Card","Card","Relic","Relic","Relic","Potion","Potion","Potion"],"build_version":"2020-12-13","purchased_purges":3,"victory":true,"max_hp_per_floor":[90,91,91,92,92,93,93,103,103,105,106,106,106,106,108,110,110,110,111,111,113,113,113,113,113,115,116,117,117,117,117,117,118,156,156,158,158,158,158,158,158,158,158,158,158,158,158,170,170,170,170,170,170,170,170],"card_choices":[{"not_picked":["sneckomod:Unknown+1","sneckomod:UnknownClassCONSTRUCTMOD+1"],"picked":"sneckomod:UnknownClassBLUE+1","floor":2.0},{"not_picked":["sneckomod:UnknownCommonSkill","sneckomod:Unknown1Cost"],"picked":"sneckomod:WideSting","floor":2.0},{"not_picked":["sneckomod:UnknownBlock","sneckomod:UnknownClassPURPLE"],"picked":"sneckomod:Unknown3Cost","floor":4.0},{"not_picked":["sneckomod:UnknownWeak+1","sneckomod:UnknownClassGREEN+1"],"picked":"sneckomod:UnknownExhaust+1","floor":6.0},{"not_picked":["sneckomod:UnknownUncommonAttack","sneckomod:SoulDraw"],"picked":"sneckomod:UnlimitedRolls","floor":6.0},{"not_picked":["sneckomod:UnknownClassTHE_CHAMP_GRAY","sneckomod:ImprovisedGuard"],"picked":"sneckomod:DiceBlock","floor":9.0},{"not_picked":["sneckomod:UnknownCommonAttack+1","sneckomod:UnknownCommonSkill+1"],"picked":"sneckomod:UnknownClassFORSAKEN_GOLD_COLOR+1","floor":10.0},{"not_picked":["sneckomod:DiceBlock","sneckomod:Unknown1Cost"],"picked":"sneckomod:UnknownUncommonAttack","floor":10.0},{"not_picked":["sneckomod:UnknownClassCONSTRUCTMOD+1","sneckomod:UnknownX+1"],"picked":"sneckomod:UnknownRareAttack+1","floor":11.0},{"not_picked":["sneckomod:UnknownStrike","sneckomod:SerpentIdol"],"picked":"sneckomod:QuickMove","floor":11.0},{"not_picked":["sneckomod:WideSting","sneckomod:DiceBlock"],"picked":"sneckomod:SnekBeam","floor":13.0},{"not_picked":["sneckomod:UnknownClassGREEN+1","sneckomod:UnknownClassMYSTIC_PURPLE+1"],"picked":"sneckomod:Unknown1Cost+1","floor":15.0},{"not_picked":["sneckomod:SoulRoll","sneckomod:UnknownClassTHE_CHAMP_GRAY"],"picked":"sneckomod:UnknownExhaust","floor":15.0},{"not_picked":["sneckomod:UnknownClassSOMNAMBULANT_GRAY+1","sneckomod:UnknownWeak+1"],"picked":"sneckomod:UnknownClassRED+1","floor":16.0},{"not_picked":["sneckomod:Mudshield","sneckomod:SerpentMind"],"picked":"sneckomod:UnknownRarePower","floor":16.0},{"not_picked":["sneckomod:UnknownCommonSkill+1","sneckomod:UnknownClassMYSTIC_PURPLE+1"],"picked":"sneckomod:UnknownColorless+1","floor":19.0},{"not_picked":["sneckomod:UnknownClassTHE_CHAMP_GRAY","sneckomod:SoulDraw"],"picked":"sneckomod:Nope","floor":19.0},{"not_picked":["sneckomod:UnknownWeak+1","sneckomod:Unknown2Cost+1"],"picked":"sneckomod:UnknownClassGLUTTON+1","floor":21.0},{"not_picked":["sneckomod:UnknownClassRED","sneckomod:UnknownClassPURPLE"],"picked":"sneckomod:UnknownClassFORSAKEN_GOLD_COLOR","floor":21.0},{"not_picked":["sneckomod:UnknownWeak+1","sneckomod:UnknownClassPURPLE"],"picked":"sneckomod:DiceCrush","floor":22.0},{"not_picked":["sneckomod:RainOfDice","sneckomod:QuickMove+1"],"picked":"sneckomod:IronFang+1","floor":25.0},{"not_picked":["sneckomod:UnknownClassRED+1","sneckomod:UnknownClassGLUTTON+1"],"picked":"sneckomod:UnknownDexterity+1","floor":26.0},{"not_picked":["sneckomod:SerpentIdol+1","sneckomod:UnknownStrike"],"picked":"sneckomod:UnknownClassCONSTRUCTMOD+1","floor":26.0},{"not_picked":["sneckomod:UnknownCommonSkill+1","sneckomod:UnknownClassBLUE+1"],"picked":"sneckomod:UnknownStrength+1","floor":27.0},{"not_picked":["sneckomod:QuickBite","sneckomod:UnknownClassCONSTRUCTMOD+1"],"picked":"sneckomod:SnakeSap","floor":27.0},{"not_picked":["sneckomod:SerpentIdol+1","sneckomod:UnknownClassGREEN+1"],"picked":"sneckomod:UnknownExhaust+1","floor":28.0},{"not_picked":["sneckomod:UnknownCommonSkill+1","sneckomod:QuickBite+1"],"picked":"sneckomod:UnlimitedRolls","floor":32.0},{"not_picked":["sneckomod:UnknownClassBLUE+1","sneckomod:UnknownClassCONSTRUCTMOD+1"],"picked":"sneckomod:UnknownExhaust+1","floor":33.0},{"not_picked":["sneckomod:Restock+1","sneckomod:SoulExchange+1"],"picked":"sneckomod:MorePower","floor":33.0},{"not_picked":["sneckomod:SoulRoll+1","sneckomod:UnknownVulnerable+1"],"picked":"sneckomod:WideSting+1","floor":36.0},{"not_picked":["sneckomod:UnknownClassTHE_CHAMP_GRAY+1","sneckomod:UnknownClassFORSAKEN_GOLD_COLOR+1","sneckomod:UnknownBlock+1"],"picked":"SKIP","floor":36.0},{"not_picked":["sneckomod:UnknownUncommonSkill+1","sneckomod:UnknownClassHIEROPHANT_GOLD_COLOR+1"],"picked":"sneckomod:UnknownExhaust+1","floor":37.0},{"not_picked":["sneckomod:UnknownBlock+1","sneckomod:IronFang"],"picked":"sneckomod:TrashToTreasure+1","floor":37.0},{"not_picked":["sneckomod:UnknownClassMYSTIC_PURPLE+1","sneckomod:UnknownClassGREEN+1"],"picked":"sneckomod:UnknownStrength+1","floor":38.0},{"not_picked":["sneckomod:IronFang","sneckomod:Cheat+1"],"picked":"sneckomod:Unknown3Cost+1","floor":38.0},{"not_picked":["sneckomod:UnknownClassHIEROPHANT_GOLD_COLOR+1","sneckomod:UnknownClassTHE_CHAMP_GRAY+1"],"picked":"sneckomod:UnknownEthereal+1","floor":39.0},{"not_picked":["sneckomod:UnknownClassBUGKNIGHT_GRAY_COLOR+1","sneckomod:UnknownClassGUARDIAN+1"],"picked":"sneckomod:UnknownClassHEXA_GHOST_PURPLE+1","floor":39.0},{"not_picked":["sneckomod:UnknownBlock+1","sneckomod:UnknownVulnerable+1","sneckomod:SoulExchange+1"],"picked":"SKIP","floor":39.0},{"not_picked":["sneckomod:UnknownBlock+1","sneckomod:QuickBite","sneckomod:UnknownClassSOMNAMBULANT_GRAY+1"],"picked":"SKIP","floor":40.0},{"not_picked":["expansioncontent:SlimeTackle","expansioncontent:DarkVoid"],"picked":"expansioncontent:FaceSlap","floor":43.0},{"not_picked":["sneckomod:UnknownExhaust+1","sneckomod:UnknownClassSOMNAMBULANT_GRAY+1"],"picked":"sneckomod:UnknownClassSLIMEBOUND+1","floor":44.0},{"not_picked":["sneckomod:UnknownClassTHE_CHAMP_GRAY+1","sneckomod:UnknownX+1","sneckomod:DiceCrush"],"picked":"SKIP","floor":44.0},{"not_picked":["sneckomod:UnknownVulnerable+1","sneckomod:SerpentMind","sneckomod:DiceBlock+1"],"picked":"SKIP","floor":45.0},{"not_picked":["sneckomod:RainOfDice","sneckomod:QuickMove+1","sneckomod:TrashToTreasure+1"],"picked":"SKIP","floor":46.0},{"not_picked":["sneckomod:UnknownWeak+1","sneckomod:UnknownClassFORSAKEN_GOLD_COLOR+1","sneckomod:UnknownUncommonAttack+1"],"picked":"SKIP","floor":48.0},{"not_picked":["sneckomod:UnknownClassPURPLE+1","sneckomod:UnknownClassSOMNAMBULANT_GRAY+1"],"picked":"sneckomod:UnknownUncommonPower+1","floor":49.0},{"not_picked":["sneckomod:QuickMove+1","sneckomod:SerpentIdol+1"],"picked":"sneckomod:SlitherStrike+1","floor":49.0},{"not_picked":["sneckomod:UnknownDexterity+1","sneckomod:UnknownClassTHE_CHAMP_GRAY+1","sneckomod:UnknownWeak+1"],"picked":"SKIP","floor":49.0},{"not_picked":["sneckomod:UnknownClassBLUE+1","sneckomod:UnknownClassGLUTTON+1"],"picked":"sneckomod:Unknown3Cost+1","floor":52},{"not_picked":["sneckomod:Unknown+1","sneckomod:UnknownUncommonAttack+1","sneckomod:UnknownCommonAttack+1"],"picked":"SKIP","floor":52},{"not_picked":["sneckomod:IronFang+1","sneckomod:ImprovisedAttack+1","sneckomod:DiceBlock+1"],"picked":"SKIP","floor":52}],"player_experience":619440,"relics_obtained":[{"floor":6.0,"key":"Art of War"},{"floor":11.0,"key":"Potion Belt"},{"floor":24.0,"key":"Toxic Egg 2"},{"floor":26.0,"key":"MealTicket"},{"floor":29.0,"key":"Nilry\u0027s Codex"},{"floor":37.0,"key":"Toy Ornithopter"},{"floor":41.0,"key":"Incense Burner"},{"floor":44.0,"key":"Juzu Bracelet"},{"floor":52,"key":"PreservedInsect"}],"event_choices":[{"cards_removed":["sneckomod:Unknown"],"damage_healed":0.0,"max_hp_gain":0.0,"max_hp_loss":0.0,"gold_gain":0.0,"event_name":"The Cleric","player_choice":"Card Removal","floor":3.0,"gold_loss":0.0,"damage_taken":0.0}],"is_beta":false,"boss_relics":[{"not_picked":["SacredBark","Calling Bell"],"picked":"Snecko Eye"},{"not_picked":["SlaversCollar","construct:WeddingRing"],"picked":"sneckomod:SuperSneckoSoul"}],"items_purged_floors":[21,38,48],"is_endless":false,"potions_floor_spawned":[6,9,15,16,19,28,32,36,40,46],"ascension_level":1}}