{"host":"u4tznopnj1dsdkte","time":1608595571,"event":{"mods":["AchievementEnabler","BaseMod","Colored Map","Colored Powertips","DeckTracker","Highlight Path","Minty Spire (QoL Compilation)","Relic Stats"],"gold_per_floor":[110,185,165,177,69,69,69,69],"floor_reached":7,"playtime":158,"items_purged":[],"score":78,"play_id":"4b909dd5-1cd5-4698-9855-86af1feb9986","local_time":"20201222010611","is_ascension_mode":true,"campfire_choices":[{"data":"Corruption","floor":6,"key":"SMITH"}],"circlet_count":0,"master_deck":["AscendersBane","Strike_R","Strike_R","Strike_R","Strike_R","Strike_R","Defend_R","Defend_R","Defend_R","Defend_R","Bash","Doubt","Corruption+1","True Grit","Entrench","Shrug It Off","True Grit"],"relics":["Burning Blood"],"acts_visited":["Exordium"],"potions_floor_usage":[7],"damage_taken":[{"damage":4,"enemies":"2 Louse","floor":1,"turns":4},{"damage":2,"enemies":"Cultist","floor":4,"turns":4},{"damage":126,"enemies":"Gremlin Nob","floor":7,"turns":6}],"seed_played":"7565399419919281589","potions_obtained":[{"floor":1,"key":"EssenceOfSteel"},{"floor":3,"key":"FairyPotion"}],"is_trial":false,"path_per_floor":["M","?","?","M","$","R","E"],"character_chosen":"IRONCLAD","items_purchased":["Shrug It Off","True Grit"],"campfire_rested":0,"item_purchase_floors":[5,5],"current_hp_per_floor":[70,59,59,63,63,63,0,0],"gold":69,"neow_bonus":"THREE_RARE_CARDS","is_daily":false,"chose_seed":false,"campfire_upgraded":1,"win_rate":0.0,"timestamp":1608595571,"path_taken":["M","?","?","?","$","R","E"],"items_purchased_type":["Card","Card"],"build_version":"2020-12-13","purchased_purges":0,"victory":false,"max_hp_per_floor":[75,75,75,75,75,75,75,75],"relic_stats":{"counters":[3,14],"obtain_stats":[{"Burning Blood":0},{"Burning Blood":0},{"Burning Blood":0}],"Burning Blood":12},"card_choices":[{"not_picked":["Barricade","Feed"],"picked":"Corruption","floor":0},{"not_picked":["Perfected Strike","Cleave"],"picked":"True Grit","floor":1},{"not_picked":["Whirlwind","Dark Embrace"],"picked":"Entrench","floor":4}],"player_experience":1243775,"relics_obtained":[],"event_choices":[{"damage_healed":0,"gold_gain":75,"player_choice":"Gather Gold","damage_taken":11,"max_hp_gain":0,"max_hp_loss":0,"event_name":"World of Goop","floor":2,"gold_loss":0},{"damage_healed":0,"gold_gain":0,"player_choice":"Bought 1 Potion","damage_taken":0,"max_hp_gain":0,"max_hp_loss":0,"event_name":"The Woman in Blue","floor":3,"gold_loss":0}],"is_beta":false,"boss_relics":[],"items_purged_floors":[],"is_endless":false,"potions_floor_spawned":[1],"killed_by":"Gremlin Nob","ascension_level":20}}