{"host":"yo9wwslrag05lh37","time":1608599549,"event":{"mods":["AchievementEnabler","BaseMod","Block Reminder","Colored Map","Colored Powertips","GifTheSpireLib","HexUI Lib","Highlight Path","Minty Spire (QoL Compilation)","Rare Cards Sparkle","Relic Stats","StSLib","everything is the same but u backflip on backflip"],"gold_per_floor":[117,133,150,160,172,247,247,273,273,305,305,332,351,351,351,425,425,443,457,457,457,457,457,485,497,497,497,422,438,452,46,46,120,120,130,130,130,0,14,43,43,75,98,98,98],"floor_reached":44,"playtime":2104,"items_purged":[],"score":1062,"play_id":"7b913fa4-b088-42cd-9faa-1db9c73d02a8","local_time":"20201222021229","is_ascension_mode":true,"campfire_choices":[{"floor":7.0,"key":"REST"},{"floor":11.0,"key":"REST"},{"data":"Zap","floor":15.0,"key":"SMITH"},{"data":"Buffer","floor":23.0,"key":"SMITH"},{"data":"Rainbow","floor":27.0,"key":"SMITH"},{"data":"Apotheosis","floor":32.0,"key":"SMITH"},{"floor":41,"key":"REST"}],"circlet_count":0,"master_deck":["AscendersBane","Defend_B+1","Defend_B+1","Defend_B+1","Zap+1","Dualcast","Doom and Gloom+1","FTL","Turbo","Steam","Capacitor","Ball Lightning","FTL","Ball Lightning","Capacitor","Rainbow+1","Fusion+1","Consume+1","Rainbow+1","FTL+1","Undo","Buffer+1","Biased Cognition","Defragment+1","Cold Snap+1","Core Surge","Apotheosis+1","Buffer","Hologram","Reboot","Force Field","Regret"],"relics":["Cracked Core","Anchor","Pear","Prayer Wheel","Bottled Lightning","Astrolabe","Calipers","DataDisk","Cursed Key","Red Mask","Juzu Bracelet","Whetstone","PreservedInsect"],"acts_visited":["Exordium","TheCity","TheBeyond"],"potions_floor_usage":[42],"damage_taken":[{"damage":0.0,"enemies":"Jaw Worm","floor":1.0,"turns":4.0},{"damage":0.0,"enemies":"2 Louse","floor":2.0,"turns":1.0},{"damage":0.0,"enemies":"Small Slimes","floor":3.0,"turns":2.0},{"damage":26.0,"enemies":"Exordium Wildlife","floor":4.0,"turns":3.0},{"damage":11.0,"enemies":"Blue Slaver","floor":5.0,"turns":4.0},{"damage":20.0,"enemies":"3 Sentries","floor":8.0,"turns":4.0},{"damage":77.0,"enemies":"Gremlin Nob","floor":10.0,"turns":6.0},{"damage":30.0,"enemies":"Lagavulin","floor":12.0,"turns":7.0},{"damage":3.0,"enemies":"Lots of Slimes","floor":13.0,"turns":2.0},{"damage":16.0,"enemies":"Hexaghost","floor":16.0,"turns":7.0},{"damage":26.0,"enemies":"Spheric Guardian","floor":18.0,"turns":4.0},{"damage":8.0,"enemies":"3 Byrds","floor":19.0,"turns":3.0},{"damage":0.0,"enemies":"Gremlin Leader","floor":24.0,"turns":6.0},{"damage":12.0,"enemies":"Snake Plant","floor":25.0,"turns":4.0},{"damage":4.0,"enemies":"Centurion and Healer","floor":29.0,"turns":7.0},{"damage":0.0,"enemies":"Snecko","floor":30.0,"turns":6.0},{"damage":19.0,"enemies":"Champ","floor":33.0,"turns":9.0},{"damage":7.0,"enemies":"3 Shapes","floor":35.0,"turns":3.0},{"damage":0.0,"enemies":"Orb Walker","floor":39.0,"turns":4.0},{"damage":40,"enemies":"Reptomancer","floor":40,"turns":7},{"damage":44,"enemies":"Giant Head","floor":42,"turns":9},{"damage":34,"enemies":"Reptomancer","floor":44,"turns":2}],"seed_played":"-3345159835150015558","potions_obtained":[{"floor":0.0,"key":"Fire Potion"},{"floor":0.0,"key":"Regen Potion"},{"floor":8.0,"key":"FairyPotion"},{"floor":10.0,"key":"LiquidBronze"},{"floor":12.0,"key":"Regen Potion"},{"floor":13.0,"key":"EntropicBrew"},{"floor":19.0,"key":"SneckoOil"},{"floor":25.0,"key":"Fruit Juice"},{"floor":29.0,"key":"LiquidBronze"},{"floor":40,"key":"AttackPotion"}],"is_trial":false,"path_per_floor":["M","M","M","M","M","?","R","E","T","E","R","E","M","?","R","B",null,"M","M","?","?","?","R","E","M","T","R","?","M","M","$","R","B",null,"M","?","?","?","M","E","R","E","T","E"],"character_chosen":"DEFECT","items_purchased":["DataDisk","PowerPotion","Apotheosis"],"campfire_rested":3,"item_purchase_floors":[31,31,31],"current_hp_per_floor":[64,64,64,38,27,16,37,29,39,11,35,5,7,7,7,15,65,39,31,31,31,47,47,47,35,35,35,35,31,31,36,36,17,69,62,62,62,62,62,22,46,2,2,0,0],"gold":98,"neow_bonus":"THREE_SMALL_POTIONS","is_daily":false,"chose_seed":false,"campfire_upgraded":4,"win_rate":0.0,"timestamp":1608599549,"path_taken":["M","M","M","M","M","?","R","E","T","E","R","E","M","?","R","BOSS","M","M","?","?","?","R","E","?","T","R","?","M","M","$","R","BOSS","M","?","?","?","M","E","R","E","T","E"],"items_purchased_type":["Relic","Potion","Card"],"build_version":"2020-12-13","purchased_purges":0,"victory":false,"max_hp_per_floor":[71,71,71,71,71,71,71,71,81,81,81,81,81,81,81,81,81,81,81,81,81,81,81,81,81,81,81,81,81,81,86,86,86,86,86,82,82,82,82,82,82,82,82,82,82],"relic_stats":{"counters":[22,104],"Astrolabe":["Fusion","Consume","Rainbow"],"Prayer Wheel":8,"PreservedInsect":63,"Juzu Bracelet":0,"Whetstone":["FTL","Doom and Gloom"],"Cursed Key":1,"obtain_stats":[{"Pear":9,"Calipers":24,"Astrolabe":17,"PreservedInsect":43,"Juzu Bracelet":40,"Whetstone":42,"Cursed Key":34,"Anchor":8,"DataDisk":31,"Prayer Wheel":10,"Red Mask":38,"Bottled Lightning":12,"Cracked Core":0},{"Pear":6,"Calipers":13,"Astrolabe":10,"PreservedInsect":21,"Juzu Bracelet":20,"Whetstone":21,"Cursed Key":17,"Anchor":6,"DataDisk":16,"Prayer Wheel":7,"Red Mask":18,"Bottled Lightning":8,"Cracked Core":0},{"Pear":18,"Calipers":53,"Astrolabe":40,"PreservedInsect":102,"Juzu Bracelet":93,"Whetstone":102,"Cursed Key":79,"Anchor":18,"DataDisk":70,"Prayer Wheel":24,"Red Mask":82,"Bottled Lightning":31,"Cracked Core":0}]},"card_choices":[{"not_picked":["Sweeping Beam","Stack"],"picked":"Doom and Gloom","floor":1.0},{"not_picked":["Cold Snap","Reprogram"],"picked":"Doom and Gloom","floor":2.0},{"not_picked":["Streamline","Go for the Eyes"],"picked":"FTL","floor":3.0},{"not_picked":["Gash","Streamline"],"picked":"Turbo","floor":4.0},{"not_picked":["Stack","Coolheaded"],"picked":"Steam","floor":5.0},{"not_picked":["Turbo","Barrage"],"picked":"Capacitor","floor":8.0},{"not_picked":["Beam Cell","Steam"],"picked":"Ball Lightning","floor":10.0},{"not_picked":["Hologram","Hyperbeam"],"picked":"FTL","floor":12.0},{"not_picked":["Go for the Eyes","Barrage"],"picked":"Ball Lightning","floor":13.0},{"not_picked":["Beam Cell","Gash"],"picked":"Capacitor","floor":13.0},{"not_picked":["Thunder Strike","Echo Form"],"picked":"Rainbow","floor":16.0},{"not_picked":["Beam Cell","Reinforced Body"],"picked":"FTL","floor":18.0},{"not_picked":["Sweeping Beam","Tempest+1","Consume"],"picked":"SKIP","floor":18.0},{"not_picked":["All For One","Redo"],"picked":"Undo","floor":19.0},{"not_picked":["Ball Lightning","Barrage","Redo"],"picked":"SKIP","floor":19.0},{"not_picked":["Hello World","Turbo+1"],"picked":"Defragment+1","floor":24.0},{"not_picked":["Capacitor","Ball Lightning"],"picked":"Cold Snap+1","floor":25.0},{"not_picked":["Steam","Barrage","Stack"],"picked":"SKIP","floor":25.0},{"not_picked":["Turbo","Cold Snap","Go for the Eyes"],"picked":"SKIP","floor":29.0},{"not_picked":["Stack+1","Go for the Eyes","Rebound"],"picked":"SKIP","floor":29.0},{"not_picked":["FTL+1","Ball Lightning"],"picked":"Core Surge","floor":30.0},{"not_picked":["Hyperbeam","Barrage","Hologram"],"picked":"SKIP","floor":30.0},{"not_picked":["Reboot","Thunder Strike"],"picked":"Buffer","floor":33.0},{"not_picked":["Steam","Redo"],"picked":"Hologram","floor":35.0},{"not_picked":["Beam Cell","Cold Snap","Go for the Eyes"],"picked":"SKIP","floor":35.0},{"not_picked":["Go for the Eyes","Rebound+1"],"picked":"Reboot","floor":39.0},{"not_picked":["Melter","Barrage","Beam Cell"],"picked":"SKIP","floor":39.0},{"not_picked":["Rebound","Darkness","Beam Cell+1"],"picked":"SKIP","floor":40},{"not_picked":["Turbo+1","Sweeping Beam+1"],"picked":"Force Field","floor":42}],"player_experience":1373605,"relics_obtained":[{"floor":8.0,"key":"Anchor"},{"floor":9.0,"key":"Pear"},{"floor":10.0,"key":"Prayer Wheel"},{"floor":12.0,"key":"Bottled Lightning"},{"floor":24.0,"key":"Calipers"},{"floor":40,"key":"Juzu Bracelet"},{"floor":42,"key":"Whetstone"},{"floor":43,"key":"PreservedInsect"}],"event_choices":[{"damage_healed":0.0,"max_hp_gain":0.0,"max_hp_loss":0.0,"gold_gain":75.0,"event_name":"World of Goop","player_choice":"Gather Gold","floor":6.0,"gold_loss":0.0,"damage_taken":11.0},{"damage_healed":0.0,"max_hp_gain":0.0,"max_hp_loss":0.0,"gold_gain":0.0,"event_name":"Dead Adventurer","player_choice":"Searched \u00270\u0027 times","floor":14.0,"gold_loss":0.0,"damage_taken":0.0},{"damage_healed":0.0,"max_hp_gain":0.0,"max_hp_loss":0.0,"gold_gain":0.0,"cards_transformed":["Strike_B","Defend_B"],"event_name":"Drug Dealer","player_choice":"Became Test Subject","floor":20.0,"gold_loss":0.0,"damage_taken":0.0,"cards_obtained":["Buffer","Biased Cognition"]},{"damage_healed":0.0,"max_hp_gain":0.0,"max_hp_loss":0.0,"gold_gain":0.0,"event_name":"Back to Basics","player_choice":"Simplicity","floor":21.0,"gold_loss":0.0,"damage_taken":0.0,"cards_upgraded":["Defend_B","Defend_B","Defend_B"]},{"damage_healed":16.0,"max_hp_gain":0.0,"max_hp_loss":0.0,"gold_gain":0.0,"event_name":"The Library","player_choice":"Heal","floor":22.0,"gold_loss":0.0,"damage_taken":0.0},{"cards_removed":["Doom and Gloom"],"damage_healed":0.0,"max_hp_gain":0.0,"max_hp_loss":0.0,"gold_gain":0.0,"event_name":"Beggar","player_choice":"Gave Gold","floor":28.0,"gold_loss":75.0,"damage_taken":0.0},{"damage_healed":0.0,"max_hp_gain":0.0,"max_hp_loss":4.0,"gold_gain":0.0,"event_name":"Winding Halls","player_choice":"Max HP","floor":36.0,"gold_loss":0.0,"damage_taken":0.0},{"damage_healed":0.0,"max_hp_gain":0.0,"max_hp_loss":0.0,"gold_gain":0.0,"event_name":"Mysterious Sphere","player_choice":"Ignored","floor":37.0,"gold_loss":0.0,"damage_taken":0.0},{"damage_healed":0.0,"max_hp_gain":0.0,"max_hp_loss":0.0,"gold_gain":0.0,"event_name":"Tomb of Lord Red Mask","player_choice":"Paid","floor":38.0,"gold_loss":130.0,"damage_taken":0.0,"relics_obtained":["Red Mask"]}],"is_beta":false,"boss_relics":[{"not_picked":["Tiny House","Inserter"],"picked":"Astrolabe"},{"not_picked":["Nuclear Battery","FrozenCore"],"picked":"Cursed Key"}],"items_purged_floors":[],"is_endless":false,"potions_floor_spawned":[2,5,8,10,12,13,19,25,29,40],"killed_by":"Reptomancer","ascension_level":20}}