{"host":"uflv0e3ja7hvnij7","time":1608633010,"event":{"mods":["BaseMod","Conspire","Hubris","Minty Spire (QoL Compilation)","Replay The Spire","StSLib","The Bug Knight"],"gold_per_floor":[209,209,224,242,242,242,167,185,185,199,225,241,91,110,110,110,110],"floor_reached":16,"playtime":1138,"items_purged":["Rupture"],"score":104,"play_id":"f17b93a8-6393-47f5-ab98-a863ac05a7a6","local_time":"20201222053010","is_ascension_mode":false,"campfire_choices":[{"data":"Bash","floor":6,"key":"SMITH"},{"data":"ReplayReversal","floor":15,"key":"SMITH"}],"circlet_count":0,"master_deck":["Berserk+1","Strike_R","Strike_R","Strike_R","Strike_R","Defend_R","Defend_R","Defend_R","Bash+1","Body Slam","Clothesline","Ghostly Armor","hubris:ReadiedAction","Cleave","ReplayReversal+1"],"relics":["Burning Blood","Blood Vial","Happy Flower","HandDrill"],"acts_visited":["Exordium"],"potions_floor_usage":[14,16,16],"damage_taken":[{"damage":1,"enemies":"2 Louse","floor":1,"turns":3},{"damage":5,"enemies":"Cultist","floor":3,"turns":4},{"damage":6,"enemies":"Jaw Worm","floor":4,"turns":3},{"damage":5,"enemies":"Red Slaver","floor":8,"turns":5},{"damage":2,"enemies":"Looter","floor":10,"turns":3},{"damage":11,"enemies":"Lagavulin","floor":11,"turns":6},{"damage":6,"enemies":"Large Slime","floor":12,"turns":6},{"damage":10,"enemies":"Gremlin Gang","floor":14,"turns":4},{"damage":85,"enemies":"Slime Boss","floor":16,"turns":10}],"seed_played":"-4143262975042747526","potions_obtained":[{"floor":1,"key":"Swift Potion"},{"floor":10,"key":"Swift Potion"},{"floor":12,"key":"SteroidPotion"}],"is_trial":false,"path_per_floor":["M","?","M","M","?","R","$","M","T","M","E","M","$","M","R","B"],"character_chosen":"IRONCLAD","items_purchased":["HandDrill"],"campfire_rested":0,"item_purchase_floors":[13],"current_hp_per_floor":[80,80,80,80,80,80,80,80,80,80,75,77,77,75,75,0,0],"gold":110,"neow_bonus":"HUNDRED_GOLD","is_daily":false,"chose_seed":false,"campfire_upgraded":2,"win_rate":0.0,"timestamp":1608633010,"path_taken":["M","?","?","M","?","R","$","M","T","?","E","M","$","M","R","BOSS"],"items_purchased_type":["Relic"],"build_version":"2020-12-13","purchased_purges":1,"victory":false,"max_hp_per_floor":[80,80,80,80,80,80,80,80,80,80,80,80,80,80,80,80,80],"card_choices":[{"not_picked":["Massacre","Flex"],"picked":"Body Slam","floor":1},{"not_picked":["Evolve","Flex"],"picked":"Clothesline","floor":3},{"not_picked":["Searing Blow","Headbutt"],"picked":"Ghostly Armor","floor":4},{"not_picked":["Clothesline","Pummel"],"picked":"hubris:ReadiedAction","floor":8},{"not_picked":["ReplayTheSpireMod:Limb From Limb","Anger","Limit Break"],"picked":"SKIP","floor":10},{"not_picked":["Evolve","Replay:Undeath\u0027s Touch"],"picked":"Cleave","floor":11},{"not_picked":["Clash","Wild Strike","Sword Boomerang"],"picked":"SKIP","floor":12},{"not_picked":["Havoc","Heavy Blade"],"picked":"ReplayReversal","floor":14}],"player_experience":262409,"relics_obtained":[{"floor":9,"key":"Blood Vial"},{"floor":11,"key":"Happy Flower"}],"event_choices":[{"cards_removed":["Strike_R"],"damage_healed":0,"gold_gain":0,"player_choice":"Purged","damage_taken":0,"max_hp_gain":0,"max_hp_loss":0,"event_name":"Purifier","floor":2,"gold_loss":0},{"damage_healed":0,"gold_gain":0,"cards_transformed":["Defend_R"],"player_choice":"Transformed","damage_taken":0,"max_hp_gain":0,"max_hp_loss":0,"event_name":"Transmorgrifier","floor":5,"gold_loss":0,"cards_obtained":["Rupture"]}],"is_beta":false,"boss_relics":[],"items_purged_floors":[7],"is_endless":false,"potions_floor_spawned":[1,10,12],"killed_by":"Slime Boss","ascension_level":0}}