{"host":"2o3sockympbxxanu","time":1608635732,"event":{"mods":["AchievementEnabler","BaseMod","Colored Map","Colored Powertips","Downfall","Marisa£®ÏF”Í°°ƒß¿Ì…≥£©","Minty Spire (QoL Compilation)","StSLib"],"gold_per_floor":[112,112,123,123,138,138,165,178,178,178,216,216,79,117,117,222,222,249,249,159,178,13,13,13,13,13,23,38,38,55,77,77,175,175,200,50,50,68,91,91,104,104,104,125,0,0,40,40,40],"floor_reached":48,"playtime":4189,"items_purged":["Regret","Strike_G","Defend_G"],"score":526,"play_id":"593ec880-8a6c-4899-9afe-565bb58975ea","local_time":"20201222191532","is_ascension_mode":true,"campfire_choices":[{"data":"Noxious Fumes","floor":6.0,"key":"SMITH"},{"data":"PiercingWail","floor":10.0,"key":"SMITH"},{"floor":15.0,"key":"REST"},{"data":"Catalyst","floor":23.0,"key":"SMITH"},{"floor":25.0,"key":"REST"},{"floor":29.0,"key":"REST"},{"floor":32.0,"key":"REST"},{"floor":40,"key":"REST"},{"floor":46,"key":"REST"}],"circlet_count":0,"master_deck":["Strike_G","Strike_G","Strike_G+1","Defend_G","Defend_G","Defend_G","Survivor","Neutralize","Slice","Noxious Fumes+1","Slice+1","PiercingWail+1","Terror","Infinite Blades","Deadly Poison","Die Die Die+1","Accuracy+1","Catalyst+1","Deflect+1","Slice+1","Neutralize+1","Dagger Spray+1","Blade Dance","Blade Dance+1","Deadly Poison+1"],"relics":["Ring of the Snake","NeowsBlessing","Omamori","Molten Egg 2","CeramicFish","Paper Crane","Regal Pillow","SlaversCollar","Nilry\u0027s Codex","Calling Bell","Tiny Chest","StrikeDummy","Ice Cream","TwistedFunnel","Mango","PreservedInsect","Anchor"],"acts_visited":["Exordium","TheCity","TheBeyond"],"potions_floor_usage":[44],"damage_taken":[{"damage":0.0,"enemies":"2 Louse","floor":1.0,"turns":1.0},{"damage":0.0,"enemies":"Cultist","floor":3.0,"turns":1.0},{"damage":0.0,"enemies":"Jaw Worm","floor":5.0,"turns":1.0},{"damage":14.0,"enemies":"3 Sentries","floor":7.0,"turns":6.0},{"damage":5.0,"enemies":"Blue Slaver","floor":8.0,"turns":5.0},{"damage":18.0,"enemies":"Gremlin Nob","floor":11.0,"turns":5.0},{"damage":19.0,"enemies":"3 Sentries","floor":14.0,"turns":6.0},{"damage":42.0,"enemies":"The Guardian","floor":16.0,"turns":9.0},{"damage":17.0,"enemies":"2 Thieves","floor":18.0,"turns":4.0},{"damage":22.0,"enemies":"3 Byrds","floor":21.0,"turns":3.0},{"damage":50.0,"enemies":"Snecko","floor":27.0,"turns":5.0},{"damage":13.0,"enemies":"Centurion and Healer","floor":28.0,"turns":4.0},{"damage":27.0,"enemies":"Cultist and Chosen","floor":30.0,"turns":5.0},{"damage":23.0,"enemies":"Snecko","floor":31.0,"turns":5.0},{"damage":21.0,"enemies":"Collector","floor":33.0,"turns":7.0},{"damage":11.0,"enemies":"3 Shapes","floor":35.0,"turns":4.0},{"damage":37,"enemies":"3 Darklings","floor":39,"turns":4},{"damage":50,"enemies":"Spire Growth","floor":41,"turns":5},{"damage":5,"enemies":"Maw","floor":44,"turns":6},{"damage":29,"enemies":"Giant Head","floor":47,"turns":7},{"damage":31,"enemies":"3 Darklings","floor":48,"turns":2}],"seed_played":"-2235415393222195557","potions_obtained":[{"floor":1.0,"key":"FairyPotion"},{"floor":4.0,"key":"EntropicBrew"},{"floor":4.0,"key":"Slimebound:ThreeZeroPotion"},{"floor":8.0,"key":"Energy Potion"},{"floor":30.0,"key":"SkillPotion"},{"floor":35.0,"key":"BlessingOfTheForge"},{"floor":39,"key":"SkillPotion"},{"floor":47,"key":"Fire Potion"}],"is_trial":false,"path_per_floor":["M","?","M","?","M","R","E","M","T","R","E","?","$","E","R","B",null,"M","?","?","M","$","R","?","R","T","M","M","R","M","M","R","B",null,"M","$","?","?","M","R","M","T","T","M","$","R","E","M"],"character_chosen":"THE_SILENT","items_purchased":["Infinite Blades","Catalyst","TwistedFunnel"],"campfire_rested":6,"item_purchase_floors":[13,22,36],"current_hp_per_floor":[70,70,70,70,70,70,56,51,51,51,33,50,50,31,67,25,70,53,37,37,15,15,15,15,51,51,1,17,53,26,3,39,18,70,59,59,59,59,22,58,8,22,22,17,17,57,28,0,0],"gold":40,"neow_bonus":"THREE_ENEMY_KILL","is_daily":false,"chose_seed":false,"campfire_upgraded":3,"win_rate":0.0,"timestamp":1608635732,"path_taken":["M","?","M","?","M","R","E","?","T","R","E","?","?","E","R","BOSS","M","?","?","?","$","R","?","R","T","M","M","R","M","?","R","BOSS","M","$","?","?","?","R","M","?","T","M","$","R","E","M"],"items_purchased_type":["Card","Card","Relic"],"build_version":"2020-12-13","purchased_purges":3,"victory":false,"max_hp_per_floor":[70,70,70,70,70,70,70,70,70,70,70,70,70,70,70,70,70,70,70,70,70,70,70,70,70,70,70,70,70,70,70,70,70,70,70,70,70,70,70,70,70,84,84,84,84,84,84,84,84],"card_choices":[{"not_picked":["Choke","Predator"],"picked":"Slice","floor":1.0},{"not_picked":["Eviscerate","Backflip"],"picked":"Noxious Fumes","floor":3.0},{"not_picked":["Expertise","Dagger Throw","Dodge and Roll"],"picked":"SKIP","floor":5.0},{"not_picked":["Envenom","Flying Knee+1"],"picked":"Slice+1","floor":7.0},{"not_picked":["Leg Sweep","Tactician"],"picked":"PiercingWail","floor":8.0},{"not_picked":["Endless Agony+1","Cloak And Dagger"],"picked":"Terror","floor":11.0},{"not_picked":["Dagger Throw+1","PiercingWail"],"picked":"Deadly Poison","floor":14.0},{"not_picked":["Phantasmal Killer","Unload+1"],"picked":"Die Die Die+1","floor":16.0},{"not_picked":["Leg Sweep","Dagger Spray+1"],"picked":"Accuracy+1","floor":18.0},{"not_picked":["Dagger Throw+1","Acrobatics+1","Expertise"],"picked":"SKIP","floor":21.0},{"not_picked":["Deadly Poison","Predator+1","Accuracy"],"picked":"SKIP","floor":27.0},{"not_picked":["Slice+1","Dagger Throw+1","Reflex"],"picked":"SKIP","floor":28.0},{"not_picked":["Dagger Throw+1","Backflip+1","Slice+1"],"picked":"SKIP","floor":30.0},{"not_picked":["Glass Knife+1","Dodge and Roll+1"],"picked":"Deflect+1","floor":31.0},{"not_picked":["Crippling Poison+1","Concentrate"],"picked":"Slice+1","floor":35.0},{"not_picked":["Acrobatics+1","Distraction"],"picked":"Blade Dance","floor":39},{"not_picked":["Poisoned Stab+1","Dagger Throw+1","Envenom"],"picked":"SKIP","floor":41},{"not_picked":["Flechettes+1","Bane+1"],"picked":"Blade Dance+1","floor":44},{"not_picked":["Finisher+1","Prepared+1"],"picked":"Deadly Poison+1","floor":47}],"player_experience":264613,"relics_obtained":[{"floor":7.0,"key":"Molten Egg 2"},{"floor":9.0,"key":"CeramicFish"},{"floor":11.0,"key":"Paper Crane"},{"floor":14.0,"key":"Regal Pillow"},{"floor":19.0,"key":"Nilry\u0027s Codex"},{"floor":34.0,"key":"Tiny Chest"},{"floor":34.0,"key":"StrikeDummy"},{"floor":34.0,"key":"Ice Cream"},{"floor":42,"key":"Mango"},{"floor":43,"key":"PreservedInsect"},{"floor":47,"key":"Anchor"}],"event_choices":[{"damage_healed":0.0,"max_hp_gain":0.0,"max_hp_loss":0.0,"gold_gain":0.0,"event_name":"Big Fish","player_choice":"Box","floor":2.0,"gold_loss":0.0,"damage_taken":0.0,"relics_obtained":["Omamori"],"cards_obtained":["Regret"]},{"damage_healed":0.0,"max_hp_gain":0.0,"max_hp_loss":0.0,"gold_gain":0.0,"event_name":"Lab","player_choice":"Got Potions","floor":4.0,"gold_loss":0.0,"damage_taken":0.0},{"damage_healed":17.0,"max_hp_gain":0.0,"max_hp_loss":0.0,"gold_gain":0.0,"event_name":"Mushrooms","player_choice":"Healed and dodged fight","floor":12.0,"gold_loss":0.0,"damage_taken":0.0,"cards_obtained":["Parasite"]},{"damage_healed":0.0,"max_hp_gain":0.0,"max_hp_loss":0.0,"gold_gain":0.0,"event_name":"Cursed Tome","player_choice":"Obtained Book","floor":19.0,"gold_loss":0.0,"damage_taken":16.0},{"cards_removed":["Defend_G"],"damage_healed":0.0,"max_hp_gain":0.0,"max_hp_loss":0.0,"gold_gain":0.0,"event_name":"Designer","player_choice":"Upgrade and Remove","floor":20.0,"gold_loss":90.0,"damage_taken":0.0,"cards_upgraded":["Strike_G"]},{"cards_removed":["Strike_G"],"damage_healed":0.0,"max_hp_gain":0.0,"max_hp_loss":0.0,"gold_gain":0.0,"event_name":"Bonfire Elementals","player_choice":"Offered Basic","floor":24.0,"gold_loss":0.0,"damage_taken":0.0},{"damage_healed":0.0,"max_hp_gain":0.0,"max_hp_loss":0.0,"gold_gain":0.0,"event_name":"Mysterious Sphere","player_choice":"Ignored","floor":37.0,"gold_loss":0.0,"damage_taken":0.0},{"damage_healed":0,"gold_gain":0,"player_choice":"2 cards matched","damage_taken":0,"max_hp_gain":0,"max_hp_loss":0,"event_name":"Match and Keep!","floor":38,"gold_loss":0,"cards_obtained":["Neutralize","Dagger Spray"]}],"is_beta":false,"boss_relics":[{"not_picked":["Velvet Choker","Sozu"],"picked":"SlaversCollar"},{"not_picked":["Astrolabe","Empty Cage"],"picked":"Calling Bell"}],"items_purged_floors":[13,22,45],"is_endless":false,"potions_floor_spawned":[1,5,8,11,21,27,30,35,39,47],"killed_by":"3 Darklings","ascension_level":2}}