{"host":"yuhy0i501zzmn1iz","time":1608614424,"event":{"mods":["AchievementEnabler","AlwaysNeverKeys","BaseMod","Bestiary","Better Match","Better Third Choice","Curses Come First","Downfall","Minty Spire (QoL Compilation)","StSLib","The Blue Laboratory","slay the spire mod where everything is the same but ironclad has a cowboy hat"],"gold_per_floor":[99,99,110,126,145,16,16,51,69,69,100,118,118,130,150,246,246,21,6,18,18,118,130,201,201,212,212,212,230,230,244,261,261,261,261],"floor_reached":33,"playtime":2308,"items_purged":[],"score":286,"play_id":"caf5d285-2651-4167-a872-9196bdaa7b58","local_time":"20201222002024","is_ascension_mode":false,"campfire_choices":[{"data":"champ:ShieldThrow","floor":1.0,"key":"SMITH"},{"data":"champ:BerserkerStyle","floor":10.0,"key":"SMITH"},{"data":"champ:Taunt","floor":18,"key":"SMITH"},{"floor":27,"key":"REST"},{"data":"champ:ArenaPreparation","floor":30,"key":"SMITH"}],"circlet_count":0,"master_deck":["champ:Strike","champ:Strike","champ:Strike","champ:Defend","champ:Defend","champ:Defend","champ:Defend","champ:Execute","champ:Taunt+1","champ:ShieldThrow+1","champ:DefensiveShout","champ:FalseCounter","champ:PerfectedStrike","champ:Duel","champ:RecklessLeap","champ:BerserkerStyle+1","champ:AdrenalArmor","champ:DefensiveShout","champ:RisingSlash","champ:BringItOn","champ:BerserkersShout","champ:ArenaPreparation+1","champ:MurderStrike","CurseOfTheBell","champ:ShieldWall+1","champ:CalledShot","champ:DeathBlow","champ:ArenaPreparation","champ:FaceSlap","champ:EnGarde+1","champ:EnragedBash+1","champ:FocusedDefense"],"relics":["champ:ChampionCrown","champ:LiftRelic","Smiling Mask","Torii","Calling Bell","Bronze Scales","StrikeDummy","Mango","downfall:HeartBlessingRed","downfall:HeartBlessingGreen","downfall:HeartBlessingBlue","downfall:RedIOU","White Beast Statue","Bottled Lightning"],"acts_visited":["Exordium","TheCity"],"potions_floor_usage":[16,22,29,31,32],"damage_taken":[{"damage":5.0,"enemies":"Small Slimes","floor":3.0,"turns":2.0},{"damage":5.0,"enemies":"2 Louse","floor":4.0,"turns":2.0},{"damage":0.0,"enemies":"Cultist","floor":5.0,"turns":2.0},{"damage":10.0,"enemies":"downfall:FleeingMerchant","floor":6.0,"turns":4.0},{"damage":47.0,"enemies":"Lagavulin","floor":8.0,"turns":4.0},{"damage":5.0,"enemies":"Blue Slaver","floor":9.0,"turns":3.0},{"damage":35.0,"enemies":"Gremlin Nob","floor":11.0,"turns":3.0},{"damage":11.0,"enemies":"3 Louse","floor":12.0,"turns":3.0},{"damage":25.0,"enemies":"Gremlin Gang","floor":14.0,"turns":4.0},{"damage":17.0,"enemies":"Lots of Slimes","floor":15.0,"turns":3.0},{"damage":46,"enemies":"downfall:Watcher","floor":16,"turns":7},{"damage":38,"enemies":"downfall:FleeingMerchant","floor":19,"turns":4},{"damage":14,"enemies":"Shell Parasite","floor":20,"turns":3},{"damage":60,"enemies":"downfall:LadyInBlue","floor":22,"turns":7},{"damage":29,"enemies":"Snecko","floor":23,"turns":5},{"damage":70,"enemies":"Snake Plant","floor":26,"turns":3},{"damage":58,"enemies":"Centurion and Healer","floor":29,"turns":3},{"damage":75,"enemies":"Sentry and Sphere","floor":31,"turns":4},{"damage":41,"enemies":"Snake Plant","floor":32,"turns":3},{"damage":49,"enemies":"downfall:Silent","floor":33,"turns":4}],"seed_played":"-5478062247007154737","potions_obtained":[{"floor":3.0,"key":"Weak Potion"},{"floor":8.0,"key":"blueLaboratory:FruitPunch"},{"floor":9.0,"key":"BlessingOfTheForge"},{"floor":14.0,"key":"blueLaboratory:BubblePotion"},{"floor":16,"key":"CultistPotion"},{"floor":22,"key":"Fire Potion"},{"floor":22,"key":"blueLaboratory:HeartbeatPotion"},{"floor":22,"key":"blueLaboratory:PhilterOfMotion"},{"floor":26,"key":"blueLaboratory:SavagePotion"},{"floor":29,"key":"champ:CounterPotion"},{"floor":31,"key":"blueLaboratory:PyrophylliteBrew"},{"floor":32,"key":"blueLaboratory:BottleOfRum"}],"is_trial":false,"path_per_floor":["R","?","M","M","M","$","T","E","M","R","E","M","?","M","M","B",null,"R","$","M","?","?","M","T","?","M","R","?","M","R","M","M","B"],"character_chosen":"THE_CHAMP","items_purchased":["champ:RecklessLeap","champ:BerserkerStyle"],"campfire_rested":1,"item_purchase_floors":[6,6],"current_hp_per_floor":[90,90,90,90,90,85,85,59,59,59,49,42,42,32,30,19,106,116,116,116,116,96,90,90,90,69,103,103,81,81,51,49,0,0,0],"gold":261,"neow_bonus":"ONE_RANDOM_RARE_CARD","is_daily":false,"chose_seed":false,"campfire_upgraded":4,"win_rate":0.0,"timestamp":1608614424,"path_taken":["R","?","M","M","M","$","T","E","M","R","E","M","?","M","M","BOSS","R","$","M","?","?","?","T","?","M","R","?","M","R","?","M","BOSS"],"items_purchased_type":["Card","Card"],"build_version":"2020-12-13","purchased_purges":0,"victory":false,"max_hp_per_floor":[90,90,90,90,90,90,90,90,90,90,92,92,92,92,92,92,106,116,116,116,116,116,116,116,116,116,116,116,116,116,116,116,116,116,116],"card_choices":[{"not_picked":["champ:FanOfKnives","champ:EnragedBash"],"picked":"champ:DefensiveShout","floor":3.0},{"not_picked":["champ:DeathBlow","champ:Encircle"],"picked":"champ:FalseCounter","floor":4.0},{"not_picked":["champ:Encircle","champ:BladeFlurry"],"picked":"champ:PerfectedStrike","floor":5.0},{"not_picked":["champ:FocusedGladiator","champ:IronFortress"],"picked":"champ:Duel","floor":6.0},{"not_picked":["champ:RapidStrikes","champ:FlashCut"],"picked":"champ:AdrenalArmor","floor":8.0},{"not_picked":["champ:GladiatorsShout","champ:GladiatorStyle"],"picked":"champ:DefensiveShout","floor":9.0},{"not_picked":["champ:FanOfKnives","champ:TornadoPunch"],"picked":"champ:RisingSlash","floor":11.0},{"not_picked":["champ:PreciseThrust","champ:AdrenalArmor"],"picked":"champ:BringItOn","floor":12.0},{"not_picked":["champ:AdrenalArmor","champ:FanOfKnives"],"picked":"champ:BerserkersShout","floor":14.0},{"not_picked":["champ:Circumvent","champ:StanceDance"],"picked":"champ:ArenaPreparation","floor":15.0},{"not_picked":["champ:ShieldSlam","champ:HeavySlash"],"picked":"champ:MurderStrike","floor":16},{"not_picked":["champ:Encircle","champ:ShieldWall"],"picked":"champ:Lariat","floor":19},{"not_picked":["champ:GladiatorStyle+1","champ:BerserkersShout"],"picked":"champ:ShieldWall+1","floor":20},{"not_picked":["champ:FalseCounter","champ:IronFortress+1"],"picked":"champ:CalledShot","floor":22},{"not_picked":["champ:BladeFlurry+1","champ:Aggression"],"picked":"champ:DeathBlow","floor":23},{"not_picked":["champ:EndlessRage+1","champ:Backstep"],"picked":"champ:ArenaPreparation","floor":26},{"not_picked":["champ:BladeFlurry","champ:GladiatorsShout"],"picked":"champ:EnGarde+1","floor":29},{"not_picked":["champ:Encircle","champ:BringItOn+1"],"picked":"champ:EnragedBash+1","floor":31},{"not_picked":["champ:ArenaPreparation","champ:DefensiveShout"],"picked":"champ:FocusedDefense","floor":32}],"player_experience":223781,"relics_obtained":[{"floor":7.0,"key":"Smiling Mask"},{"floor":8.0,"key":"Pen Nib"},{"floor":11.0,"key":"Torii"},{"floor":17,"key":"Bronze Scales"},{"floor":17,"key":"StrikeDummy"},{"floor":17,"key":"Mango"},{"floor":22,"key":"White Beast Statue"},{"floor":24,"key":"Bottled Lightning"}],"event_choices":[{"damage_healed":0,"gold_gain":0,"player_choice":"Ignored","damage_taken":0,"max_hp_gain":0,"max_hp_loss":0,"event_name":"Vampires","floor":25,"gold_loss":0},{"damage_healed":0,"gold_gain":0,"cards_transformed":["champ:Lariat"],"player_choice":"Transformed","damage_taken":0,"max_hp_gain":0,"max_hp_loss":0,"event_name":"Transmorgrifier","floor":28,"gold_loss":0,"cards_obtained":["champ:FaceSlap"]}],"is_beta":false,"boss_relics":[{"not_picked":["Astrolabe","Cursed Key"],"picked":"Calling Bell"}],"items_purged_floors":[],"is_endless":false,"potions_floor_spawned":[3,8,9,14,16,23,26,29,31,32],"killed_by":"downfall:Silent","ascension_level":0}}