{"host":"29mhc2ja7u6lu5r0","time":1608656217,"event":{"mods":["AchievementEnabler","BaseMod","Block Reminder","Colored Map","Colored Powertips","Highlight Path","Minty Spire (QoL Compilation)","Quick Restart","SuperFastMode","slay the spire mod where everything is the same but ironclad has a cowboy hat"],"gold_per_floor":[217,65,65,84,99,99,140,140,140,171,171,199,223,247,247,346,346,366,366,68,122,156,156,180,180,213,227,270,270,317,122,122,230,230,243,243,243,252,283,299,299,299,378,378,392,392,38,54,54,54],"floor_reached":51,"playtime":3206,"items_purged":["Regret","Shame","Strike_R"],"score":1354,"play_id":"35d267b2-6572-4d59-bd7d-17d29a211ead","local_time":"20201222195657","is_ascension_mode":true,"campfire_choices":[{"data":"Armaments","floor":6.0,"key":"SMITH"},{"floor":8.0,"key":"DIG"},{"floor":15.0,"key":"DIG"},{"floor":23.0,"key":"DIG"},{"floor":29.0,"key":"REST"},{"floor":32.0,"key":"REST"},{"floor":42.0,"key":"DIG"},{"floor":44.0,"key":"REST"},{"floor":46.0,"key":"DIG"},{"floor":49,"key":"REST"}],"circlet_count":0,"master_deck":["AscendersBane","Strike_R","Strike_R","Defend_R","Defend_R","Defend_R","Defend_R+1","Bash","Fire Breathing","Injury","Armaments+1","Uppercut","Battle Trance","True Grit+1","Demon Form","Pummel","Injury","Decay","Heavy Blade+1","Twin Strike+1","Limit Break","Parasite"],"relics":["Burning Blood","Tiny Chest","Golden Idol","Shovel","Blood Vial","Bottled Lightning","Strawberry","Centennial Puzzle","Odd Mushroom","CeramicFish","Red Skull","Cursed Key","ClockworkSouvenir","Bag of Marbles","Smiling Mask","Singing Bowl","MutagenicStrength","Bronze Scales","Gambling Chip","Molten Egg 2","War Paint","Empty Cage","Shuriken","Lizard Tail","Potion Belt","Paper Frog","Blue Candle","Ginger"],"acts_visited":["Exordium","TheCity","TheBeyond"],"potions_floor_usage":[50,50],"damage_taken":[{"damage":9.0,"enemies":"2 Louse","floor":1.0,"turns":3.0},{"damage":5.0,"enemies":"Small Slimes","floor":4.0,"turns":4.0},{"damage":2.0,"enemies":"Jaw Worm","floor":5.0,"turns":7.0},{"damage":28.0,"enemies":"Gremlin Nob","floor":7.0,"turns":4.0},{"damage":20.0,"enemies":"3 Sentries","floor":10.0,"turns":5.0},{"damage":14.0,"enemies":"The Mushroom Lair","floor":12.0,"turns":3.0},{"damage":22.0,"enemies":"Exordium Thugs","floor":13.0,"turns":7.0},{"damage":32.0,"enemies":"Hexaghost","floor":16.0,"turns":12.0},{"damage":30.0,"enemies":"Spheric Guardian","floor":18.0,"turns":9.0},{"damage":7.0,"enemies":"Chosen","floor":24.0,"turns":5.0},{"damage":27.0,"enemies":"3 Cultists","floor":27.0,"turns":5.0},{"damage":19.0,"enemies":"Slavers","floor":28.0,"turns":3.0},{"damage":22.0,"enemies":"Book of Stabbing","floor":30.0,"turns":4.0},{"damage":14.0,"enemies":"Champ","floor":33.0,"turns":9.0},{"damage":13.0,"enemies":"3 Shapes","floor":35.0,"turns":6.0},{"damage":0.0,"enemies":"3 Darklings","floor":37.0,"turns":2.0},{"damage":6.0,"enemies":"Mind Bloom Boss Battle","floor":39.0,"turns":7.0},{"damage":43.0,"enemies":"Transient","floor":40.0,"turns":5.0},{"damage":26.0,"enemies":"Writhing Mass","floor":45.0,"turns":3.0},{"damage":20,"enemies":"3 Darklings","floor":48,"turns":4},{"damage":66,"enemies":"Time Eater","floor":50,"turns":6}],"seed_played":"-6838264842555416427","potions_obtained":[{"floor":1.0,"key":"Strength Potion"},{"floor":4.0,"key":"Swift Potion"},{"floor":7.0,"key":"ElixirPotion"},{"floor":13.0,"key":"Regen Potion"},{"floor":19.0,"key":"PowerPotion"},{"floor":19.0,"key":"AttackPotion"},{"floor":28.0,"key":"SmokeBomb"},{"floor":40.0,"key":"ElixirPotion"},{"floor":45.0,"key":"BlessingOfTheForge"}],"is_trial":false,"path_per_floor":["M","$","?","M","M","R","E","R","T","E","?","?","M","T","R","B",null,"M","?","$","T","T","R","M","?","T","M","E","R","E","$","R","B",null,"M","?","M","T","?","M","?","R","T","R","M","R","$","M","R","B",null],"character_chosen":"IRONCLAD","items_purchased":["Tiny Chest","ClockworkSouvenir","Pummel","War Paint","Ginger"],"campfire_rested":4,"item_purchase_floors":[2,20,20,31,47],"current_hp_per_floor":[65,65,65,66,70,70,48,48,48,43,43,37,23,23,23,14,65,43,43,43,43,43,43,46,46,46,29,18,43,29,29,54,48,77,74,76,84,84,88,55,55,55,55,83,67,67,67,57,86,28],"gold":54,"neow_bonus":"HUNDRED_GOLD","is_daily":false,"chose_seed":false,"campfire_upgraded":1,"win_rate":0.0,"timestamp":1608656217,"path_taken":["M","$","?","M","M","R","E","R","T","E","?","?","M","?","R","BOSS","M","?","?","?","?","R","M","?","T","M","E","R","E","?","R","BOSS","M","?","M","?","?","M","?","R","T","R","M","R","$","?","R","BOSS"],"items_purchased_type":["Relic","Relic","Card","Relic","Relic"],"build_version":"2020-12-13","purchased_purges":3,"victory":true,"max_hp_per_floor":[75,75,75,75,75,75,75,75,75,82,82,82,82,82,82,82,82,82,82,82,82,82,82,84,84,84,86,86,86,86,86,86,86,86,88,90,90,90,92,94,94,94,94,94,96,96,96,98,98,98],"card_choices":[{"not_picked":["Spot Weakness","Battle Trance"],"picked":"Fire Breathing","floor":1.0},{"not_picked":["Pommel Strike","Seeing Red"],"picked":"Armaments","floor":4.0},{"not_picked":["Clash","Pommel Strike"],"picked":"Uppercut","floor":5.0},{"not_picked":["Impervious","Fire Breathing"],"picked":"Battle Trance","floor":7.0},{"not_picked":["Pommel Strike","Havoc"],"picked":"True Grit","floor":10.0},{"not_picked":["Fire Breathing","Wild Strike","Carnage"],"picked":"SKIP","floor":13.0},{"not_picked":["Brutality","Impervious"],"picked":"Demon Form","floor":16.0},{"not_picked":["Dropkick","Battle Trance","Clash"],"picked":"SKIP","floor":18.0},{"not_picked":["Iron Wave","Armaments","Burning Pact"],"picked":"Singing Bowl","floor":24.0},{"not_picked":["Armaments","Iron Wave","True Grit"],"picked":"Singing Bowl","floor":27.0},{"not_picked":["Seeing Red","Cleave"],"picked":"Heavy Blade+1","floor":28.0},{"not_picked":["Body Slam+1","Reaper+1"],"picked":"Twin Strike+1","floor":30.0},{"not_picked":["Immolate+1","Barricade"],"picked":"Limit Break","floor":33.0},{"not_picked":["Iron Wave+1","Havoc","Flex"],"picked":"Singing Bowl","floor":35.0},{"not_picked":["Flash of Steel+1","PanicButton","Metamorphosis"],"picked":"Singing Bowl","floor":36.0},{"not_picked":["Pommel Strike+1","Rampage+1","True Grit"],"picked":"Singing Bowl","floor":39.0},{"not_picked":["Hemokinesis+1","Havoc","Flex"],"picked":"Singing Bowl","floor":40.0},{"not_picked":["Wild Strike+1","Impervious","Rampage+1"],"picked":"Singing Bowl","floor":45.0},{"not_picked":["Reckless Charge+1","Anger+1","Power Through"],"picked":"Singing Bowl","floor":48}],"player_experience":970650,"relics_obtained":[{"floor":7.0,"key":"Shovel"},{"floor":8.0,"key":"Blood Vial"},{"floor":9.0,"key":"Bottled Lightning"},{"floor":10.0,"key":"Strawberry"},{"floor":12.0,"key":"Odd Mushroom"},{"floor":14.0,"key":"CeramicFish"},{"floor":15.0,"key":"Red Skull"},{"floor":21.0,"key":"Bag of Marbles"},{"floor":22.0,"key":"Smiling Mask"},{"floor":23.0,"key":"Singing Bowl"},{"floor":26.0,"key":"Bronze Scales"},{"floor":28.0,"key":"Gambling Chip"},{"floor":30.0,"key":"Molten Egg 2"},{"floor":38.0,"key":"Shuriken"},{"floor":39.0,"key":"Lizard Tail"},{"floor":42.0,"key":"Potion Belt"},{"floor":43.0,"key":"Paper Frog"},{"floor":46.0,"key":"Blue Candle"}],"event_choices":[{"damage_healed":0.0,"max_hp_gain":0.0,"max_hp_loss":0.0,"gold_gain":0.0,"event_name":"Golden Idol","player_choice":"Take Wound","floor":3.0,"gold_loss":0.0,"damage_taken":0.0,"relics_obtained":["Golden Idol"],"cards_obtained":["Injury"]},{"damage_healed":0.0,"max_hp_gain":0.0,"max_hp_loss":0.0,"gold_gain":0.0,"event_name":"Big Fish","player_choice":"Box","floor":11.0,"gold_loss":0.0,"damage_taken":0.0,"relics_obtained":["Centennial Puzzle"],"cards_obtained":["Regret"]},{"damage_healed":0.0,"max_hp_gain":0.0,"max_hp_loss":0.0,"gold_gain":0.0,"event_name":"Mushrooms","player_choice":"Fought Mushrooms","floor":12.0,"gold_loss":0.0,"damage_taken":0.0},{"damage_healed":0.0,"max_hp_gain":0.0,"max_hp_loss":0.0,"gold_gain":0.0,"event_name":"Lab","player_choice":"Got Potions","floor":19.0,"gold_loss":0.0,"damage_taken":0.0},{"damage_healed":0.0,"max_hp_gain":0.0,"max_hp_loss":0.0,"gold_gain":0.0,"event_name":"Drug Dealer","player_choice":"Inject Mutagens","floor":25.0,"gold_loss":0.0,"damage_taken":0.0,"relics_obtained":["MutagenicStrength"]},{"damage_healed":0.0,"max_hp_gain":0.0,"max_hp_loss":0.0,"gold_gain":0.0,"event_name":"SensoryStone","player_choice":"Memory 1","floor":36.0,"gold_loss":0.0,"damage_taken":0.0},{"damage_healed":0.0,"max_hp_gain":0.0,"max_hp_loss":0.0,"gold_gain":0.0,"event_name":"MindBloom","player_choice":"Fight","floor":39.0,"gold_loss":0.0,"damage_taken":0.0},{"cards_removed":["Pain"],"damage_healed":0.0,"max_hp_gain":0.0,"max_hp_loss":0.0,"gold_gain":0.0,"event_name":"Purifier","player_choice":"Purged","floor":41.0,"gold_loss":0.0,"damage_taken":0.0}],"is_beta":false,"boss_relics":[{"not_picked":["SlaversCollar","Runic Cube"],"picked":"Cursed Key"},{"not_picked":["Runic Dome","Snecko Eye"],"picked":"Empty Cage"}],"items_purged_floors":[20,31,47],"is_endless":false,"potions_floor_spawned":[1,4,7,13,27,28,40,45],"ascension_level":14}}