{"host":"t3cbf3obn3ayxhxw","time":1608614160,"event":{"mods":["2.2 Compatiblity","AchievementEnabler","Aspiration","Astrologer","Bard","BaseMod","Beaked The Cultist","Better Note","Better Third Choice","BetterRewards","Clockwork Mod","Colored Map","Colored Powertips","Conjunction","Displayed Cursed Tome","GifTheSpireLib","Hermit","Highlight Path","Infinite Spire","Mad Scientist","Marisa????????","Mathematician","Minty Spire (QoL Compilation)","Permanent Neow","Puzzle Mod","Quick Restart","Random Character Button","Random Character Mod","Relic Stats","Somnambulant","StSLib","Stuff the Spire","The Blackbeard","The Bladedancer","The Bug Knight","The Construct","The Cursed","The Disciple","The Elementalist","The Exalted","The Florist","The Forsaken","The Juggle","The Jungle","The Mystic","The Necromancer","The Poker Player","The Runesmith","The Sage","The Servant 0.9.4","The Spell Scribe","The Trickster","The Valiant","The Wild Card","Unceasing Turn Reminder","slay the spire mod where everything is the same but ironclad has a cowboy hat"],"gold_per_floor":[118,118,118,23,23,23,40,40,90,102,122,136,136,153,153,250,250,266,278,278,278,293,293,304,304,327,342,342,342,342],"floor_reached":29,"playtime":1369,"items_purged":[],"score":217,"play_id":"968077c9-1a3b-4f64-b229-44ff7eda7e11","local_time":"20201221231600","is_ascension_mode":false,"campfire_choices":[{"data":"theWildCard:Alice","floor":6,"key":"SMITH"},{"data":"hermit:Brawl","floor":13,"key":"SMITH"},{"data":"hermit:Vantage","floor":15,"key":"SMITH"},{"floor":23,"key":"REST"},{"floor":25,"key":"REST"}],"circlet_count":0,"master_deck":["hermit:Strike_Hermit","hermit:Strike_Hermit","hermit:Strike_Hermit","hermit:Strike_Hermit","hermit:Defend_Hermit","hermit:Defend_Hermit","hermit:Defend_Hermit","hermit:Defend_Hermit","hermit:Snapshot+1","hermit:Covet","hermit:FinalCanter","hermit:Vantage+1","Regret","hermit:Brawl+1","hermit:Glare","theWildCard:Alice+1","hermit:HoleUp","hermit:ShadowCloak","hermit:Headshot","hermit:Deadeye","hermit:Ricochet","hermit:RoundhouseKick","hermit:TakeAim+1","hermit:Glare","hermit:BodyArmor","hermit:TrackingShot","hermit:GhostlyPresence","theForsaken:PlagueCurse"],"relics":["hermit:Momento","StuffTheSpire:RedRose","Bronze Scales","infinitespire:Cupcake","HollowMod:PaleOreRelic","theForsaken:PlagueMask"],"acts_visited":["Exordium","TheCity"],"potions_floor_usage":[12],"damage_taken":[{"damage":0,"enemies":"Cultist","floor":1,"turns":3},{"damage":1,"enemies":"Small Slimes","floor":7,"turns":4},{"damage":0,"enemies":"Jaw Worm","floor":10,"turns":1},{"damage":0,"enemies":"2 Fungi Beasts","floor":11,"turns":3},{"damage":2,"enemies":"Blue Slaver","floor":12,"turns":3},{"damage":8,"enemies":"Lots of Slimes","floor":14,"turns":4},{"damage":37,"enemies":"Hexaghost","floor":16,"turns":8},{"damage":18,"enemies":"2 Thieves","floor":18,"turns":3},{"damage":13,"enemies":"Spheric Guardian","floor":19,"turns":3},{"damage":20,"enemies":"Shelled Parasite and Fungi","floor":22,"turns":4},{"damage":26,"enemies":"3 Cultists","floor":24,"turns":4},{"damage":30,"enemies":"Sentry and Sphere","floor":27,"turns":5},{"damage":12,"enemies":"Snecko","floor":29,"turns":3}],"seed_played":"2918341390802737030","potions_obtained":[{"floor":7,"key":"SkillPotion"},{"floor":16,"key":"Ancient Potion"},{"floor":27,"key":"GamblersBrew"}],"is_trial":false,"path_per_floor":["M","?","?","$","?","R","M","?","T","M","M","M","R","M","R","B",null,"M","M","?","?","M","R","M","R","T","M","?","M"],"character_chosen":"HERMIT","items_purchased":["hermit:Brawl","hermit:Glare"],"campfire_rested":2,"item_purchase_floors":[4,4],"current_hp_per_floor":[75,75,75,75,75,75,74,74,74,74,74,72,72,64,64,27,75,57,44,44,44,24,46,20,42,42,12,12,0,0],"gold":342,"neow_bonus":"ONE_RANDOM_RARE_CARD","is_daily":false,"chose_seed":false,"campfire_upgraded":3,"win_rate":0.0,"timestamp":1608614160,"path_taken":["M","?","?","$","?","R","M","?","T","M","?","M","R","M","R","BOSS","M","M","?","?","M","R","M","R","T","M","?","M"],"items_purchased_type":["Card","Card"],"build_version":"2020-12-13","purchased_purges":0,"victory":false,"max_hp_per_floor":[75,75,75,75,75,75,75,75,75,75,75,75,75,75,75,75,75,75,75,75,75,75,75,75,75,75,75,75,75,75],"relic_stats":{"counters":[13,48],"Bronze Scales":[129],"obtain_stats":[{"Bronze Scales":9,"HollowMod:PaleOreRelic":26,"StuffTheSpire:RedRose":2,"theForsaken:PlagueMask":28,"hermit:Momento":0,"infinitespire:Cupcake":17},{"Bronze Scales":2,"HollowMod:PaleOreRelic":11,"StuffTheSpire:RedRose":1,"theForsaken:PlagueMask":12,"hermit:Momento":0,"infinitespire:Cupcake":7},{"Bronze Scales":7,"HollowMod:PaleOreRelic":40,"StuffTheSpire:RedRose":3,"theForsaken:PlagueMask":45,"hermit:Momento":0,"infinitespire:Cupcake":26}]},"card_choices":[{"not_picked":["hermit:SprayPray","hermit:DeadMansHand"],"picked":"hermit:Vantage","floor":1},{"not_picked":["hermit:DeadOrAlive","hermit:Snipe"],"picked":"hermit:HoleUp","floor":7},{"not_picked":["hermit:Desperado","hermit:CalledShot"],"picked":"hermit:ShadowCloak","floor":10},{"not_picked":["hermit:Ricochet","hermit:LowProfile"],"picked":"hermit:Headshot","floor":11},{"not_picked":["hermit:Feint","hermit:Desperado"],"picked":"hermit:Deadeye","floor":12},{"not_picked":["hermit:Vantage","hermit:WideOpen"],"picked":"hermit:Ricochet","floor":14},{"not_picked":["hermit:FinalCanter","hermit:Adapt"],"picked":"hermit:RoundhouseKick","floor":16},{"not_picked":["hermit:WideOpen","hermit:Ricochet"],"picked":"hermit:TakeAim+1","floor":18},{"not_picked":["hermit:Coalescence","hermit:ShadowCloak"],"picked":"hermit:Glare","floor":19},{"not_picked":["hermit:Showdown","hermit:TakeAim"],"picked":"hermit:BodyArmor","floor":22},{"not_picked":["hermit:HoleUp","hermit:HighCaliber"],"picked":"hermit:TrackingShot","floor":24},{"not_picked":["hermit:Headshot","hermit:Misfire"],"picked":"hermit:GhostlyPresence","floor":27}],"player_experience":313215,"relics_obtained":[{"floor":9,"key":"Bronze Scales"},{"floor":26,"key":"HollowMod:PaleOreRelic"}],"event_choices":[{"damage_healed":0,"gold_gain":0,"player_choice":"Ignored","damage_taken":0,"max_hp_gain":0,"max_hp_loss":0,"event_name":"N\u0027loth","floor":20,"gold_loss":0},{"cards_removed":["theWildCard:Alice"],"damage_healed":0,"gold_gain":0,"player_choice":"Give","damage_taken":0,"max_hp_gain":0,"max_hp_loss":0,"event_name":"betterNote:BetterNote","floor":21,"gold_loss":0,"cards_obtained":["construct:DefenseMode"]},{"damage_healed":0,"gold_gain":0,"player_choice":"Obtain Plague Curse","damage_taken":0,"max_hp_gain":0,"max_hp_loss":0,"event_name":"Plague Doctor","floor":28,"gold_loss":0,"cards_obtained":["theForsaken:PlagueCurse"]}],"is_beta":false,"boss_relics":[{"not_picked":["beaked:SacredDeck","Coffee Dripper"],"picked":"infinitespire:Cupcake"}],"items_purged_floors":[],"is_endless":false,"potions_floor_spawned":[7,16,27],"killed_by":"Snecko","ascension_level":0}}