{"host":"gh0nmty43e3htft0","time":1608615058,"event":{"mods":["BaseMod","Colored Powertips","Minty Spire (QoL Compilation)","StSLib","The Animator"],"gold_per_floor":[126,48,78,54,69,69,101,8,31,1,1,1,14,0,0,101,101,114,114,132,54,67,67,67,67],"floor_reached":24,"playtime":2068,"items_purged":[],"score":186,"play_id":"164cb217-2268-4e05-9ac3-5adbde4c676b","local_time":"20201222003058","is_ascension_mode":false,"campfire_choices":[{"data":"animator:Saitama","floor":6,"key":"SMITH"},{"floor":15,"key":"REST"},{"floor":23,"key":"REST"}],"circlet_count":0,"master_deck":["animator:Strike_TenSura","animator:Defend_TenSura","animator:Strike","animator:Strike","animator:Strike","animator:Defend","animator:Defend","animator:Defend","animator:Benimaru","animator:Shuna","animator:Saitama+1","animator:SilverFang","animator:Souei","animator:GazelDwargon","animator:DolaSchwi","animator:TukaLunaMarceau","animator:MetalKnight","animator:MisakiNakahara+1","animator:Yoichi","Decay","animator:PandorasActor","animator:AcuraShin","animator:AcuraAkari+1","animator:ChaikaTrabant","animator:MetalKnight","animator:Viivi+1"],"relics":["animator:LivingPicture","animator:TheMissingPiece","animator:PurgingStone","Smiling Mask","Philosopher\u0027s Stone"],"acts_visited":["Exordium","TheCity"],"potions_floor_usage":[16,24,24],"damage_taken":[{"damage":0,"enemies":"Cultist","floor":1,"turns":5},{"damage":0,"enemies":"Jaw Worm","floor":3,"turns":3},{"damage":7,"enemies":"2 Louse","floor":5,"turns":4},{"damage":0,"enemies":"Red Slaver","floor":7,"turns":5},{"damage":0,"enemies":"Looter","floor":10,"turns":4},{"damage":18,"enemies":"3 Louse","floor":13,"turns":5},{"damage":13,"enemies":"Hexaghost","floor":16,"turns":10},{"damage":16,"enemies":"Chosen","floor":18,"turns":6},{"damage":0,"enemies":"Shell Parasite","floor":20,"turns":6},{"damage":31,"enemies":"Shelled Parasite and Fungi","floor":22,"turns":9},{"damage":43,"enemies":"Book of Stabbing","floor":24,"turns":4}],"seed_played":"-8403975855768712479","potions_obtained":[{"floor":3,"key":"GamblersBrew"},{"floor":5,"key":"DuplicationPotion"},{"floor":7,"key":"Strength Potion"},{"floor":16,"key":"animator:GrowthPotion"}],"is_trial":false,"path_per_floor":["M","$","M","$","M","R","M","$","T","M","?","?","M","?","R","B",null,"M","?","M","$","M","R","E"],"character_chosen":"THE_ANIMATOR","items_purchased":["animator:Souei","animator:DolaSchwi","animator:MisakiNakahara","animator:MetalKnight"],"campfire_rested":2,"item_purchase_floors":[2,4,8,21],"current_hp_per_floor":[49,49,49,49,42,42,42,42,42,42,42,42,24,24,44,31,67,51,51,51,51,20,40,0,0],"gold":67,"neow_bonus":"THREE_RARE_CARDS","is_daily":false,"chose_seed":false,"campfire_upgraded":1,"win_rate":0.0,"timestamp":1608615058,"path_taken":["M","$","M","$","M","R","?","$","T","M","?","?","?","?","R","BOSS","M","?","?","$","M","R","E"],"items_purchased_type":["Card","Card","Card","Card"],"build_version":"2020-12-13","purchased_purges":0,"victory":false,"max_hp_per_floor":[67,67,67,67,67,67,67,67,67,67,67,67,67,67,67,67,67,67,67,67,67,67,67,67,67],"card_choices":[{"not_picked":["animator:Rimuru","animator:FeridBathory"],"picked":"animator:Saitama","floor":0},{"not_picked":["animator:Fredrika","animator:Shalltear"],"picked":"animator:SilverFang","floor":1},{"not_picked":["animator:Ain","animator:ChaikaBohdan"],"picked":"animator:GazelDwargon","floor":3},{"not_picked":["animator:Yuuichirou","animator:Add"],"picked":"animator:TukaLunaMarceau","floor":5},{"not_picked":["animator:Genos","animator:SilverFang"],"picked":"animator:MetalKnight","floor":7},{"not_picked":["animator:Demiurge","animator:NarberalGamma"],"picked":"animator:Yoichi","floor":10},{"not_picked":["animator:Mikaela","animator:ChaikaBohdan"],"picked":"animator:PandorasActor","floor":13},{"not_picked":["animator:Guren","animator:Ainz"],"picked":"animator:AcuraShin","floor":16},{"not_picked":["animator:Kuribayashi+1","animator:GuildGirl"],"picked":"animator:AcuraAkari+1","floor":18},{"not_picked":["animator:Layla","animator:ChaikaBohdan"],"picked":"animator:ChaikaTrabant","floor":20},{"not_picked":["animator:Mikaela","animator:Guy"],"picked":"animator:Viivi+1","floor":22}],"player_experience":156943,"relics_obtained":[{"floor":9,"key":"Smiling Mask"}],"event_choices":[{"damage_healed":0,"gold_gain":0,"player_choice":"Cursed","damage_taken":0,"max_hp_gain":0,"max_hp_loss":0,"event_name":"Wheel of Change","floor":12,"gold_loss":0,"cards_obtained":["Decay"]},{"damage_healed":0,"gold_gain":0,"player_choice":"Left Gold","damage_taken":0,"max_hp_gain":0,"max_hp_loss":0,"event_name":"World of Goop","floor":14,"gold_loss":14},{"damage_healed":0,"gold_gain":0,"player_choice":"Upgraded","damage_taken":0,"max_hp_gain":0,"max_hp_loss":0,"event_name":"Upgrade Shrine","floor":19,"gold_loss":0,"cards_upgraded":["animator:MisakiNakahara"]}],"is_beta":false,"boss_relics":[{"not_picked":["Velvet Choker","Mark of Pain"],"picked":"Philosopher\u0027s Stone"}],"items_purged_floors":[],"is_endless":false,"potions_floor_spawned":[3,5,7,13,16,22],"killed_by":"Book of Stabbing","ascension_level":0}}