{"host":"5raohst9sk3kvp5v","time":1608617295,"event":{"mods":["BaseMod","Colored Powertips","Highlight Path","Minty Spire (QoL Compilation)","Quick Restart","Relic Stats","StSLib"],"gold_per_floor":[369,444,369,47,67,67,96,96,121,121,121],"floor_reached":10,"playtime":350,"items_purged":["Strike_R"],"score":128,"play_id":"f67ed524-40d8-4a04-90df-9473cf2b7ce6","local_time":"20201222000815","is_ascension_mode":true,"campfire_choices":[{"data":"Body Slam","floor":6,"key":"SMITH"},{"floor":8,"key":"REST"}],"circlet_count":0,"master_deck":["AscendersBane","Strike_R","Strike_R","Strike_R","Defend_R","Defend_R","Defend_R","Defend_R","Bash","Body Slam+1","Inflame","Double Tap","Headbutt"],"relics":["Burning Blood","OrangePellets","WingedGreaves","Happy Flower"],"acts_visited":["Exordium"],"potions_floor_usage":[],"damage_taken":[{"damage":8,"enemies":"Small Slimes","floor":1,"turns":3},{"damage":9,"enemies":"Jaw Worm","floor":5,"turns":5},{"damage":25,"enemies":"Lagavulin","floor":7,"turns":6},{"damage":27,"enemies":"Gremlin Nob","floor":10,"turns":4}],"seed_played":"-3654041754747685733","potions_obtained":[],"is_trial":false,"path_per_floor":["M","?","?","$","M","R","E","R","T","E"],"character_chosen":"IRONCLAD","items_purchased":["OrangePellets","Inflame"],"campfire_rested":1,"item_purchase_floors":[4,4],"current_hp_per_floor":[48,37,37,37,34,34,15,37,37,10,10],"gold":121,"neow_bonus":"TWO_FIFTY_GOLD","is_daily":false,"chose_seed":false,"campfire_upgraded":1,"win_rate":0.0,"timestamp":1608617295,"path_taken":["M","?","?","$","M","R","E","R","T","E"],"items_purchased_type":["Relic","Card"],"build_version":"2020-12-13","purchased_purges":1,"victory":false,"max_hp_per_floor":[75,75,75,75,75,75,75,75,75,75,75],"relic_stats":{"OrangePellets":[1],"Happy Flower":[1],"counters":[4,18],"obtain_stats":[{"OrangePellets":4,"Happy Flower":9,"WingedGreaves":7,"Burning Blood":0},{"OrangePellets":1,"Happy Flower":3,"WingedGreaves":3,"Burning Blood":0},{"OrangePellets":3,"Happy Flower":14,"WingedGreaves":14,"Burning Blood":0}],"Burning Blood":18},"card_choices":[{"not_picked":["Iron Wave","Thunderclap"],"picked":"Body Slam","floor":1},{"not_picked":["Thunderclap","Warcry"],"picked":"Double Tap","floor":5},{"not_picked":["Shrug It Off","Inflame"],"picked":"Headbutt","floor":7}],"player_experience":1689245,"relics_obtained":[{"floor":7,"key":"WingedGreaves"},{"floor":9,"key":"Happy Flower"}],"event_choices":[{"damage_healed":0,"gold_gain":75,"player_choice":"Gather Gold","damage_taken":11,"max_hp_gain":0,"max_hp_loss":0,"event_name":"World of Goop","floor":2,"gold_loss":0},{"cards_removed":["Strike_R"],"damage_healed":0,"gold_gain":0,"player_choice":"Card Removal","damage_taken":0,"max_hp_gain":0,"max_hp_loss":0,"event_name":"The Cleric","floor":3,"gold_loss":75}],"is_beta":false,"boss_relics":[],"items_purged_floors":[4],"is_endless":false,"potions_floor_spawned":[],"killed_by":"Gremlin Nob","ascension_level":20}}