{"host":"is2s59edl8twrhoj","time":1608643053,"event":{"mods":["BaseMod","Colored Map","Colored Powertips","DeckTracker","Downfall","Minty Spire (QoL Compilation)","StSLib"],"gold_per_floor":[199,34,46,74,74,104,104,116,116,148,148,161,161,174,194,299,299,299,309,335,352,45,45,45,30,46,46,63,83,98,98,112,217,217,217,231,243,243,59,72,147,147,147,197,197,197,197],"floor_reached":45,"playtime":3836,"items_purged":["hexamod:Defend"],"score":505,"play_id":"4a406e59-4053-495f-9a9b-88cfa7de037d","local_time":"20201222131733","is_ascension_mode":false,"campfire_choices":[{"data":"hexamod:Sear","floor":1.0,"key":"SMITH"},{"data":"hexamod:VolcanoVisage","floor":5.0,"key":"SMITH"},{"data":"hexamod:BurningTouch","floor":9.0,"key":"SMITH"},{"data":"hexamod:HeatShield","floor":18.0,"key":"SMITH"},{"data":"hexamod:TimeOfNeed","floor":23.0,"key":"SMITH"},{"data":"hexamod:Strike","floor":27.0,"key":"PURGE"},{"data":"hexamod:Float","floor":35,"key":"SMITH"},{"data":"hexamod:ChargedBarrage","floor":42,"key":"SMITH"}],"circlet_count":0,"master_deck":["hexamod:Strike","hexamod:Strike","hexamod:Defend","hexamod:Defend","hexamod:Defend","hexamod:Sear+1","hexamod:Float+1","hexamod:BurningTouch+1","hexamod:ChargedBarrage+1","hexamod:VolcanoVisage+1","hexamod:InspiringFlames","hexamod:VolcanoVisage","hexamod:RadiantFlame","hexamod:GhostflameBarrier","hexamod:HeatShield+1","hexamod:RainOfEmbers","hexamod:RadiantFlame+1","hexamod:TimeOfNeed+1","hexamod:PhantomCloak+1","hexamod:AdvancingGuard","hexamod:EmpoweringStance","hexamod:HeatShield+1"],"relics":["hexamod:SpiritBrand","Oddly Smooth Stone","Art of War","Bronze Scales","Shuriken","Velvet Choker","White Beast Statue","Bird Faced Urn","Peace Pipe","downfall:RedIOU","hexamod:IceCube","Mango","Vajra","The Courier","Du-Vu Doll"],"acts_visited":["Exordium","TheCity","TheBeyond"],"potions_floor_usage":[],"damage_taken":[{"damage":0.0,"enemies":"downfall:FleeingMerchant","floor":2.0,"turns":4.0},{"damage":0.0,"enemies":"Cultist","floor":3.0,"turns":3.0},{"damage":27.0,"enemies":"3 Sentries","floor":4.0,"turns":9.0},{"damage":12.0,"enemies":"Lagavulin","floor":6.0,"turns":6.0},{"damage":3.0,"enemies":"Small Slimes","floor":8.0,"turns":3.0},{"damage":2.0,"enemies":"Gremlin Nob","floor":10.0,"turns":3.0},{"damage":5.0,"enemies":"Jaw Worm","floor":12.0,"turns":3.0},{"damage":10.0,"enemies":"Large Slime","floor":14.0,"turns":4.0},{"damage":11.0,"enemies":"3 Louse","floor":15.0,"turns":5.0},{"damage":5.0,"enemies":"downfall:Ironclad","floor":16.0,"turns":9.0},{"damage":2.0,"enemies":"3 Byrds","floor":19.0,"turns":4.0},{"damage":39.0,"enemies":"Gremlin Leader","floor":20.0,"turns":6.0},{"damage":0.0,"enemies":"Chosen","floor":21.0,"turns":4.0},{"damage":0.0,"enemies":"downfall:FleeingMerchant","floor":22.0,"turns":4.0},{"damage":8.0,"enemies":"downfall:FleeingMerchant","floor":25.0,"turns":4.0},{"damage":2.0,"enemies":"Snecko","floor":26.0,"turns":5.0},{"damage":20.0,"enemies":"3 Cultists","floor":28.0,"turns":6.0},{"damage":16,"enemies":"Shelled Parasite and Fungi","floor":29,"turns":5},{"damage":22,"enemies":"Cultist and Chosen","floor":30,"turns":7},{"damage":22,"enemies":"Snake Plant","floor":32,"turns":3},{"damage":3,"enemies":"downfall:Defect","floor":33,"turns":9},{"damage":0,"enemies":"Orb Walker","floor":36,"turns":4},{"damage":14,"enemies":"3 Shapes","floor":37,"turns":6},{"damage":7,"enemies":"downfall:FleeingMerchant","floor":39,"turns":4},{"damage":20,"enemies":"Sphere and 2 Shapes","floor":40,"turns":7},{"damage":27,"enemies":"Mind Bloom Boss Battle","floor":44,"turns":8},{"damage":62,"enemies":"Reptomancer","floor":45,"turns":2}],"seed_played":"4019636260582023296","potions_obtained":[{"floor":6.0,"key":"SteroidPotion"},{"floor":8.0,"key":"sneckomod:MuddlingPotion"},{"floor":10.0,"key":"AttackPotion"},{"floor":14.0,"key":"Regen Potion"},{"floor":16.0,"key":"AttackPotion"},{"floor":19.0,"key":"EssenceOfSteel"},{"floor":21.0,"key":"DuplicationPotion"},{"floor":32,"key":"SpeedPotion"},{"floor":33,"key":"Dexterity Potion"}],"is_trial":false,"path_per_floor":["R","$","M","E","R","E","T","M","R","E","?","M","?","M","M","B",null,"R","M","E","M","$","R","T","$","M","R","M","M","M","?","M","B",null,"R","M","M","?","$","M","T","R","?","?","E"],"character_chosen":"THE_SPIRIT","items_purchased":["Oddly Smooth Stone","Bird Faced Urn","Mango","Vajra"],"campfire_rested":0,"item_purchase_floors":[2,22,39,39],"current_hp_per_floor":[70,70,70,43,43,31,31,28,28,26,26,23,23,15,20,17,70,70,68,31,33,35,35,35,35,43,43,35,33,25,25,11,20,70,70,70,64,64,83,70,70,70,70,55,0,0,0],"gold":197,"neow_bonus":"HUNDRED_GOLD","is_daily":false,"chose_seed":false,"campfire_upgraded":7,"win_rate":0.0,"timestamp":1608643053,"path_taken":["R","$","M","E","R","E","T","M","R","E","?","?","?","?","M","BOSS","R","M","E","M","$","R","T","$","M","R","M","M","M","?","M","BOSS","R","M","M","?","$","M","T","R","?","?","E"],"items_purchased_type":["Relic","Relic","Relic","Relic"],"build_version":"2020-12-13","purchased_purges":1,"victory":false,"max_hp_per_floor":[70,70,70,70,70,70,70,70,70,70,70,70,70,70,70,70,70,70,70,70,70,70,70,70,70,70,70,70,70,70,70,70,70,70,70,70,70,70,84,84,84,84,84,84,84,84,84],"card_choices":[{"not_picked":["hexamod:AdvancingGuard","hexamod:SpectersWail"],"picked":"hexamod:BurningTouch","floor":2.0},{"not_picked":["hexamod:SwordOfDarkness","hexamod:GhostLash"],"picked":"hexamod:ChargedBarrage","floor":3.0},{"not_picked":["hexamod:Firestarter","hexamod:HauntingEcho"],"picked":"hexamod:VolcanoVisage","floor":4.0},{"not_picked":["hexamod:SwordOfDarkness","hexamod:Haunt","hexamod:SpectralAdrenaline"],"picked":"SKIP","floor":6.0},{"not_picked":["hexamod:PhantomFireball","hexamod:ShieldOfDarkness","hexamod:FourthSeal"],"picked":"SKIP","floor":8.0},{"not_picked":["hexamod:EmpoweredFlame","hexamod:SpectralAdrenaline"],"picked":"hexamod:InspiringFlames","floor":10.0},{"not_picked":["hexamod:GhostOfSpireFuture","hexamod:NightmareStrike"],"picked":"hexamod:VolcanoVisage","floor":12.0},{"not_picked":["hexamod:InspiringFlames","hexamod:ThermalTransfer"],"picked":"hexamod:GhostflameBarrier","floor":14.0},{"not_picked":["hexamod:GhostShield","hexamod:SkipABeat"],"picked":"hexamod:HeatShield","floor":15.0},{"not_picked":["hexamod:Hexaguard","hexamod:NightmareGuise"],"picked":"hexamod:RainOfEmbers","floor":19.0},{"not_picked":["hexamod:ShieldOfDarkness+1","hexamod:GhostLash"],"picked":"hexamod:RadiantFlame+1","floor":20.0},{"not_picked":["hexamod:SwordOfDarkness","hexamod:Haunt","hexamod:GiftsFromTheDead"],"picked":"SKIP","floor":21.0},{"not_picked":["hexamod:BacktrackSmack","hexamod:Incineration"],"picked":"hexamod:TimeOfNeed","floor":22.0},{"not_picked":["hexamod:NecessarySacrifice","hexamod:ThirdSeal","hexamod:EtherealExpedition"],"picked":"SKIP","floor":25.0},{"not_picked":["hexamod:RadiantFlame+1","hexamod:GhostLash+1"],"picked":"hexamod:PhantomCloak+1","floor":26.0},{"not_picked":["hexamod:ShieldOfDarkness","hexamod:Hexaguard"],"picked":"hexamod:AdvancingGuard","floor":28.0},{"not_picked":["hexamod:SwordOfDarkness+1","hexamod:GhostShield","hexamod:DynamicBlow"],"picked":"SKIP","floor":29},{"not_picked":["hexamod:BurningTouch+1","hexamod:UnleashSpirits","hexamod:FastForward"],"picked":"SKIP","floor":30},{"not_picked":["hexamod:SwordOfDarkness","hexamod:FourthSeal","hexamod:RainOfEmbers"],"picked":"SKIP","floor":32},{"not_picked":["hexamod:UnleashSpirits","hexamod:GhostflameInferno"],"picked":"hexamod:EmpoweringStance","floor":33},{"not_picked":["hexamod:InspiringFlames","hexamod:FlamesFromBeyond+1","hexamod:RainOfEmbers"],"picked":"SKIP","floor":36},{"not_picked":["hexamod:SpectersWail","hexamod:FastForward","hexamod:ShieldOfDarkness+1"],"picked":"SKIP","floor":37},{"not_picked":["hexamod:NightmareStrike+1","hexamod:NecessarySacrifice+1","hexamod:WildfireWeapon"],"picked":"SKIP","floor":39},{"not_picked":["hexamod:Hexaguard","hexamod:BurningTouch+1"],"picked":"hexamod:HeatShield+1","floor":40}],"player_experience":668016,"relics_obtained":[{"floor":4.0,"key":"Art of War"},{"floor":6.0,"key":"Bronze Scales"},{"floor":7.0,"key":"Shuriken"},{"floor":10.0,"key":"Blood Vial"},{"floor":20.0,"key":"White Beast Statue"},{"floor":24.0,"key":"Peace Pipe"},{"floor":41,"key":"The Courier"},{"floor":44,"key":"Du-Vu Doll"}],"event_choices":[{"damage_healed":0.0,"max_hp_gain":0.0,"max_hp_loss":0.0,"gold_gain":0.0,"cards_transformed":["hexamod:Strike"],"event_name":"Transmorgrifier","player_choice":"Transformed","floor":13.0,"gold_loss":0.0,"damage_taken":0.0,"cards_obtained":["hexamod:RadiantFlame"]}],"is_beta":false,"boss_relics":[{"not_picked":["Ectoplasm","Black Star"],"picked":"Velvet Choker"},{"not_picked":["Pandora\u0027s Box","Runic Dome"],"picked":"hexamod:IceCube"}],"items_purged_floors":[39],"is_endless":false,"potions_floor_spawned":[6,8,10,14,16,19,21,22,25,26,28,29,30,32,33,36,37,39,40,44],"killed_by":"Reptomancer","ascension_level":0}}