{"host":"lpze9ywvzk5bsxql","time":1608638397,"event":{"mods":["2.2 Compatiblity","BaseMod","Bestiary","Better Third Choice","Colored Map","Downfall","Ironclad Rager","Minty Spire (QoL Compilation)","Replay The Spire","StSLib"],"gold_per_floor":[14,25,0,0,10,10,25,53,106,134,134,162,162,180,180,282,282,295,314,314,314,341,382,411,423,435,475,497,539,568,679,691,806,818,844,316,336,442,58,86,86,115,115,115,127,127,52,65,65,65,65,65,65,100,100,100],"floor_reached":55,"playtime":9374,"items_purged":["Clumsy"],"score":842,"play_id":"1dd14adb-cbb2-43e8-835a-fd7cb7eabeb5","local_time":"20201222125957","is_ascension_mode":true,"campfire_choices":[{"floor":6,"key":"REST"},{"floor":13,"key":"RECALL"},{"data":"Hello World","floor":15,"key":"SMITH"},{"floor":25,"key":"REST"},{"floor":32,"key":"REST"},{"data":"Storm","floor":41,"key":"SMITH"},{"data":"Creative AI","floor":46,"key":"SMITH"}],"circlet_count":0,"master_deck":["Zap","Dualcast+1","Ball Lightning","Cold Snap","Ball Lightning","Cold Snap","Leap","Leap","Leap","Leap","Capacitor","Steam","Enlightenment+1","Sunder","Hello World+1","Static Discharge","Coolheaded","Barrage","Creative AI+1","Hologram","ICR:FrostFall","Consume","Hello World+1","Conserve Battery","Electrodynamics","Storm+1","Defragment+1","Melter+1","Coolheaded+1","Consume","Capacitor+1","Parasite","Hologram+1"],"relics":["Cracked Core","Mummified Hand","Replay:Antivirus Software","Iron Hammer","Busted Crown","MawBank","Pet Ghost","Eternal Feather","Toy Ornithopter","Darkstone Periapt","Matryoshka","Bag of Preparation","Potion Belt","Golden Egg","Kunai","Onion Ring","MealTicket","Chameleon Ring","Geode","ReplayTheSpireMod:Shallot"],"acts_visited":["Exordium","TheCity","TheBeyond","TheEnding"],"potions_floor_usage":[8,16,19,23,27,33,33,50,50,50,50,54,55],"damage_taken":[{"damage":0,"enemies":"Jaw Worm","floor":1,"turns":2},{"damage":0,"enemies":"2 Louse","floor":2,"turns":3},{"damage":0,"enemies":"Cultist","floor":5,"turns":2},{"damage":0,"enemies":"Looter","floor":7,"turns":2},{"damage":4,"enemies":"Replay:BlueRogue","floor":8,"turns":4},{"damage":0,"enemies":"Lagavulin","floor":10,"turns":6},{"damage":2,"enemies":"Replay:BlueRogue","floor":12,"turns":5},{"damage":0,"enemies":"3 Louse","floor":14,"turns":2},{"damage":20,"enemies":"Slime Boss","floor":16,"turns":5},{"damage":0,"enemies":"Shell Parasite","floor":18,"turns":3},{"damage":8,"enemies":"2 Thieves","floor":19,"turns":3},{"damage":1,"enemies":"Replay:Snechameleon","floor":23,"turns":6},{"damage":6,"enemies":"Centurion and Healer","floor":24,"turns":4},{"damage":8,"enemies":"Book of Stabbing","floor":27,"turns":6},{"damage":0,"enemies":"Sentry and Sphere","floor":28,"turns":6},{"damage":4,"enemies":"Replay:Snechameleon","floor":29,"turns":5},{"damage":10,"enemies":"Cultist and Chosen","floor":30,"turns":5},{"damage":6,"enemies":"Automaton","floor":33,"turns":13},{"damage":9,"enemies":"3 Darklings","floor":35,"turns":3},{"damage":0,"enemies":"Orb Walker","floor":37,"turns":4},{"damage":8,"enemies":"Nemesis","floor":40,"turns":6},{"damage":6,"enemies":"Giant Head","floor":42,"turns":7},{"damage":0,"enemies":"Transient","floor":45,"turns":5},{"damage":0,"enemies":"Writhing Mass","floor":48,"turns":3},{"damage":89,"enemies":"Awakened One","floor":50,"turns":15},{"damage":20,"enemies":"Shield and Spear","floor":54,"turns":3},{"damage":68,"enemies":"The Heart","floor":55,"turns":9}],"seed_played":"6390682285796311327","potions_obtained":[{"floor":7,"key":"FocusPotion"},{"floor":8,"key":"Dexterity Potion"},{"floor":14,"key":"SkillPotion"},{"floor":16,"key":"Reflective Coating"},{"floor":18,"key":"SteroidPotion"},{"floor":24,"key":"DuplicationPotion"},{"floor":29,"key":"Dexterity Potion"},{"floor":30,"key":"Regen Potion"},{"floor":35,"key":"Strength Potion"},{"floor":38,"key":"SpeedPotion"},{"floor":45,"key":"GamblersBrew"},{"floor":49,"key":"SkillPotion"},{"floor":49,"key":"Reflective Coating"},{"floor":52,"key":"Fire Potion"},{"floor":52,"key":"Languid Potion"}],"is_trial":false,"path_per_floor":["M","M","?","?","M","R","M","E","T","E","?","E","R","M","R","B",null,"M","M","?","?","T","E","M","R","T","E","M","E","M","?","R","B",null,"M","$","M","?","$","E","R","E","T","?","M","R","$","M","R_BF","B",null,"R","$","E","B"],"character_chosen":"DEFECT","items_purchased":["Matryoshka","Storm","Bag of Preparation","Golden Egg","Defragment","Melter+1","Capacitor"],"campfire_rested":3,"item_purchase_floors":[36,36,36,39,39,39,47],"current_hp_per_floor":[50,50,56,56,56,74,74,70,70,70,70,68,68,68,68,48,74,74,66,50,50,50,49,43,65,65,57,57,53,43,43,74,68,74,65,65,65,65,65,57,72,66,66,66,66,74,74,80,80,24,80,80,80,60,0,0],"gold":100,"neow_bonus":"DEFECT_STORMLORD","is_daily":false,"chose_seed":false,"campfire_upgraded":3,"win_rate":0.0,"timestamp":1608638397,"path_taken":["M","M","?","?","?","R","M","E","T","E","?","E","R","M","R","BOSS","M","M","?","?","?","E","M","R","T","E","M","E","M","?","R","BOSS","M","$","M","?","?","E","R","E","T","?","M","R","$","?","R_BF","BOSS","R","$","E","BOSS"],"items_purchased_type":["Relic","Card","Relic","Relic","Card","Card","Card"],"build_version":"2020-12-13","purchased_purges":1,"victory":false,"max_hp_per_floor":[68,68,74,74,74,74,74,74,74,74,74,74,74,74,74,74,74,74,74,74,74,74,74,74,74,74,74,74,74,74,74,74,74,74,74,74,74,74,74,74,74,74,74,74,74,74,74,80,80,80,80,80,80,80,80,80],"card_choices":[{"not_picked":["Ball Lightning","Coolheaded"],"picked":"Capacitor","floor":1},{"not_picked":["Rebound","Compile Driver"],"picked":"Steam","floor":2},{"not_picked":["Cold Snap","Leap"],"picked":"Sunder","floor":5},{"not_picked":["Streamline","Coolheaded"],"picked":"Hello World","floor":7},{"not_picked":["ReplayRNGCard","Stack"],"picked":"Static Discharge","floor":8},{"not_picked":["ReplayTheSpireMod:Repulse","Recycle","Sweeping Beam"],"picked":"SKIP","floor":10},{"not_picked":["Lockon","ReplayTheSpireMod:System Scan"],"picked":"Coolheaded","floor":12},{"not_picked":["Conserve Battery","ReplayTheSpireMod:Repulse"],"picked":"Barrage","floor":14},{"not_picked":["ReplayRNGCard","Echo Form"],"picked":"Creative AI","floor":16},{"not_picked":[],"picked":"Hologram","floor":18},{"not_picked":[],"picked":"ICR:FrostFall","floor":19},{"not_picked":["Leap"],"picked":"SKIP","floor":23},{"not_picked":["Go for the Eyes"],"picked":"SKIP","floor":24},{"not_picked":[],"picked":"Hello World+1","floor":27},{"not_picked":["Steam Power+1"],"picked":"SKIP","floor":28},{"not_picked":["Biased Cognition"],"picked":"SKIP","floor":29},{"not_picked":[],"picked":"Conserve Battery","floor":30},{"not_picked":[],"picked":"Electrodynamics","floor":33},{"not_picked":["Tempest"],"picked":"SKIP","floor":35},{"not_picked":["ReplaySort"],"picked":"SKIP","floor":37},{"not_picked":["Auto Shields+1"],"picked":"SKIP","floor":40},{"not_picked":[],"picked":"Coolheaded+1","floor":42},{"not_picked":[],"picked":"Consume","floor":45},{"not_picked":[],"picked":"Hologram+1","floor":48},{"not_picked":["Chill+1"],"picked":"SKIP","floor":54}],"player_experience":258198,"relics_obtained":[{"floor":8,"key":"Mummified Hand"},{"floor":10,"key":"Replay:Antivirus Software"},{"floor":12,"key":"Iron Hammer"},{"floor":22,"key":"MawBank"},{"floor":23,"key":"Pet Ghost"},{"floor":26,"key":"Eternal Feather"},{"floor":27,"key":"Toy Ornithopter"},{"floor":29,"key":"Darkstone Periapt"},{"floor":38,"key":"Potion Belt"},{"floor":40,"key":"Kunai"},{"floor":42,"key":"Onion Ring"},{"floor":43,"key":"MealTicket"},{"floor":43,"key":"Chameleon Ring"},{"floor":54,"key":"ReplayTheSpireMod:Shallot"}],"event_choices":[{"damage_healed":0,"gold_gain":0,"player_choice":"RENOUNCE","damage_taken":25,"max_hp_gain":0,"max_hp_loss":0,"event_name":"betterThird:BetterSerpent","floor":3,"gold_loss":25,"cards_obtained":["Enlightenment"]},{"damage_healed":0,"gold_gain":0,"player_choice":"Forge","damage_taken":0,"max_hp_gain":0,"max_hp_loss":0,"event_name":"Accursed Blacksmith","floor":4,"gold_loss":0,"cards_upgraded":["Enlightenment"]},{"damage_healed":0,"gold_gain":0,"player_choice":"Obtained Book","damage_taken":16,"max_hp_gain":0,"max_hp_loss":0,"event_name":"Cursed Tome","floor":20,"gold_loss":0},{"damage_healed":0,"gold_gain":0,"player_choice":"Read","damage_taken":0,"max_hp_gain":0,"max_hp_loss":0,"event_name":"The Library","floor":21,"gold_loss":0,"cards_obtained":["Consume"]},{"damage_healed":0,"gold_gain":99,"player_choice":"Steal","damage_taken":0,"max_hp_gain":0,"max_hp_loss":0,"event_name":"betterThird:BetterNest","floor":31,"gold_loss":0},{"damage_healed":0,"gold_gain":0,"player_choice":"Gave Potion","damage_taken":0,"relics_obtained":["Geode"],"max_hp_gain":0,"max_hp_loss":0,"event_name":"WeMeetAgain","floor":44,"gold_loss":0}],"is_beta":false,"boss_relics":[{"not_picked":["Replay:Wanted Poster","FrozenCore"],"picked":"Busted Crown"},{"not_picked":["Runic Dome","Painkiller Herb","Ring of Chaos"]}],"items_purged_floors":[36],"is_endless":false,"potions_floor_spawned":[7,8,14,16,18,24,29,30,35,45],"killed_by":"The Heart","ascension_level":1}}