{"host":"skr63qsdfgeey3it","time":1608606943,"event":{"mods":["BaseMod","Colored Map","Hubris","Minty Spire (QoL Compilation)","Replay The Spire","Robot Space Explorer","Spicy Shops","StSLib"],"gold_per_floor":[116,116,116,135,155,190,190,208,208,226,226,1,25,0,0,98,98,113,113,113,123,21,21,21,21],"floor_reached":24,"playtime":1061,"items_purged":["Strike_B"],"score":281,"play_id":"035a8509-1305-4574-a66a-1a18f7a86e2e","local_time":"20201221211543","is_ascension_mode":true,"campfire_choices":[{"data":"Fusion","floor":7.0,"key":"SMITH"},{"data":"Chaos","floor":11.0,"key":"SMITH"},{"floor":15.0,"key":"REST"},{"floor":23.0,"key":"REST"}],"circlet_count":0,"master_deck":["Strike_B","Strike_B","Defend_B","Defend_B","Defend_B","Defend_B","Zap","Dualcast","FIFO Queue","Barrage","Fusion+1","Chaos+1","Self Repair","Loop","Loop","Coolheaded","Barrage","Fission","Lockon","Panic Button+1","Skim","Stack"],"relics":["Cracked Core","NeowsBlessing","Eternal Feather","Smiling Mask","The Courier","Odd Mushroom","Cursed Key","hubris:Towel"],"acts_visited":["Exordium","TheCity"],"potions_floor_usage":[],"damage_taken":[{"damage":0.0,"enemies":"Cultist","floor":1.0,"turns":1.0},{"damage":0.0,"enemies":"Small Slimes","floor":4.0,"turns":1.0},{"damage":0.0,"enemies":"2 Louse","floor":5.0,"turns":1.0},{"damage":25.0,"enemies":"3 Sentries","floor":6.0,"turns":7.0},{"damage":11.0,"enemies":"2 Fungi Beasts","floor":8.0,"turns":4.0},{"damage":9.0,"enemies":"Exordium Wildlife","floor":10.0,"turns":4.0},{"damage":17.0,"enemies":"The Mushroom Lair","floor":13.0,"turns":3.0},{"damage":4.0,"enemies":"Looter","floor":14.0,"turns":4.0},{"damage":20.0,"enemies":"Fading Forest","floor":16.0,"turns":11.0},{"damage":24.0,"enemies":"Spheric Guardian","floor":18.0,"turns":5.0},{"damage":50.0,"enemies":"Shell Parasite","floor":21.0,"turns":9.0},{"damage":0,"enemies":"Masked Bandits","floor":24,"turns":1}],"seed_played":"-4337973565394392909","potions_obtained":[{"floor":4.0,"key":"AttackPotion"},{"floor":5.0,"key":"Elixir"},{"floor":8.0,"key":"PowerPotion"},{"floor":10.0,"key":"SpeedPotion"},{"floor":13.0,"key":"Swift Potion"}],"is_trial":false,"path_per_floor":["M","?","?","M","M","E","R","M","T","M","R","$","?","M","R","B",null,"M","?","$","M","$","R","?"],"character_chosen":"DEFECT","items_purchased":["Self Repair","Loop","Loop","Skim","Stack"],"campfire_rested":2,"item_purchase_floors":[12,12,12,22,22],"current_hp_per_floor":[68,65,58,58,58,33,39,28,28,19,25,25,8,11,42,51,69,52,52,52,9,9,43,43,43],"gold":21,"neow_bonus":"THREE_ENEMY_KILL","is_daily":false,"chose_seed":false,"campfire_upgraded":2,"win_rate":0.0,"timestamp":1608606943,"path_taken":["M","?","?","M","M","E","R","M","T","M","R","$","?","M","R","BOSS","M","?","$","M","$","R","?"],"items_purchased_type":["Card","Card","Card","Card","Card"],"build_version":"2020-12-13","purchased_purges":1,"victory":false,"max_hp_per_floor":[75,75,75,75,75,75,75,75,75,75,75,75,75,75,75,75,75,75,75,75,75,75,75,75,75],"card_choices":[{"not_picked":["Go for the Eyes","Turbo"],"picked":"FIFO Queue","floor":1.0},{"not_picked":["Self Repair","Capacitor"],"picked":"Barrage","floor":4.0},{"not_picked":["Sweeping Beam","Steam","Go for the Eyes"],"picked":"SKIP","floor":5.0},{"not_picked":["Barrage","Genetic Algorithm"],"picked":"Fusion","floor":6.0},{"not_picked":["Rebound","Steam"],"picked":"Chaos","floor":8.0},{"not_picked":["ReplayTheSpireMod:System Scan","FTL","Turbo"],"picked":"SKIP","floor":10.0},{"not_picked":["Gash","Beam Cell"],"picked":"Coolheaded","floor":13.0},{"not_picked":["Panic Button","Steam"],"picked":"Barrage","floor":14.0},{"not_picked":["hubris:Prefetch","Core Surge"],"picked":"Fission","floor":16.0},{"not_picked":["Conserve Battery","BasicCrystalCard"],"picked":"Lockon","floor":18.0},{"not_picked":["Go for the Eyes","Melter"],"picked":"Panic Button+1","floor":21.0}],"player_experience":724942,"relics_obtained":[{"floor":6.0,"key":"Smiling Mask"},{"floor":9.0,"key":"The Courier"},{"floor":13.0,"key":"Odd Mushroom"}],"event_choices":[{"damage_healed":0.0,"max_hp_gain":0.0,"max_hp_loss":0.0,"gold_gain":0.0,"event_name":"Scrap Ooze","player_choice":"Success","floor":2.0,"gold_loss":0.0,"damage_taken":3.0,"relics_obtained":["Eternal Feather"]},{"cards_removed":["Strike_B"],"damage_healed":0.0,"max_hp_gain":0.0,"max_hp_loss":0.0,"gold_gain":0.0,"event_name":"Golden Wing","player_choice":"Card Removal","floor":3.0,"gold_loss":0.0,"damage_taken":7.0},{"damage_healed":0.0,"max_hp_gain":0.0,"max_hp_loss":0.0,"gold_gain":0.0,"event_name":"Mushrooms","player_choice":"Fought Mushrooms","floor":13.0,"gold_loss":0.0,"damage_taken":0.0},{"damage_healed":0,"gold_gain":0,"player_choice":"Fought Bandits","damage_taken":0,"max_hp_gain":0,"max_hp_loss":0,"event_name":"Masked Bandits","floor":24,"gold_loss":0}],"is_beta":false,"boss_relics":[{"not_picked":["Snecko Heart","hubris:HollowSoul"],"picked":"Cursed Key"}],"items_purged_floors":[12],"is_endless":false,"potions_floor_spawned":[4,5,8,10,13],"killed_by":"Masked Bandits","ascension_level":9}}