{"host":"ooetke516h53yqww","time":1608628268,"event":{"mods":["2.2 Compatiblity","Abigail Mod","Act Like it!","Astrologer","Bartender","BaseMod","Beaked The Cultist","Better Match","Better Third Choice","Conspire","Elementarium","Friendly Minions","Hallownest","Hermit","HololiveMod","Hubris","Infinite Spire","Kiyohime????","Lobotomy","LobotomyExtend","Mari Mod (Legacy)","Mari\u0027s V1 Patch","Menagerie","Minty Spire (QoL Compilation)","Prisma Mod","Random Character Button","Replay The Spire","Robot Space Explorer","Spicy Shops","StSLib","Td1madao Mod","The Alterego","The Bug Knight","The Marked","The Poker Player","The Senshi","TheSwordswoman","Uncapped","WarShipGirlsR/????R mod","Yohane!","???????????mod"],"gold_per_floor":[116,130,130,150,150,184,6,6,33,33,47,74,86,108,120,229,241,273,285,2,20,32,32,49,67,93,93,128,145,172,172,172],"floor_reached":31,"playtime":1366,"items_purged":["Pain","theMarked:Strike"],"score":312,"play_id":"357af329-8894-4f02-bd5f-fad0fd064d84","local_time":"20201222181108","is_ascension_mode":false,"campfire_choices":[{"data":"theMarked:Polarize","floor":8,"key":"SMITH"},{"floor":10,"key":"REST"},{"floor":13,"key":"REST"},{"floor":15,"key":"REST"},{"floor":23,"key":"REST"},{"floor":27,"key":"REST"}],"circlet_count":0,"master_deck":["theMarked:Strike+1","theMarked:Strike+1","theMarked:Strike","theMarked:Strike","theMarked:Defend","theMarked:Defend","theMarked:Defend","theMarked:Defend+1","theMarked:SoldierOfQuellstein+1","theMarked:Electrocute","theMarked:Electrocute","theMarked:ElectricStrings","theMarked:Polarize+1","theMarked:ElectricStrings","theMarked:TwofoldDefense+1","theMarked:ResourceFulStrike+1","theMarked:Static","theMarked:SoldierForm","theMarked:ResourceFulStrike+1","theMarked:SummonStrength+1","theMarked:ChainLightning+1","theMarked:ShockingTouch+1","theMarked:SwordAndMagic","theMarked:Reabsorb+1","theMarked:TwofoldDefense","theMarked:Overcharge"],"relics":["theMarked:ArtifactOfAir","hubris:Towel","hubris:TenFootPole","theMarked:Winder","Gremlin Food","MawBank","Sozu","WarpedTongs","Membership Card","Hololive_LightStick","infinitespire:ShieldingShard","InkBottle"],"acts_visited":["Exordium","TheCity"],"potions_floor_usage":[1,12,25,25,31],"damage_taken":[{"damage":8,"enemies":"Jaw Worm","floor":1,"turns":3},{"damage":4,"enemies":"conspire:RoseBush","floor":2,"turns":3},{"damage":3,"enemies":"Small Slimes","floor":4,"turns":3},{"damage":0,"enemies":"Small Slimes","floor":5,"turns":4},{"damage":30,"enemies":"Replay:BlueRogue","floor":6,"turns":6},{"damage":0,"enemies":"Exordium Wildlife","floor":11,"turns":3},{"damage":20,"enemies":"Lagavulin","floor":12,"turns":6},{"damage":13,"enemies":"conspire:2 RoseBushes","floor":14,"turns":4},{"damage":21,"enemies":"Slime Boss","floor":16,"turns":5},{"damage":20,"enemies":"2 Thieves","floor":18,"turns":3},{"damage":11,"enemies":"Snake Plant","floor":21,"turns":4},{"damage":27,"enemies":"Sentry and Sphere","floor":22,"turns":5},{"damage":23,"enemies":"Shelled Parasite and Fungi","floor":24,"turns":5},{"damage":9,"enemies":"Snecko","floor":25,"turns":6},{"damage":0,"enemies":"Nightmare","floor":28,"turns":6},{"damage":13,"enemies":"Snake Plant","floor":29,"turns":4},{"damage":8,"enemies":"conspire:Head Lice","floor":30,"turns":8},{"damage":1,"enemies":"Centurion and Healer","floor":31,"turns":1}],"seed_played":"1690725135391689979","potions_obtained":[{"floor":1,"key":"EntropicBrew"},{"floor":6,"key":"theMarked:SummonPotion"},{"floor":14,"key":"Swift Potion"}],"is_trial":false,"path_per_floor":["M","M","?","M","?","E","$","R","T","R","M","E","R","M","R","B",null,"M","?","$","M","M","R","M","M","T","R","NM","M","E","M"],"character_chosen":"THE_DEFAULT","items_purchased":["theMarked:Winder","theMarked:TwofoldDefense+1","Membership Card","theMarked:SummonStrength+1"],"campfire_rested":5,"item_purchase_floors":[7,7,20,20],"current_hp_per_floor":[62,58,58,55,55,25,25,25,25,46,46,26,47,34,55,34,70,50,50,50,39,12,33,10,1,1,22,22,9,1,0,0],"gold":172,"neow_bonus":"RANDOM_EVENT","is_daily":false,"chose_seed":false,"campfire_upgraded":1,"win_rate":0.0,"timestamp":1608628268,"path_taken":["M","M","?","M","?","E","$","R","T","R","M","E","R","M","R","BOSS","M","?","$","M","M","R","M","?","T","R","NM","M","E","M"],"items_purchased_type":["Relic","Card","Relic","Card"],"build_version":"2020-12-13","purchased_purges":2,"victory":false,"max_hp_per_floor":[70,70,70,70,70,70,70,70,70,70,70,70,70,70,70,70,70,70,70,70,70,70,70,70,70,70,70,70,70,70,70,70],"card_choices":[{"not_picked":["theMarked:WastefulAttack","theMarked:WardOff"],"picked":"theMarked:Electrocute","floor":1},{"not_picked":["theMarked:Convert","theMarked:Electrify"],"picked":"theMarked:ElectricStrings","floor":2},{"not_picked":["theMarked:Electrocute","theMarked:Electrify"],"picked":"theMarked:Polarize","floor":4},{"not_picked":["theMarked:Improvise","theMarked:LightningStrikesTwice"],"picked":"theMarked:ElectricStrings","floor":6},{"not_picked":["theMarked:HeightenedSenses","theMarked:WardOff","theMarked:TwofoldDefense"],"picked":"SKIP","floor":11},{"not_picked":["theMarked:ComboAttacks","theMarked:Challenge"],"picked":"theMarked:ResourceFulStrike","floor":12},{"not_picked":["theMarked:Aftermath","theMarked:Parkour"],"picked":"theMarked:Static","floor":14},{"not_picked":["theMarked:DispelDoubt","theMarked:SummonStrength"],"picked":"theMarked:SoldierForm","floor":16},{"not_picked":["theMarked:Electrocute","theMarked:SuspiciousRaven"],"picked":"theMarked:ResourceFulStrike+1","floor":18},{"not_picked":["theMarked:PowerFlow","theMarked:Opportunist+1"],"picked":"theMarked:ChainLightning+1","floor":21},{"not_picked":["theMarked:TurnInvisible","theMarked:BanishingStrike","theMarked:ShockingTouch"],"picked":"SKIP","floor":22},{"not_picked":["theMarked:TakeCover","theMarked:TwofoldDefense"],"picked":"theMarked:ShockingTouch+1","floor":24},{"not_picked":["theMarked:Aftermath","theMarked:BanishingStrike"],"picked":"theMarked:SwordAndMagic","floor":25},{"not_picked":["theMarked:Overthink","theMarked:LightningStrikesTwice"],"picked":"theMarked:Reabsorb+1","floor":28},{"not_picked":["theMarked:Opportunist","theMarked:TunnelVision"],"picked":"theMarked:TwofoldDefense","floor":29},{"not_picked":["theMarked:ElectricStrings","theMarked:BindingBlade"],"picked":"theMarked:Overcharge","floor":30}],"player_experience":1502331,"relics_obtained":[{"floor":6,"key":"hubris:TenFootPole"},{"floor":9,"key":"Gremlin Food"},{"floor":12,"key":"MawBank"},{"floor":26,"key":"Hololive_LightStick"},{"floor":28,"key":"infinitespire:ShieldingShard"},{"floor":30,"key":"InkBottle"}],"event_choices":[{"damage_healed":0,"gold_gain":0,"player_choice":"Rummage","damage_taken":0,"relics_obtained":["WarpedTongs"],"max_hp_gain":0,"max_hp_loss":0,"event_name":"Accursed Blacksmith","floor":19,"gold_loss":0,"cards_obtained":["Pain"]}],"is_beta":false,"boss_relics":[{"not_picked":["hubris:HollowSoul","Snecko Heart"],"picked":"Sozu"}],"items_purged_floors":[20,20],"is_endless":false,"potions_floor_spawned":[1,6,11,14,25,30],"killed_by":"Centurion and Healer","ascension_level":0}}