{"host":"frd3amdo59hhcgxk","time":1608596649,"event":{"mods":["AchievementEnabler","Alarm Clock","BaseMod","Block Reminder","Colored Powertips","Highlight Path","Minty Spire (QoL Compilation)","Random Character Button","Rare Cards Sparkle","Relic Sorter"],"gold_per_floor":[110,125,125,57,67,85,114,21,21,41,41,41,55,65,65,65,65],"floor_reached":16,"playtime":1536,"items_purged":[],"score":120,"play_id":"07221aa0-2b23-455f-9872-23872a2304d4","local_time":"20201221192409","is_ascension_mode":true,"campfire_choices":[{"floor":11,"key":"REST"},{"floor":15,"key":"REST"}],"circlet_count":0,"master_deck":["Strike_G","Strike_G","Strike_G","Strike_G","Strike_G","Defend_G","Defend_G","Defend_G","Defend_G","Defend_G","Survivor","Neutralize","Infinite Blades","Dagger Spray","Infinite Blades","Quick Slash","Outmaneuver","Flying Knee","Accuracy","Deflect","Poisoned Stab","Bane","Blur"],"relics":["Ring of the Snake","NeowsBlessing","Bird Faced Urn","Gremlin Horn"],"acts_visited":["Exordium"],"potions_floor_usage":[6,7,16],"damage_taken":[{"damage":0,"enemies":"Cultist","floor":1,"turns":1},{"damage":0,"enemies":"Small Slimes","floor":2,"turns":1},{"damage":0,"enemies":"2 Louse","floor":5,"turns":1},{"damage":22,"enemies":"Gremlin Gang","floor":6,"turns":5},{"damage":38,"enemies":"Gremlin Nob","floor":7,"turns":5},{"damage":7,"enemies":"Looter","floor":10,"turns":4},{"damage":21,"enemies":"Red Slaver","floor":13,"turns":5},{"damage":0,"enemies":"2 Fungi Beasts","floor":14,"turns":4},{"damage":48,"enemies":"The Guardian","floor":16,"turns":14}],"seed_played":"2782306933870974785","potions_obtained":[{"floor":5,"key":"Ancient Potion"},{"floor":6,"key":"AttackPotion"},{"floor":7,"key":"Strength Potion"}],"is_trial":false,"path_per_floor":["M","M","?","$","M","M","E","$","T","M","R","?","M","M","R","B"],"character_chosen":"THE_SILENT","items_purchased":["Infinite Blades","Accuracy","Deflect"],"campfire_rested":2,"item_purchase_floors":[4,8,8],"current_hp_per_floor":[70,70,70,70,70,48,10,10,10,9,30,30,15,21,42,0,0],"gold":65,"neow_bonus":"THREE_ENEMY_KILL","is_daily":false,"chose_seed":false,"campfire_upgraded":0,"win_rate":0.0,"timestamp":1608596649,"path_taken":["M","M","?","?","M","M","E","$","T","M","R","?","M","M","R","BOSS"],"items_purchased_type":["Card","Card","Card"],"build_version":"2020-12-13","purchased_purges":0,"victory":false,"max_hp_per_floor":[70,70,70,70,70,70,70,70,70,70,70,70,70,70,70,70,70],"card_choices":[{"not_picked":["Cloak And Dagger","Setup"],"picked":"Infinite Blades","floor":1},{"not_picked":["Cloak And Dagger","Bane"],"picked":"Dagger Spray","floor":2},{"not_picked":["Underhanded Strike","Flechettes"],"picked":"Quick Slash","floor":5},{"not_picked":["Cloak And Dagger","Deadly Poison"],"picked":"Outmaneuver","floor":6},{"not_picked":["Prepared","Sucker Punch"],"picked":"Flying Knee","floor":7},{"not_picked":["Calculated Gamble","Well Laid Plans"],"picked":"Poisoned Stab","floor":10},{"not_picked":["Deadly Poison","Unload"],"picked":"Bane","floor":13},{"not_picked":["Backflip","Flying Knee"],"picked":"Blur","floor":14}],"player_experience":437427,"relics_obtained":[{"floor":7,"key":"Bird Faced Urn"},{"floor":9,"key":"Gremlin Horn"}],"event_choices":[{"damage_healed":0,"gold_gain":0,"player_choice":"Bought 0 Potions","damage_taken":0,"max_hp_gain":0,"max_hp_loss":0,"event_name":"The Woman in Blue","floor":3,"gold_loss":0},{"damage_healed":0,"gold_gain":0,"player_choice":"Ignored","damage_taken":0,"max_hp_gain":0,"max_hp_loss":0,"event_name":"Golden Wing","floor":12,"gold_loss":0}],"is_beta":false,"boss_relics":[],"items_purged_floors":[],"is_endless":false,"potions_floor_spawned":[5,6,7],"killed_by":"The Guardian","ascension_level":3}}