{"host":"fxgsgr3e13htip8z","time":1608610652,"event":{"mods":["Aspiration","BaseMod","Dota2Spire","Hubris","Hyrulean Relics","Minty Spire (QoL Compilation)","Replay The Spire","Robot Space Explorer","StSLib","The Dragon Tamer","Trackpad","Wandering Minibosses","vexMod"],"gold_per_floor":[114,129,144,159,174,174,204,204,204,219,234,159,159,174,174,274,274,289,304,319,19,19,19,19,19,19],"floor_reached":25,"playtime":2139,"items_purged":["Strike_B"],"score":209,"play_id":"711af819-f7c6-4833-906d-aa9d04833656","local_time":"20201221221732","daily_mods":["Allstar","Diverse","DeadlyEvents"],"is_ascension_mode":false,"campfire_choices":[{"data":"Mayhem","floor":6,"key":"SMITH"},{"data":"Mayhem","floor":13,"key":"SMITH"},{"data":"RobotSpaceExplorer:Pulsar","floor":15,"key":"SMITH"},{"data":"RobotSpaceExplorer:PlasmaMissile","floor":23,"key":"SMITH"}],"circlet_count":0,"master_deck":["Strike_B","Strike_B","Strike_B","Defend_B","Defend_B","Defend_B","Defend_B","Zap","Dualcast","Mayhem+1","Replay:Sssssssssshield","Trip+1","Mayhem+1","Poisoned Strike","Worship","RobotSpaceExplorer:Pulsar+1","RobotSpaceExplorer:SwiftStep","Slice","Footwork","Acrobatics","Omniscience","RobotSpaceExplorer:PlasmaMissile+1","RobotSpaceExplorer:Probe+1","Evaluate"],"relics":["Cracked Core","Omamori","Mango","hubris:DeckOfHolding","hubris:TerracottaHorce","Dota2Spire:Satanic"],"acts_visited":["Exordium","TheCity"],"potions_floor_usage":[7,14,16,22,25,25],"damage_taken":[{"damage":1,"enemies":"Jaw Worm","floor":1,"turns":3},{"damage":3,"enemies":"2 Louse","floor":2,"turns":4},{"damage":0,"enemies":"Cultist","floor":3,"turns":4},{"damage":4,"enemies":"2 Fungi Beasts","floor":4,"turns":5},{"damage":9,"enemies":"3 Louse","floor":5,"turns":4},{"damage":33,"enemies":"Gremlin Nob","floor":7,"turns":5},{"damage":3,"enemies":"Looter","floor":10,"turns":4},{"damage":8,"enemies":"2 Fungi Beasts","floor":11,"turns":4},{"damage":3,"enemies":"Exordium Thugs","floor":14,"turns":6},{"damage":9,"enemies":"The Guardian","floor":16,"turns":9},{"damage":28,"enemies":"Spheric Guardian","floor":18,"turns":4},{"damage":22,"enemies":"2 Thieves","floor":19,"turns":5},{"damage":14,"enemies":"Sentry and Sphere","floor":20,"turns":6},{"damage":0,"enemies":"Snecko","floor":22,"turns":2},{"damage":15,"enemies":"Slavers","floor":25,"turns":2}],"seed_played":"-7682526130134428503","potions_obtained":[{"floor":4,"key":"PowerPotion"},{"floor":5,"key":"FearPotion"},{"floor":10,"key":"Fire Potion"},{"floor":11,"key":"Reflective Coating"},{"floor":16,"key":"Dota2Spire:Clarity"},{"floor":18,"key":"SmokeBomb"},{"floor":20,"key":"Adrenaline Potion"}],"is_trial":false,"path_per_floor":["M","M","M","M","M","R","E","?","T","M","M","$","R","M","R","B",null,"M","M","M","$","M","R","?","E"],"character_chosen":"DEFECT","items_purchased":["Dota2Spire:Satanic"],"campfire_rested":0,"item_purchase_floors":[21],"current_hp_per_floor":[74,71,71,67,58,58,25,32,32,29,21,21,21,18,18,9,69,41,19,5,5,5,5,5,0,0],"gold":19,"neow_bonus":"","is_daily":true,"chose_seed":false,"campfire_upgraded":4,"win_rate":0.0,"timestamp":1608610652,"path_taken":["M","M","M","M","M","R","E","?","T","M","M","$","R","M","R","BOSS","M","M","M","$","M","R","?","?"],"items_purchased_type":["Relic"],"build_version":"2020-12-13","purchased_purges":1,"victory":false,"max_hp_per_floor":[75,75,75,75,75,75,75,89,89,89,89,89,89,89,89,89,89,89,89,89,89,89,89,89,89,89],"card_choices":[{"not_picked":["DTMod:BurningEnergy","Double Energy"],"picked":"Worship","floor":1},{"not_picked":["Wild Strike","RobotSpaceExplorer:MetalStrike"],"picked":"RobotSpaceExplorer:Pulsar","floor":2},{"not_picked":["Bullet Time","Go for the Eyes"],"picked":"RobotSpaceExplorer:SwiftStep","floor":3},{"not_picked":["Evolve","Fasting2","MentalFortress"],"picked":"SKIP","floor":4},{"not_picked":["Shrug It Off","ClearTheMind"],"picked":"Slice","floor":5},{"not_picked":["Masterful Stab","RobotSpaceExplorer:FranticSearch"],"picked":"Footwork","floor":7},{"not_picked":["DTMod:GhostSkin","DTMod:MasterPlan","Panic Button"],"picked":"SKIP","floor":10},{"not_picked":["Thunderclap","Limit Break","DTMod:BlazingStrike"],"picked":"SKIP","floor":11},{"not_picked":["CarveReality","DTMod:DragonDance"],"picked":"Acrobatics","floor":14},{"not_picked":["Feed","All For One"],"picked":"Omniscience","floor":16},{"not_picked":["Hidden Blade","hubris:ReadiedAction+1"],"picked":"RobotSpaceExplorer:PlasmaMissile","floor":18},{"not_picked":["Rip and Tear","Force Field"],"picked":"RobotSpaceExplorer:Probe+1","floor":19},{"not_picked":["Backflip","Scrape"],"picked":"Evaluate","floor":20}],"player_experience":1487557,"relics_obtained":[{"floor":7,"key":"Omamori"},{"floor":9,"key":"hubris:DeckOfHolding"}],"event_choices":[{"damage_healed":0,"gold_gain":0,"player_choice":"Success","damage_taken":7,"relics_obtained":["Mango"],"max_hp_gain":0,"max_hp_loss":0,"event_name":"Scrap Ooze","floor":8,"gold_loss":0},{"damage_healed":0,"gold_gain":0,"player_choice":"Forge","damage_taken":0,"max_hp_gain":0,"max_hp_loss":0,"event_name":"Accursed Blacksmith","floor":24,"gold_loss":0,"cards_upgraded":["Trip"]}],"is_beta":false,"boss_relics":[{"not_picked":["hubris:CrackedHourglass","aspiration:RunicSpoon"],"picked":"hubris:TerracottaHorce"}],"items_purged_floors":[12],"is_endless":false,"potions_floor_spawned":[4,5,10,11,16,18,20],"killed_by":"Slavers","ascension_level":0}}