{"host":"2n2g1vowfllvjtvi","time":1608633174,"event":{"mods":["AchievementEnabler","BaseMod","Custom Start","GifTheSpireLib","Keyboard Shortcuts","Minty Spire (QoL Compilation)","Quick Restart","Rare Cards Sparkle","StSLib","SuperFastMode"],"gold_per_floor":[114,39,39,39,57,82,96,96,96,21,34,34,68,86,86,163,163,177,192,8,8,26,26,56,146,170,170,189,189,189],"floor_reached":29,"playtime":627,"items_purged":["Strike_B"],"score":487,"play_id":"1a85feaf-812d-4601-b9ea-7996034f40b0","local_time":"20201222193254","is_ascension_mode":true,"campfire_choices":[{"data":"Zap","floor":12.0,"key":"SMITH"},{"data":"Defragment","floor":15.0,"key":"SMITH"},{"data":"Apotheosis","floor":23,"key":"SMITH"},{"floor":27,"key":"REST"}],"circlet_count":0,"master_deck":["AscendersBane","Defend_B","Defend_B","Defend_B","Defend_B","Zap+1","Dualcast","Rip and Tear","Beam Cell","Thunder Strike","Ball Lightning","Redo","Defragment+1","Turbo","Electrodynamics","Conserve Battery","Apotheosis+1"],"relics":["Cracked Core","NeowsBlessing","Mummified Hand","Akabeko","Potion Belt","Empty Cage","MutagenicStrength","Shuriken","Orichalcum"],"acts_visited":["Exordium","TheCity"],"potions_floor_usage":[22,24,29],"damage_taken":[{"damage":0.0,"enemies":"2 Louse","floor":1.0,"turns":1.0},{"damage":0.0,"enemies":"Jaw Worm","floor":5.0,"turns":1.0},{"damage":0.0,"enemies":"3 Sentries","floor":6.0,"turns":1.0},{"damage":1.0,"enemies":"Cultist","floor":7.0,"turns":3.0},{"damage":2.0,"enemies":"Large Slime","floor":11.0,"turns":4.0},{"damage":18.0,"enemies":"Gremlin Nob","floor":13.0,"turns":3.0},{"damage":1.0,"enemies":"Blue Slaver","floor":14.0,"turns":2.0},{"damage":42.0,"enemies":"The Guardian","floor":16.0,"turns":8.0},{"damage":6.0,"enemies":"Spheric Guardian","floor":18.0,"turns":3.0},{"damage":1.0,"enemies":"3 Byrds","floor":19.0,"turns":2.0},{"damage":0,"enemies":"Cultist and Chosen","floor":22,"turns":3},{"damage":34,"enemies":"Slavers","floor":24,"turns":4},{"damage":18,"enemies":"Snake Plant","floor":28,"turns":3},{"damage":10,"enemies":"Book of Stabbing","floor":29,"turns":2}],"seed_played":"-8743939226875439733","potions_obtained":[{"floor":5.0,"key":"Block Potion"},{"floor":8.0,"key":"GamblersBrew"},{"floor":11.0,"key":"Regen Potion"},{"floor":13.0,"key":"Block Potion"},{"floor":16.0,"key":"Block Potion"},{"floor":18.0,"key":"DistilledChaos"},{"floor":28,"key":"Swift Potion"}],"is_trial":false,"path_per_floor":["M","?","?","$","M","E","M","?","T","$","M","R","E","M","R","B",null,"M","M","$","?","M","R","E","?","T","R","M","E"],"character_chosen":"DEFECT","items_purchased":["Apotheosis"],"campfire_rested":1,"item_purchase_floors":[20],"current_hp_per_floor":[64,64,69,69,69,69,68,68,68,68,66,66,48,47,47,20,62,56,55,55,55,55,55,21,9,9,31,13,3,3],"gold":189,"neow_bonus":"THREE_ENEMY_KILL","is_daily":false,"chose_seed":false,"campfire_upgraded":3,"win_rate":0.0,"timestamp":1608633174,"path_taken":["M","?","?","$","M","E","M","?","T","$","M","R","E","M","R","BOSS","M","?","$","?","M","R","E","?","T","R","?","E"],"items_purchased_type":["Card"],"build_version":"2020-12-13","purchased_purges":1,"victory":false,"max_hp_per_floor":[71,71,76,76,76,76,76,76,76,76,76,76,76,76,76,76,76,76,76,76,76,76,76,76,76,76,76,76,76,76],"card_choices":[{"not_picked":["Stack","Turbo"],"picked":"Rip and Tear","floor":1.0},{"not_picked":["Lockon","Go for the Eyes"],"picked":"Beam Cell","floor":5.0},{"not_picked":["Turbo","Recycle"],"picked":"Thunder Strike","floor":6.0},{"not_picked":["Streamline","Conserve Battery"],"picked":"Ball Lightning","floor":7.0},{"not_picked":["Steam","Fusion"],"picked":"Redo","floor":11.0},{"not_picked":["Beam Cell","Barrage"],"picked":"Defragment","floor":13.0},{"not_picked":["Steam","Aggregate"],"picked":"Turbo","floor":14.0},{"not_picked":["Amplify","Buffer"],"picked":"Electrodynamics","floor":16.0},{"not_picked":["Streamline","Cold Snap","Go for the Eyes"],"picked":"SKIP","floor":18.0},{"not_picked":["Streamline","Cold Snap","Go for the Eyes"],"picked":"SKIP","floor":18.0},{"not_picked":["Ball Lightning","Cold Snap"],"picked":"Conserve Battery","floor":19.0},{"not_picked":["Barrage","Melter+1","Steam"],"picked":"SKIP","floor":22},{"not_picked":["Electrodynamics","Consume","Barrage"],"picked":"SKIP","floor":24},{"not_picked":["FTL","Chaos","Darkness"],"picked":"SKIP","floor":28}],"player_experience":439300,"relics_obtained":[{"floor":6.0,"key":"Mummified Hand"},{"floor":9.0,"key":"Akabeko"},{"floor":13.0,"key":"Potion Belt"},{"floor":24,"key":"Shuriken"},{"floor":26,"key":"Orichalcum"}],"event_choices":[{"cards_removed":["Strike_B"],"damage_healed":0.0,"max_hp_gain":0.0,"max_hp_loss":0.0,"gold_gain":0.0,"event_name":"The Cleric","player_choice":"Card Removal","floor":2.0,"gold_loss":75.0,"damage_taken":0.0},{"damage_healed":0.0,"max_hp_gain":5.0,"max_hp_loss":0.0,"gold_gain":0.0,"event_name":"Big Fish","player_choice":"Donut","floor":3.0,"gold_loss":0.0,"damage_taken":0.0},{"damage_healed":0.0,"max_hp_gain":0.0,"max_hp_loss":0.0,"gold_gain":0.0,"event_name":"Lab","player_choice":"Got Potions","floor":8.0,"gold_loss":0.0,"damage_taken":0.0},{"damage_healed":0.0,"max_hp_gain":0.0,"max_hp_loss":0.0,"gold_gain":0.0,"event_name":"Drug Dealer","player_choice":"Inject Mutagens","floor":21.0,"gold_loss":0.0,"damage_taken":0.0,"relics_obtained":["MutagenicStrength"]},{"damage_healed":0,"gold_gain":90,"player_choice":"GOLD ","damage_taken":12,"max_hp_gain":0,"max_hp_loss":0,"event_name":"Knowing Skull","floor":25,"potions_obtained":[],"gold_loss":0,"cards_obtained":[]}],"is_beta":false,"boss_relics":[{"not_picked":["Ectoplasm","Pandora\u0027s Box"],"picked":"Empty Cage"}],"items_purged_floors":[10],"is_endless":false,"potions_floor_spawned":[5,11,13,16,18,28],"killed_by":"Book of Stabbing","ascension_level":15}}