{"host":"l029r2dqxfiqiq5i","time":1608646669,"event":{"mods":["ATMod(°¢èªMod)","Act Like it!","BaseMod","Minty Spire (QoL Compilation)","StSLib","óô»ðÖ¸ÄÏ"],"gold_per_floor":[114,64,81,81,92,92,102,132,167,196,219,241,272,296,308,422,434,456,468,490,520,532,544,581,593,605,110,110,120,120,120,84,181,181,195,212,232,246,259,259,270,270,341,341,61,80,80,96,96,96,96,96,33,61,61],"floor_reached":56,"playtime":2813,"items_purged":["Barricade","Bash","Sword Boomerang"],"score":1252,"play_id":"987fcb06-8f20-42d2-b8a8-212141718006","local_time":"20201222221749","is_ascension_mode":false,"campfire_choices":[{"data":"Rage","floor":6.0,"key":"SMITH"},{"data":"Double Tap","floor":15,"key":"SMITH"},{"data":"AT_BodySlamDance","floor":23,"key":"SMITH"},{"data":"Feel No Pain","floor":25,"key":"SMITH"},{"data":"Combust","floor":28,"key":"SMITH"},{"data":"AT_BodySlamDance","floor":30,"key":"SMITH"},{"data":"AT_ShrugMaster","floor":40,"key":"SMITH"},{"data":"Evolve","floor":42,"key":"SMITH"},{"floor":44,"key":"RECALL"},{"data":"Brutality","floor":49,"key":"SMITH"},{"data":"Rupture","floor":52,"key":"SMITH"}],"circlet_count":0,"master_deck":["Strike_R","Strike_R","Strike_R","Strike_R","Defend_R","Defend_R","Defend_R","Defend_R","Reckless Charge","Rage+1","AT_DiedThrough","Rupture+1","Double Tap+1","AT_BodySlamDance+1","Pommel Strike","Shrug It Off","Feel No Pain+1","AT_CaressingTears+1","AT_BodySlamDance+1","Combust+1","Fire Breathing+1","AT_ShrugMaster+1","Brutality+1","Wild Strike","Evolve+1","Blood for Blood+1"],"relics":["Burning Blood","AT_ATBox","AT_BellDemon","Red Skull","Boot","Ornamental Fan","MawBank","AT_SunfireAegis","SlaversCollar","Enchiridion","MutagenicStrength","Bag of Marbles","Lee\u0027s Waffle","Orichalcum","Runic Cube","AT_GuinsooRageblade","Membership Card","Oddly Smooth Stone"],"acts_visited":["Exordium","TheCity","TheBeyond","TheEnding"],"potions_floor_usage":[24,24,24,55,55],"damage_taken":[{"damage":31.0,"enemies":"Jaw Worm","floor":1.0,"turns":3.0},{"damage":15.0,"enemies":"Small Slimes","floor":3.0,"turns":2.0},{"damage":12.0,"enemies":"Cultist","floor":5.0,"turns":3.0},{"damage":5.0,"enemies":"Exordium Wildlife","floor":7.0,"turns":5.0},{"damage":17.0,"enemies":"Lagavulin","floor":8.0,"turns":6.0},{"damage":3.0,"enemies":"2 Fungi Beasts","floor":10.0,"turns":3.0},{"damage":0.0,"enemies":"Looter","floor":11.0,"turns":2.0},{"damage":6,"enemies":"Exordium Wildlife","floor":12,"turns":2},{"damage":4,"enemies":"Gremlin Gang","floor":13,"turns":3},{"damage":2,"enemies":"Blue Slaver","floor":14,"turns":3},{"damage":0,"enemies":"Slime Boss","floor":16,"turns":3},{"damage":0,"enemies":"Chosen","floor":18,"turns":3},{"damage":0,"enemies":"Spheric Guardian","floor":20,"turns":1},{"damage":28,"enemies":"Shelled Parasite and Fungi","floor":21,"turns":4},{"damage":0,"enemies":"Gremlin Leader","floor":24,"turns":4},{"damage":23,"enemies":"Snake Plant","floor":29,"turns":3},{"damage":0,"enemies":"Collector","floor":33,"turns":3},{"damage":21,"enemies":"3 Shapes","floor":35,"turns":2},{"damage":0,"enemies":"Orb Walker","floor":36,"turns":1},{"damage":13,"enemies":"Transient","floor":37,"turns":5},{"damage":15,"enemies":"4 Shapes","floor":38,"turns":4},{"damage":16,"enemies":"Jaw Worm Horde","floor":39,"turns":3},{"damage":8,"enemies":"Sphere and 2 Shapes","floor":41,"turns":3},{"damage":5,"enemies":"4 Shapes","floor":46,"turns":3},{"damage":15,"enemies":"Transient","floor":48,"turns":5},{"damage":12,"enemies":"Donu and Deca","floor":50,"turns":4},{"damage":23,"enemies":"Shield and Spear","floor":54,"turns":2},{"damage":12,"enemies":"The Heart","floor":55,"turns":4}],"seed_played":"-7696255548307727905","potions_obtained":[{"floor":5.0,"key":"CultistPotion"},{"floor":7.0,"key":"Energy Potion"},{"floor":8.0,"key":"FearPotion"},{"floor":12,"key":"Strength Potion"},{"floor":20,"key":"Dexterity Potion"},{"floor":29,"key":"Block Potion"},{"floor":33,"key":"Swift Potion"},{"floor":35,"key":"BlessingOfTheForge"}],"is_trial":false,"path_per_floor":["M","?","M","?","M","R","M","E","T","M","M","M","M","M","R","B",null,"M","?","M","M","?","R","E","R","T","$","R","M","R","?","R","B",null,"M","M","M","M","M","R","M","R","T","R","$","M","?","M","R","B",null,"R","$","E","B",null],"character_chosen":"IRONCLAD","items_purchased":["AT_BodySlamDance","Combust","Lee\u0027s Waffle","Orichalcum","AT_ShrugMaster","Membership Card","Oddly Smooth Stone"],"campfire_rested":0,"item_purchase_floors":[27,27,27,27,32,45,45],"current_hp_per_floor":[55,55,46,46,40,40,41,30,30,33,39,39,41,45,45,51,80,80,64,70,48,48,48,54,54,54,87,87,70,70,70,70,76,87,72,78,71,72,62,62,66,66,66,66,66,67,67,66,66,60,87,87,87,70,72],"gold":61,"neow_bonus":"RANDOM_COMMON_RELIC","is_daily":false,"chose_seed":false,"campfire_upgraded":10,"win_rate":0.0,"timestamp":1608646669,"path_taken":["M","?","M","?","M","R","M","E","T","?","M","M","M","M","R","BOSS","M","?","M","M","?","R","E","R","T","$","R","M","R","?","R","BOSS","M","M","M","M","M","R","M","R","T","R","$","M","?","M","R","BOSS","R","$","E","BOSS"],"items_purchased_type":["Card","Card","Relic","Relic","Card","Relic","Relic"],"build_version":"2020-12-13","purchased_purges":3,"victory":true,"max_hp_per_floor":[80,80,80,80,80,80,80,80,80,80,80,80,80,80,80,80,80,80,80,80,80,80,80,80,80,80,87,87,87,87,87,87,87,87,87,87,87,87,87,87,87,87,87,87,87,87,87,87,87,87,87,87,87,87,87],"card_choices":[{"not_picked":["Havoc","Clothesline"],"picked":"Sword Boomerang","floor":1.0},{"not_picked":["Body Slam","Searing Blow"],"picked":"Reckless Charge","floor":3.0},{"not_picked":["Anger","Battle Trance"],"picked":"Rage","floor":5.0},{"not_picked":["Pommel Strike","Cleave"],"picked":"AT_DiedThrough","floor":7.0},{"not_picked":["Inflame","Pummel"],"picked":"Rupture","floor":8.0},{"not_picked":["Perfected Strike","True Grit"],"picked":"Double Tap","floor":10.0},{"not_picked":["Iron Wave","AT_GerminateFire","Headbutt"],"picked":"SKIP","floor":11.0},{"not_picked":["Searing Blow","Second Wind","Whirlwind"],"picked":"SKIP","floor":12},{"not_picked":["Anger","AT_IchimonjiDouble","Burning Pact"],"picked":"SKIP","floor":13},{"not_picked":["Perfected Strike","AT_IchimonjiDouble"],"picked":"AT_BodySlamDance","floor":14},{"not_picked":["Reaper","Double Tap"],"picked":"Barricade","floor":16},{"not_picked":["Perfected Strike","Clothesline"],"picked":"Pommel Strike","floor":18},{"not_picked":["Iron Wave","Clothesline"],"picked":"Shrug It Off","floor":20},{"not_picked":["Dropkick","Rampage"],"picked":"Feel No Pain","floor":21},{"not_picked":["Dual Wield","Warcry+1"],"picked":"AT_CaressingTears+1","floor":24},{"not_picked":["Rupture","Pommel Strike"],"picked":"Fire Breathing+1","floor":29},{"not_picked":["Juggernaut","Barricade"],"picked":"Brutality","floor":33},{"not_picked":["Shrug It Off","Body Slam","Pommel Strike+1"],"picked":"SKIP","floor":35},{"not_picked":["Clothesline","Pommel Strike+1","Intimidate+1"],"picked":"SKIP","floor":36},{"not_picked":["Clothesline","Sentinel+1","Shrug It Off"],"picked":"SKIP","floor":37},{"not_picked":["Metallicize","Sword Boomerang+1","Second Wind+1"],"picked":"SKIP","floor":38},{"not_picked":["Warcry+1","Flex"],"picked":"Wild Strike","floor":39},{"not_picked":["Spot Weakness+1","AT_DrawKnifeCut+1"],"picked":"Evolve","floor":41},{"not_picked":["Burning Pact+1","Sword Boomerang+1","Dropkick+1"],"picked":"SKIP","floor":46},{"not_picked":["Heavy Blade+1","Evolve+1","Perfected Strike"],"picked":"SKIP","floor":48},{"not_picked":["AT_GerminateFire","Reaper"],"picked":"Blood for Blood+1","floor":54}],"player_experience":147999,"relics_obtained":[{"floor":1.0,"key":"Red Skull"},{"floor":3.0,"key":"Boot"},{"floor":5.0,"key":"Ornamental Fan"},{"floor":8.0,"key":"MawBank"},{"floor":9.0,"key":"AT_SunfireAegis"},{"floor":19,"key":"Enchiridion"},{"floor":24,"key":"Bag of Marbles"},{"floor":43,"key":"AT_GuinsooRageblade"}],"event_choices":[{"cards_removed":["Strike_R"],"damage_healed":0.0,"max_hp_gain":0.0,"max_hp_loss":0.0,"gold_gain":0.0,"event_name":"The Cleric","player_choice":"Card Removal","floor":2.0,"gold_loss":50.0,"damage_taken":0.0},{"damage_healed":0.0,"max_hp_gain":0.0,"max_hp_loss":0.0,"gold_gain":0.0,"event_name":"The Woman in Blue","player_choice":"Bought 0 Potions","floor":4.0,"gold_loss":0.0,"damage_taken":0.0},{"damage_healed":0,"gold_gain":0,"player_choice":"Obtained Book","damage_taken":16,"max_hp_gain":0,"max_hp_loss":0,"event_name":"Cursed Tome","floor":19,"gold_loss":0},{"damage_healed":0,"gold_gain":0,"player_choice":"Inject Mutagens","damage_taken":0,"relics_obtained":["MutagenicStrength"],"max_hp_gain":0,"max_hp_loss":0,"event_name":"Drug Dealer","floor":22,"gold_loss":0},{"damage_healed":0,"gold_gain":0,"player_choice":"Ignored","damage_taken":0,"max_hp_gain":0,"max_hp_loss":0,"event_name":"Ghosts","floor":31,"gold_loss":0},{"damage_healed":0,"gold_gain":0,"player_choice":"Ignored","damage_taken":0,"max_hp_gain":0,"max_hp_loss":0,"event_name":"SecretPortal","floor":47,"gold_loss":0}],"is_beta":false,"boss_relics":[{"not_picked":["Velvet Choker","Calling Bell"],"picked":"SlaversCollar"},{"not_picked":["Pandora\u0027s Box","Mark of Pain"],"picked":"Runic Cube"}],"items_purged_floors":[27,45,53],"is_endless":false,"potions_floor_spawned":[5,7,8,12,13,16,20,21,29,33,35,41,46],"ascension_level":0}}