{"host":"5dzuyvrjb30uqvwu","time":1608630488,"event":{"mods":["AchievementEnabler","BaseMod","Colored Powertips","Lobotomy","Minty Spire (QoL Compilation)","Quick Restart","slay the spire mod where everything is the same but ironclad has a cowboy hat"],"gold_per_floor":[118,138,138,156,156,156,176,251,251,279,297,297,328,340,340,443,443,462,234,159,159,159],"floor_reached":21,"playtime":1527,"items_purged":["QueenOfHatred"],"score":198,"play_id":"7237d8e7-c526-4993-b192-f37f1fc505c5","local_time":"20201222014808","is_ascension_mode":true,"campfire_choices":[{"data":"True Grit","floor":6,"key":"SMITH"},{"data":"Seeing Red","floor":12,"key":"SMITH"},{"data":"Pommel Strike","floor":15,"key":"SMITH"}],"circlet_count":0,"master_deck":["Strike_R","Strike_R","Strike_R","Strike_R","Defend_R","Defend_R","Defend_R","Defend_R","Bash","MeatLantern","Seeing Red+1","Alriune","Carnage","BlackArmy","True Grit+1","LongBird","Headbutt","DreamingCurrent","CrumblingArmor","Pommel Strike+1","Headbutt","HeroicMonk","Berserk","Feel No Pain"],"relics":["Burning Blood","CogitoBucket","CaptainsWheel","Gremlin Horn","FleshIdol","Juzu Bracelet","Philosopher\u0027s Stone","ClockworkSouvenir"],"acts_visited":["Exordium","TheCity"],"potions_floor_usage":[11,21],"damage_taken":[{"damage":6,"enemies":"2 Louse","floor":1,"turns":4},{"damage":0,"enemies":"Small Slimes","floor":2,"turns":4},{"damage":3,"enemies":"Cultist","floor":4,"turns":4},{"damage":1,"enemies":"3 Louse","floor":7,"turns":4},{"damage":20,"enemies":"Gremlin Nob","floor":10,"turns":5},{"damage":26,"enemies":"Blue Slaver","floor":11,"turns":6},{"damage":44,"enemies":"3 Sentries","floor":13,"turns":7},{"damage":9,"enemies":"Looter","floor":14,"turns":3},{"damage":79,"enemies":"Slime Boss","floor":16,"turns":6},{"damage":24,"enemies":"Shell Parasite","floor":18,"turns":3},{"damage":158,"enemies":"Chosen","floor":21,"turns":8}],"seed_played":"-3057365080874382431","potions_obtained":[{"floor":1,"key":"AttackPotion"},{"floor":7,"key":"BloodPotion"},{"floor":11,"key":"SpeedPotion"},{"floor":13,"key":"Energy Potion"}],"is_trial":false,"path_per_floor":["M","M","?","M","?","R","M","?","T","E","M","R","E","M","R","B",null,"M","$","?","M"],"character_chosen":"IRONCLAD","items_purchased":["ClockworkSouvenir"],"campfire_rested":0,"item_purchase_floors":[19],"current_hp_per_floor":[80,80,80,80,80,80,80,69,69,57,46,46,53,74,74,35,80,75,75,75,0,0],"gold":159,"neow_bonus":"","is_daily":false,"chose_seed":false,"campfire_upgraded":3,"win_rate":0.0,"timestamp":1608630488,"path_taken":["M","M","?","M","?","R","?","?","T","E","M","R","E","M","R","BOSS","M","$","?","M"],"items_purchased_type":["Relic"],"build_version":"2020-12-13","purchased_purges":1,"victory":false,"max_hp_per_floor":[80,80,80,80,80,80,80,80,80,80,80,80,80,80,80,80,80,80,80,80,80,80],"card_choices":[{"not_picked":["LaLuna","Scorched"],"picked":"MeatLantern","floor":1},{"not_picked":["Headbutt","Infernal Blade"],"picked":"Seeing Red","floor":1},{"not_picked":["FieryBird","CherryBlossoms"],"picked":"Alriune","floor":2},{"not_picked":["Armaments","Wild Strike"],"picked":"Carnage","floor":2},{"not_picked":["Laetitia","Rudolta"],"picked":"BlackArmy","floor":4},{"not_picked":["Havoc","Anger"],"picked":"True Grit","floor":4},{"not_picked":["QueenBee","HeroicMonk"],"picked":"LongBird","floor":7},{"not_picked":["Power Through","Armaments"],"picked":"Headbutt","floor":7},{"not_picked":["Scorched","OSAHOGD"],"picked":"DreamingCurrent","floor":10},{"not_picked":["Flex","Headbutt","Iron Wave"],"picked":"SKIP","floor":10},{"not_picked":["Mercenary","Woodsman","UniverseFragment"],"picked":"Singing Bowl","floor":11},{"not_picked":["OSAHOGD","BeautyBeast"],"picked":"CrumblingArmor","floor":11},{"not_picked":["Battle Trance","Seeing Red"],"picked":"Pommel Strike","floor":11},{"not_picked":["OSAHOGD","DespairKnight","UniverseFragment"],"picked":"Singing Bowl","floor":13},{"not_picked":["Scorched","Laetitia"],"picked":"QueenOfHatred","floor":13},{"not_picked":["Bludgeon","Perfected Strike"],"picked":"Headbutt","floor":13},{"not_picked":["Murderer","OldLady","WallGazer"],"picked":"Singing Bowl","floor":14},{"not_picked":["DespairKnight","Woodsman"],"picked":"HeroicMonk","floor":14},{"not_picked":["Spot Weakness","Flame Barrier","True Grit"],"picked":"SKIP","floor":14},{"not_picked":["PunishingBird","CherryBlossoms","BeautyBeast"],"picked":"Singing Bowl","floor":16},{"not_picked":["Impervious","Barricade"],"picked":"Berserk","floor":16},{"not_picked":["Freischutz","Bloodbath","LittlePrince"],"picked":"Singing Bowl","floor":18},{"not_picked":["Metallicize","Heavy Blade+1"],"picked":"Feel No Pain","floor":18}],"player_experience":311573,"relics_obtained":[{"floor":10,"key":"Gremlin Horn"},{"floor":13,"key":"Juzu Bracelet"}],"event_choices":[{"damage_healed":0,"gold_gain":0,"player_choice":"Box","damage_taken":0,"relics_obtained":["CaptainsWheel"],"max_hp_gain":0,"max_hp_loss":0,"event_name":"Big Fish","floor":3,"gold_loss":0,"cards_obtained":["Regret"]},{"cards_removed":["Regret"],"damage_healed":0,"gold_gain":0,"player_choice":"Removed Curses","damage_taken":0,"max_hp_gain":0,"max_hp_loss":0,"event_name":"Fountain of Cleansing","floor":5,"gold_loss":0},{"damage_healed":0,"gold_gain":75,"player_choice":"Gather Gold","damage_taken":11,"max_hp_gain":0,"max_hp_loss":0,"event_name":"World of Goop","floor":8,"gold_loss":0},{"cards_removed":["Strike_R"],"damage_healed":0,"gold_gain":0,"player_choice":"Gave Gold","damage_taken":0,"max_hp_gain":0,"max_hp_loss":0,"event_name":"Beggar","floor":20,"gold_loss":75}],"is_beta":false,"boss_relics":[{"not_picked":["Mark of Pain","Cursed Key"],"picked":"Philosopher\u0027s Stone"}],"items_purged_floors":[19],"is_endless":false,"potions_floor_spawned":[1,7,11,13,14],"killed_by":"Chosen","ascension_level":1}}