{"host":"1tkoe3l8wf0xx8if","time":1608632275,"event":{"mods":["AchievementEnabler","BaseMod","Colored Map","Minty Spire (QoL Compilation)","Quick Restart","StSLib","SuperFastMode"],"gold_per_floor":[113,113,113,113,113,154,154,177,245,281,213,213,232,267,267,362,362,380,401,424,424,200,234,234,277,277,316,335,335,335,335,335,335,335],"floor_reached":33,"playtime":837,"items_purged":[],"score":593,"play_id":"eebda119-ac94-4bb0-ae1d-16a8ca4da99c","local_time":"20201222191755","is_ascension_mode":true,"campfire_choices":[{"data":"Perfected Strike","floor":7.0,"key":"SMITH"},{"floor":15.0,"key":"REST"},{"data":"Perfected Strike","floor":24.0,"key":"SMITH"},{"data":"Perfected Strike","floor":29.0,"key":"SMITH"},{"data":"True Grit","floor":32.0,"key":"SMITH"}],"circlet_count":0,"master_deck":["AscendersBane","Strike_R+1","Strike_R+1","Strike_R+1","Strike_R+1","Strike_R+1","Defend_R+1","Defend_R+1","Defend_R+1","Defend_R+1","Bash+1","Perfected Strike+1","Perfected Strike+1","Twin Strike","Evolve","Feed","Battle Trance","Perfected Strike+1","Impervious","Warcry","Twin Strike","True Grit+1","Power Through","Shrug It Off+1","Regret"],"relics":["Burning Blood","NeowsBlessing","Dream Catcher","Golden Idol","PreservedInsect","InkBottle","WingedGreaves","Regal Pillow","Cursed Key","Sling","Art of War","Vajra","Toxic Egg 2","Question Card"],"acts_visited":["Exordium","TheCity"],"potions_floor_usage":[33,33],"damage_taken":[{"damage":0.0,"enemies":"Small Slimes","floor":1.0,"turns":1.0},{"damage":0.0,"enemies":"Gremlin Nob","floor":6.0,"turns":1.0},{"damage":0.0,"enemies":"2 Louse","floor":8.0,"turns":1.0},{"damage":20.0,"enemies":"3 Sentries","floor":10.0,"turns":6.0},{"damage":12.0,"enemies":"Jaw Worm","floor":13.0,"turns":2.0},{"damage":20.0,"enemies":"Lagavulin","floor":14.0,"turns":3.0},{"damage":50.0,"enemies":"Hexaghost","floor":16.0,"turns":6.0},{"damage":9.0,"enemies":"3 Byrds","floor":18.0,"turns":4.0},{"damage":0.0,"enemies":"Chosen","floor":19.0,"turns":3.0},{"damage":7.0,"enemies":"Centurion and Healer","floor":20.0,"turns":6.0},{"damage":24.0,"enemies":"Slavers","floor":23.0,"turns":5.0},{"damage":14.0,"enemies":"Book of Stabbing","floor":25.0,"turns":3.0},{"damage":11.0,"enemies":"Slavers","floor":27.0,"turns":4.0},{"damage":8.0,"enemies":"Snake Plant","floor":28.0,"turns":3.0},{"damage":60,"enemies":"Collector","floor":33,"turns":7}],"seed_played":"3616629546151186422","potions_obtained":[{"floor":13.0,"key":"Energy Potion"},{"floor":14.0,"key":"LiquidMemories"},{"floor":16.0,"key":"SteroidPotion"},{"floor":20.0,"key":"EssenceOfSteel"},{"floor":31.0,"key":"CultistPotion"},{"floor":31.0,"key":"HeartOfIron"}],"is_trial":false,"path_per_floor":["M","$","?","?","?","E","R","M","T","E","$","?","M","E","R","B",null,"M","M","M","T","$","E","R","E","T","E","M","R","?","?","R","B"],"character_chosen":"IRONCLAD","items_purchased":["Feed","Sling","Power Through"],"campfire_rested":1,"item_purchase_floors":[11,22,22],"current_hp_per_floor":[78,78,83,80,59,65,65,71,71,57,57,40,37,23,64,23,74,74,83,85,85,85,70,70,62,62,57,55,55,55,55,55,0,0],"gold":335,"neow_bonus":"THREE_ENEMY_KILL","is_daily":false,"chose_seed":false,"campfire_upgraded":4,"win_rate":0.0,"timestamp":1608632275,"path_taken":["M","$","?","?","?","E","R","M","T","E","$","?","?","E","R","BOSS","M","M","?","?","$","E","R","E","T","E","M","R","?","?","R","BOSS"],"items_purchased_type":["Card","Relic","Card"],"build_version":"2020-12-13","purchased_purges":0,"victory":false,"max_hp_per_floor":[80,80,85,85,85,85,85,85,85,85,85,85,88,88,88,91,91,94,97,100,100,100,103,103,103,103,103,103,103,103,103,103,103,103],"card_choices":[{"not_picked":["Body Slam","Flex"],"picked":"Perfected Strike","floor":1.0},{"not_picked":["Anger","Combust"],"picked":"Perfected Strike","floor":6.0},{"not_picked":["Battle Trance","Sentinel"],"picked":"Twin Strike","floor":8.0},{"not_picked":["Ghostly Armor","Dark Embrace"],"picked":"Evolve","floor":10.0},{"not_picked":["Cleave","Pommel Strike"],"picked":"Battle Trance","floor":13.0},{"not_picked":["Reckless Charge","Dark Embrace"],"picked":"Perfected Strike","floor":14.0},{"not_picked":["Brutality","Bludgeon"],"picked":"Impervious","floor":16.0},{"not_picked":["Armaments","Havoc"],"picked":"Warcry","floor":18.0},{"not_picked":["Pommel Strike","True Grit"],"picked":"Twin Strike","floor":19.0},{"not_picked":["Warcry","Havoc"],"picked":"True Grit","floor":20.0},{"not_picked":["Feed","Pommel Strike"],"picked":"Shrug It Off+1","floor":23.0},{"not_picked":["Armaments","Body Slam","Carnage"],"picked":"SKIP","floor":25.0},{"not_picked":["Wild Strike","Havoc+1","Fire Breathing"],"picked":"SKIP","floor":27.0},{"not_picked":["Thunderclap+1","Body Slam","Cleave","Fire Breathing"],"picked":"SKIP","floor":28.0}],"player_experience":306057,"relics_obtained":[{"floor":6.0,"key":"PreservedInsect"},{"floor":9.0,"key":"InkBottle"},{"floor":10.0,"key":"WingedGreaves"},{"floor":14.0,"key":"Regal Pillow"},{"floor":23.0,"key":"Art of War"},{"floor":25.0,"key":"Vajra"},{"floor":26.0,"key":"Toxic Egg 2"},{"floor":27.0,"key":"Question Card"}],"event_choices":[{"damage_healed":0.0,"max_hp_gain":5.0,"max_hp_loss":0.0,"gold_gain":0.0,"event_name":"Big Fish","player_choice":"Donut","floor":3.0,"gold_loss":0.0,"damage_taken":0.0},{"damage_healed":0.0,"max_hp_gain":0.0,"max_hp_loss":0.0,"gold_gain":0.0,"event_name":"Scrap Ooze","player_choice":"Success","floor":4.0,"gold_loss":0.0,"damage_taken":3.0,"relics_obtained":["Dream Catcher"]},{"damage_healed":0.0,"max_hp_gain":0.0,"max_hp_loss":0.0,"gold_gain":0.0,"event_name":"Golden Idol","player_choice":"Take Damage","floor":5.0,"gold_loss":0.0,"damage_taken":21.0,"relics_obtained":["Golden Idol"]},{"damage_healed":0.0,"max_hp_gain":0.0,"max_hp_loss":0.0,"gold_gain":0.0,"event_name":"Shining Light","player_choice":"Entered Light","floor":12.0,"gold_loss":0.0,"damage_taken":17.0,"cards_upgraded":["Bash","Strike_R"]},{"damage_healed":0.0,"max_hp_gain":0.0,"max_hp_loss":0.0,"gold_gain":0.0,"event_name":"Back to Basics","player_choice":"Simplicity","floor":30.0,"gold_loss":0.0,"damage_taken":0.0,"cards_upgraded":["Strike_R","Strike_R","Strike_R","Strike_R","Defend_R","Defend_R","Defend_R","Defend_R"]},{"damage_healed":0.0,"max_hp_gain":0.0,"max_hp_loss":0.0,"gold_gain":0.0,"event_name":"Lab","player_choice":"Got Potions","floor":31.0,"gold_loss":0.0,"damage_taken":0.0}],"is_beta":false,"boss_relics":[{"not_picked":["Busted Crown","Philosopher\u0027s Stone"],"picked":"Cursed Key"}],"items_purged_floors":[],"is_endless":false,"potions_floor_spawned":[13,14,16,20,25],"killed_by":"Collector","ascension_level":13}}