{"host":"f14d6hm2349s9jse","time":1608669421,"event":{"mods":["2.2 Compatiblity","BaseMod","Minty Spire (QoL Compilation)","StSLib","The Necromancer"],"gold_per_floor":[99,99,99,99,99,99,99,99,99,99,99,99,99,69,69,69,69,69,69,69,18,18,18,18,18,18,18,18,18,18,18,18,18,18,18,18,18,18,18,18,18],"floor_reached":40,"playtime":1891,"items_purged":[],"score":538,"play_id":"170a6aa7-1e1e-45a7-a798-021875e6f570","local_time":"20201222153701","is_ascension_mode":false,"campfire_choices":[{"data":"Summon_Lich","floor":8,"key":"SMITH"},{"data":"Summon_Undead_Army","floor":15,"key":"SMITH"},{"data":"Summon_Vampire_Lady","floor":24,"key":"SMITH"},{"floor":32,"key":"RECALL"}],"circlet_count":0,"master_deck":["Negative_Energy_Arrows","Bone_Wall","Shade_Step","Grasp_Heart+1","Detonate_Bones","Summon_Lich+1","Vampiric_Strike","Summon_Undead_Army+1","Blood_Wake","Spectral_Walk","Summon_Vampire_Lady+1","CurseOfTheBell","Vampiric_Strike","Negative_Energy_Shield+1","Bite","Bite","Bite","Bite","Bite","Corrupt","Bone_Armor+1","Summon_Undead_Army+1","Blood_Whip+1","Summon_Vampire_Lady+1","Pandemic","Summon_Undead_Army+1","Negative_Energy_Shield","Consume_Illness+1","Negative_Energy_Javelin+1","Negative_Energy_Burst","Negative_Energy_Javelin+1"],"relics":["Ectoplasm","Whetstone","Meat on the Bone","TungstenRod","Calling Bell","Frozen Egg 2","Peace Pipe","Sundial","StoneCalendar","War Paint","Thread and Needle","Pandora\u0027s Box","Dead Branch","Shovel"],"acts_visited":["Exordium","TheCity","TheBeyond"],"potions_floor_usage":[6,16,38,38,40],"damage_taken":[{"damage":0,"enemies":"Small Slimes","floor":1,"turns":4},{"damage":0,"enemies":"Cultist","floor":2,"turns":3},{"damage":0,"enemies":"2 Louse","floor":4,"turns":2},{"damage":0,"enemies":"Gremlin Nob","floor":6,"turns":3},{"damage":0,"enemies":"Exordium Wildlife","floor":7,"turns":2},{"damage":1,"enemies":"2 Fungi Beasts","floor":10,"turns":3},{"damage":0,"enemies":"Blue Slaver","floor":12,"turns":2},{"damage":10,"enemies":"3 Sentries","floor":13,"turns":5},{"damage":0,"enemies":"Looter","floor":14,"turns":4},{"damage":0,"enemies":"Slime Boss","floor":16,"turns":4},{"damage":9,"enemies":"Chosen","floor":18,"turns":4},{"damage":0,"enemies":"3 Byrds","floor":22,"turns":3},{"damage":11,"enemies":"Cultist and Chosen","floor":25,"turns":6},{"damage":5,"enemies":"Gremlin Leader","floor":28,"turns":5},{"damage":13,"enemies":"Centurion and Healer","floor":29,"turns":6},{"damage":30,"enemies":"Book of Stabbing","floor":30,"turns":6},{"damage":3,"enemies":"Chosen and Byrds","floor":31,"turns":5},{"damage":51,"enemies":"Champ","floor":33,"turns":8},{"damage":4,"enemies":"Orb Walker","floor":35,"turns":5},{"damage":2,"enemies":"Mind Bloom Boss Battle","floor":37,"turns":5},{"damage":103,"enemies":"2 Orb Walkers","floor":38,"turns":5},{"damage":4,"enemies":"3 Shapes","floor":39,"turns":7},{"damage":96,"enemies":"Reptomancer","floor":40,"turns":4}],"seed_played":"-24987378606133987","potions_obtained":[{"floor":1,"key":"BlessingOfTheForge"},{"floor":4,"key":"Weak Potion"},{"floor":6,"key":"Fire Potion"},{"floor":12,"key":"SmokeBomb"},{"floor":16,"key":"Explosive Potion"},{"floor":18,"key":"Regen Potion"},{"floor":30,"key":"FairyPotion"},{"floor":39,"key":"DuplicationPotion"}],"is_trial":false,"path_per_floor":["M","M","?","M","$","E","M","R","T","M","?","M","E","M","R","B",null,"M","?","?","$","M","?","R","M","T","?","E","M","E","M","R","B",null,"M","?","?","?","M","E"],"character_chosen":"NECROMANCER","items_purchased":["Vampiric_Strike"],"campfire_rested":0,"item_purchase_floors":[21],"current_hp_per_floor":[75,75,75,75,75,75,75,75,75,74,74,75,67,69,69,71,75,66,66,66,66,75,75,75,75,75,75,75,75,62,72,72,41,75,75,75,75,19,41,0,0],"gold":18,"neow_bonus":"BOSS_RELIC","is_daily":false,"chose_seed":false,"campfire_upgraded":3,"win_rate":0.0,"timestamp":1608669421,"path_taken":["M","M","?","M","?","E","M","R","T","M","?","M","E","M","R","BOSS","M","?","?","?","M","?","R","?","T","?","E","?","E","M","R","BOSS","M","?","?","?","M","E"],"items_purchased_type":["Card"],"build_version":"2020-12-13","purchased_purges":0,"victory":false,"max_hp_per_floor":[75,75,75,75,75,75,75,75,75,75,75,75,75,75,75,75,75,75,75,75,75,75,75,75,75,75,75,75,75,75,75,75,75,75,75,75,75,75,75,75,75],"card_choices":[{"not_picked":["Negative_Energy_Shield","Blood_for_Blood"],"picked":"Shade_Step","floor":1},{"not_picked":["Shackles_Of_Pain","Blood_Whip","Chill_Blood"],"picked":"SKIP","floor":2},{"not_picked":["Blood_Is_Power","Thousand_Bone_Knives","Death_March_Dance"],"picked":"SKIP","floor":4},{"not_picked":["Scare","Bone_Bullets"],"picked":"Detonate_Bones","floor":6},{"not_picked":["Blood_Whip","Slay_Living"],"picked":"Summon_Lich","floor":7},{"not_picked":["Blood_for_Blood","Bones_to_Steel"],"picked":"Vampiric_Strike","floor":10},{"not_picked":["Shackles_Of_Pain","Slay_Living"],"picked":"Summon_Undead_Army","floor":12},{"not_picked":["Blood_Curse","Blood_Whip"],"picked":"Blood_Wake","floor":13},{"not_picked":["Negative_Energy_Sphere","Spectral_Armor"],"picked":"Spectral_Walk","floor":14},{"not_picked":["Blood_Magic","Negative_Energy_Bomb"],"picked":"Summon_Vampire_Lady","floor":16},{"not_picked":["Shackles_Of_Pain","Bone_Bullets","Death_March_Dance"],"picked":"SKIP","floor":18},{"not_picked":["Strike_from_Beyond","Bones_to_Steel"],"picked":"Negative_Energy_Shield+1","floor":22},{"not_picked":["Acid_Javelin+1","Bone_Bullets"],"picked":"Corrupt","floor":25},{"not_picked":["Bones_to_Steel","Bone_Shift"],"picked":"Bone_Armor+1","floor":28},{"not_picked":["Scare","Finger_Of_Death","Negative_Energy_Sphere"],"picked":"SKIP","floor":29},{"not_picked":["Scare","Bones_to_Steel"],"picked":"Summon_Undead_Army+1","floor":30},{"not_picked":["Toxic_Smoke_Screen","Scare"],"picked":"Blood_Whip+1","floor":31},{"not_picked":["Cloudkill","Blood_Wake"],"picked":"Summon_Vampire_Lady+1","floor":33},{"not_picked":["Bone_Shift","Violent_Necrosis"],"picked":"Consume_Illness+1","floor":35},{"not_picked":["Vampiric_Strike+1","Whirlwind_of_Bones"],"picked":"Negative_Energy_Javelin+1","floor":37},{"not_picked":["Blood_Curse+1","Pandemic+1"],"picked":"Negative_Energy_Burst","floor":38},{"not_picked":["Pandemic+1","Bone_Armor"],"picked":"Negative_Energy_Javelin+1","floor":39}],"player_experience":2469201,"relics_obtained":[{"floor":6,"key":"Whetstone"},{"floor":9,"key":"Meat on the Bone"},{"floor":13,"key":"TungstenRod"},{"floor":17,"key":"Blood Vial"},{"floor":17,"key":"Frozen Egg 2"},{"floor":17,"key":"Peace Pipe"},{"floor":26,"key":"StoneCalendar"},{"floor":28,"key":"War Paint"},{"floor":30,"key":"Thread and Needle"},{"floor":37,"key":"Dead Branch"},{"floor":38,"key":"Shovel"}],"event_choices":[{"damage_healed":0,"gold_gain":0,"cards_transformed":["Strike_W"],"player_choice":"Transformed","damage_taken":0,"max_hp_gain":0,"max_hp_loss":0,"event_name":"Transmorgrifier","floor":3,"gold_loss":0,"cards_obtained":["Grasp_Heart"]},{"damage_healed":0,"gold_gain":70,"player_choice":"Gained Gold","damage_taken":0,"max_hp_gain":0,"max_hp_loss":0,"event_name":"Golden Wing","floor":11,"gold_loss":0},{"damage_healed":0,"gold_gain":0,"player_choice":"Opened","damage_taken":0,"relics_obtained":["Sundial"],"max_hp_gain":0,"max_hp_loss":0,"event_name":"The Mausoleum","floor":19,"gold_loss":0},{"damage_healed":0,"gold_gain":99,"player_choice":"Stole From Cult","damage_taken":0,"max_hp_gain":0,"max_hp_loss":0,"event_name":"Nest","floor":20,"gold_loss":0},{"damage_healed":0,"gold_gain":0,"player_choice":"Became a vampire (Vial)","damage_taken":0,"max_hp_gain":0,"max_hp_loss":0,"event_name":"Vampires","floor":23,"relics_lost":["Blood Vial"],"gold_loss":0,"cards_obtained":["Bite","Bite","Bite","Bite","Bite"]},{"damage_healed":0,"gold_gain":100,"player_choice":"Pray","damage_taken":0,"max_hp_gain":0,"max_hp_loss":0,"event_name":"Golden Shrine","floor":27,"gold_loss":0},{"cards_removed":["Bone_Prison"],"damage_healed":0,"gold_gain":0,"player_choice":"Removed Skill","damage_taken":0,"max_hp_gain":0,"max_hp_loss":0,"event_name":"Falling","floor":36,"gold_loss":0},{"damage_healed":0,"gold_gain":0,"player_choice":"Fight","damage_taken":0,"max_hp_gain":0,"max_hp_loss":0,"event_name":"MindBloom","floor":37,"gold_loss":0},{"damage_healed":0,"gold_gain":0,"player_choice":"Fight","damage_taken":0,"max_hp_gain":0,"max_hp_loss":0,"event_name":"Mysterious Sphere","floor":38,"gold_loss":0}],"is_beta":false,"boss_relics":[{"not_picked":["Empty Cage","Busted Crown"],"picked":"Calling Bell"},{"not_picked":["Snecko Eye","SacredBark"],"picked":"Pandora\u0027s Box"}],"items_purged_floors":[],"is_endless":false,"potions_floor_spawned":[1,4,6,12,16,18,30,31,33,39],"killed_by":"Reptomancer","ascension_level":0}}