{"host":"sxnl403xm2xmiyj1","time":1608610165,"event":{"mods":["AchievementEnabler","BaseMod","Colored Map","Keyboard Shortcuts","Minty Spire (QoL Compilation)","Quick Restart","StSLib","SuperFastMode"],"gold_per_floor":[213,388,17,34,50,50,81,96,96,124,112,112,112,124,124,124,124],"floor_reached":16,"playtime":284,"items_purged":["Doubt"],"score":134,"play_id":"bd5ce989-ea24-475f-b810-ad688e5fc723","local_time":"20201222130925","is_ascension_mode":true,"campfire_choices":[{"data":"Deadly Poison","floor":6.0,"key":"SMITH"},{"data":"Bouncing Flask","floor":12.0,"key":"SMITH"},{"data":"Reflex","floor":15,"key":"SMITH"}],"circlet_count":0,"master_deck":["Strike_G","Strike_G","Strike_G","Strike_G","Strike_G","Defend_G","Defend_G","Defend_G","Defend_G","Defend_G","Survivor","Neutralize","Dodge and Roll","Dodge and Roll","Deadly Poison+1","Caltrops","Deflect","Reflex+1","Bouncing Flask+1","Pain","Backflip"],"relics":["Ring of the Snake","The Specimen","White Beast Statue","Letter Opener","TungstenRod","WarpedTongs"],"acts_visited":["Exordium"],"potions_floor_usage":[14,14],"damage_taken":[{"damage":0.0,"enemies":"2 Louse","floor":1.0,"turns":4.0},{"damage":4.0,"enemies":"Small Slimes","floor":4.0,"turns":4.0},{"damage":0.0,"enemies":"Cultist","floor":5.0,"turns":6.0},{"damage":10.0,"enemies":"Lagavulin","floor":7.0,"turns":6.0},{"damage":0.0,"enemies":"Blue Slaver","floor":8.0,"turns":5.0},{"damage":23.0,"enemies":"Gremlin Nob","floor":10.0,"turns":4.0},{"damage":8.0,"enemies":"Exordium Thugs","floor":11.0,"turns":4.0},{"damage":11,"enemies":"Gremlin Gang","floor":14,"turns":5},{"damage":0,"enemies":"Slime Boss","floor":16,"turns":3}],"seed_played":"1912567541166198244","potions_obtained":[{"floor":4.0,"key":"CultistPotion"},{"floor":7.0,"key":"SkillPotion"},{"floor":8.0,"key":"Strength Potion"},{"floor":10.0,"key":"Swift Potion"},{"floor":11.0,"key":"AttackPotion"},{"floor":14,"key":"Fruit Juice"}],"is_trial":false,"path_per_floor":["M","?","$","M","M","R","E","M","T","E","M","R","?","M","R","B"],"character_chosen":"THE_SILENT","items_purchased":["The Specimen"],"campfire_rested":0,"item_purchase_floors":[3],"current_hp_per_floor":[70,70,70,66,66,66,56,56,56,33,25,25,25,19,19,19,19],"gold":124,"neow_bonus":"HUNDRED_GOLD","is_daily":false,"chose_seed":false,"campfire_upgraded":3,"win_rate":0.0,"timestamp":1608610165,"path_taken":["M","?","$","M","M","R","E","M","T","E","M","R","?","M","R","BOSS"],"items_purchased_type":["Relic"],"build_version":"2020-12-13","purchased_purges":1,"victory":false,"max_hp_per_floor":[70,70,70,70,70,70,70,70,70,70,70,70,70,75,75,75,75],"card_choices":[{"not_picked":["Flying Knee","Outmaneuver"],"picked":"Dodge and Roll","floor":1.0},{"not_picked":["Dash","Outmaneuver"],"picked":"Dodge and Roll","floor":4.0},{"not_picked":["Outmaneuver","Deflect"],"picked":"Deadly Poison","floor":5.0},{"not_picked":["Wraith Form v2","Distraction"],"picked":"Caltrops","floor":7.0},{"not_picked":["Backflip","Dagger Spray"],"picked":"Deflect","floor":8.0},{"not_picked":["Deflect","Dagger Spray"],"picked":"Reflex","floor":10.0},{"not_picked":["Quick Slash","Deadly Poison"],"picked":"Bouncing Flask","floor":11.0},{"not_picked":["Infinite Blades","Flechettes"],"picked":"Backflip","floor":14}],"player_experience":114469,"relics_obtained":[{"floor":7.0,"key":"White Beast Statue"},{"floor":9.0,"key":"Letter Opener"},{"floor":10.0,"key":"TungstenRod"}],"event_choices":[{"damage_healed":0.0,"max_hp_gain":0.0,"max_hp_loss":0.0,"gold_gain":175.0,"event_name":"Liars Game","player_choice":"AGREE","floor":2.0,"gold_loss":0.0,"damage_taken":0.0,"cards_obtained":["Doubt"]},{"damage_healed":0.0,"max_hp_gain":0.0,"max_hp_loss":0.0,"gold_gain":0.0,"event_name":"Accursed Blacksmith","player_choice":"Rummage","floor":13.0,"gold_loss":0.0,"damage_taken":0.0,"relics_obtained":["WarpedTongs"],"cards_obtained":["Pain"]}],"is_beta":false,"boss_relics":[],"items_purged_floors":[3],"is_endless":false,"potions_floor_spawned":[4,7,8,10,11,14],"killed_by":"Slime Boss","ascension_level":4}}