{"host":"4izqype2b9ama7cy","time":1608595940,"event":{"mods":["AchievementEnabler","BaseMod","Better Altar","Better Match","Better Note","Better Sensory Stone","Better Skull","Better Third Choice","Better Vampires","Block Reminder","Challenge The Spire","Conspire","Gremlin Skip","Highlight Path","Infinite Spire","Marked Mod","Minty Spire (QoL Compilation)","Replay The Spire","Spicy Shops","StSLib","Wandering Minibosses","everything is the same but u backflip on backflip"],"gold_per_floor":[362,394,66,66,81,81,108,34,34,71,71,83,30,43,43,139,139,154,154,1,1,1,1,32,55,104,158,158,217,217,267,267,287,287],"floor_reached":33,"playtime":2197,"items_purged":["Voices"],"score":386,"play_id":"6e8c28f4-fb7c-4bda-88b8-eecb2bb86054","local_time":"20201221161220","is_ascension_mode":true,"campfire_choices":[{"floor":6,"key":"REST"},{"floor":11,"key":"REST"},{"data":"Noxious Fumes","floor":15,"key":"SMITH"},{"data":"Doppelganger","floor":23,"key":"SMITH"},{"floor":30,"key":"REST"},{"floor":32,"key":"REST"}],"circlet_count":0,"master_deck":["Strike_G","Strike_G","Strike_G","Strike_G","Strike_G","Defend_G+1","Defend_G","Defend_G","Defend_G","Defend_G","Survivor","Neutralize","Flying Knee","Underhanded Strike","Backstab","Footwork","Dagger Spray","Deadly Poison","Tactician","Noxious Fumes+1","Slice","Bouncing Flask","Doppelganger+1","Replay:Bag of Tricks+1","Catalyst+1","Bane+1","Shame","Slice","Strike_G","Strike_G","Strike_G","Strike_G+1","Strike_G","Defend_G","Defend_G","Defend_G","Defend_G","Defend_G","Survivor","Neutralize","Flying Knee","Underhanded Strike","Backstab","Footwork","Dagger Spray","Deadly Poison","Tactician","Noxious Fumes+1","Slice","Bouncing Flask","Doppelganger","Replay:Bag of Tricks+1","Catalyst+1","Bane+1","Shame","Slice","Dagger Spray","Quick Slash+1","Poisoned Stab+1","Deadly Poison","Deflect"],"relics":["Ring of the Snake","Centennial Puzzle","Gremlin Horn","Toolbox","Oddly Smooth Stone","HornCleat","infinitespire:Lychee Nut","Astrolabe","Replay:Bandana","Blood Vial","Simple Rune","Mummified Hand","Anchor"],"acts_visited":["Exordium","TheCity"],"potions_floor_usage":[29,29,33],"damage_taken":[{"damage":0,"enemies":"2 Louse","floor":1,"turns":3},{"damage":14,"enemies":"conspire:MimicChest","floor":2,"turns":6},{"damage":0,"enemies":"Small Slimes","floor":5,"turns":2},{"damage":33,"enemies":"Lagavulin","floor":7,"turns":8},{"damage":6,"enemies":"conspire:RoseBush","floor":10,"turns":1},{"damage":0,"enemies":"Blue Slaver","floor":12,"turns":2},{"damage":4,"enemies":"Large Slime","floor":14,"turns":6},{"damage":25,"enemies":"The Guardian","floor":16,"turns":9},{"damage":3,"enemies":"3 Byrds","floor":18,"turns":5},{"damage":17,"enemies":"Spheric Guardian","floor":24,"turns":5},{"damage":10,"enemies":"Snake Plant","floor":25,"turns":3},{"damage":17,"enemies":"Cultist and Chosen","floor":27,"turns":6},{"damage":28,"enemies":"Gremlin Leader","floor":29,"turns":5},{"damage":23,"enemies":"Replay:Snechameleon","floor":31,"turns":6},{"damage":37,"enemies":"Pondfish","floor":33,"turns":6}],"seed_played":"4213584118355110420","potions_obtained":[{"floor":2,"key":"FairyPotion"},{"floor":7,"key":"Explosive Potion"},{"floor":10,"key":"Toxic Potion"},{"floor":29,"key":"Adrenaline Potion"},{"floor":31,"key":"PowerPotion"}],"is_trial":false,"path_per_floor":["M","?","$","?","M","R","E","$","T","M","R","M","$","M","R","B",null,"M","?","$","?","?","R","M","M","T","M","?","E","R","E","R","B"],"character_chosen":"THE_SILENT","items_purchased":["Backstab","Footwork","Dagger Spray","Gremlin Horn","Toolbox","ReplayTheSpireMod:Scrap Shanks","Slice","Slice"],"campfire_rested":4,"item_purchase_floors":[3,3,3,3,3,8,13,20],"current_hp_per_floor":[63,49,49,37,37,55,22,22,22,16,30,33,33,35,35,16,47,44,44,44,32,32,32,23,21,21,12,12,14,28,13,27,0,0],"gold":287,"neow_bonus":"TWO_FIFTY_GOLD","is_daily":false,"chose_seed":false,"campfire_upgraded":2,"win_rate":0.0,"timestamp":1608595940,"path_taken":["M","?","$","?","M","R","E","$","T","M","R","M","$","M","R","BOSS","M","?","$","?","?","R","?","M","T","M","?","E","R","E","R","BOSS"],"items_purchased_type":["Card","Card","Card","Relic","Relic","Card","Card","Card"],"build_version":"2020-12-13","purchased_purges":1,"victory":false,"max_hp_per_floor":[63,63,63,63,63,63,63,63,47,47,47,47,47,47,47,47,47,47,47,47,47,47,47,47,47,47,47,47,47,47,47,47,47,47],"card_choices":[{"not_picked":["Dodge and Roll","Setup"],"picked":"Flying Knee","floor":1},{"not_picked":["Masterful Stab","PiercingWail"],"picked":"Underhanded Strike","floor":2},{"not_picked":["Acrobatics","All Out Attack"],"picked":"Blade Dance","floor":5},{"not_picked":["Cloak And Dagger","conspire:DoublingDagger"],"picked":"Deadly Poison","floor":7},{"not_picked":["Prepared","Dash"],"picked":"Tactician","floor":10},{"not_picked":["Dodge and Roll","Flying Knee"],"picked":"Noxious Fumes","floor":12},{"not_picked":["Hidden Blade","Blade Dance"],"picked":"Bouncing Flask","floor":14},{"not_picked":["Wraith Form v2","ReplayTheSpireMod:Necrosis"],"picked":"Doppelganger","floor":16},{"not_picked":["ReplayTheSpireMod:Tripwire+1","Infinite Blades"],"picked":"Bane+1","floor":18},{"not_picked":["ReplayTheSpireMod:Scrap Shanks","Caltrops"],"picked":"Dagger Spray","floor":24},{"not_picked":["Acrobatics","Flying Knee"],"picked":"Quick Slash+1","floor":25},{"not_picked":["Crippling Poison","Flechettes"],"picked":"Poisoned Stab+1","floor":27},{"not_picked":["Infinite Blades","Calculated Gamble+1"],"picked":"Deadly Poison","floor":29},{"not_picked":["Footwork","PiercingWail"],"picked":"Deflect","floor":31}],"player_experience":281078,"relics_obtained":[{"floor":2,"key":"Centennial Puzzle"},{"floor":7,"key":"HornCleat"},{"floor":9,"key":"infinitespire:Lychee Nut"},{"floor":26,"key":"Simple Rune"},{"floor":29,"key":"Mummified Hand"},{"floor":31,"key":"Anchor"}],"event_choices":[{"damage_healed":0,"gold_gain":0,"player_choice":"Relic ","damage_taken":12,"max_hp_gain":0,"max_hp_loss":0,"event_name":"betterThird:BetterScrap","floor":4,"gold_loss":0,"cards_obtained":["MarkedMod:NorthStar"]},{"damage_healed":0,"gold_gain":0,"player_choice":"Stole Relic","damage_taken":0,"relics_obtained":["Replay:Bandana"],"max_hp_gain":0,"max_hp_loss":0,"event_name":"Addict","floor":19,"gold_loss":0,"cards_obtained":["Shame"]},{"damage_healed":0,"gold_gain":0,"player_choice":" Vial ","damage_taken":12,"relics_obtained":["Blood Vial"],"max_hp_gain":44,"max_hp_loss":32,"event_name":"betterAltar:BetterAltar","floor":21,"potions_obtained":[],"relics_lost":[],"gold_loss":0}],"is_beta":false,"boss_relics":[{"not_picked":["Busted Crown","Pandora\u0027s Box"],"picked":"Astrolabe"}],"items_purged_floors":[20],"is_endless":false,"potions_floor_spawned":[2,7,10,12,16,18,29,31],"killed_by":"Pondfish","ascension_level":2}}