{"host":"qwv9nni2x0umspiu","time":1608613954,"event":{"mods":["BaseMod","Downfall","Minty Spire (QoL Compilation)","Replay The Spire","StSLib","The Hierophant","Wandering Minibosses"],"gold_per_floor":[114,39,39,39,53,93,130,142,177,189,194,206,222,252,264,276,276],"floor_reached":16,"playtime":411,"items_purged":["hierophant:Defend_Hierophant"],"score":258,"play_id":"082a2c96-4093-4530-976d-9a97ae12761c","local_time":"20201221211234","is_ascension_mode":true,"campfire_choices":[{"data":"hierophant:ChurchCoffers","floor":8,"key":"SMITH"},{"data":"hierophant:Shelter","floor":12,"key":"SMITH"},{"data":"hierophant:Punish","floor":15,"key":"SMITH"}],"circlet_count":0,"master_deck":["AscendersBane","hierophant:Strike_Hierophant","hierophant:Strike_Hierophant","hierophant:Strike_Hierophant","hierophant:Strike_Hierophant","hierophant:Punish+1","hierophant:Defend_Hierophant","hierophant:Defend_Hierophant","hierophant:Defend_Hierophant","hierophant:ChurchCoffers+1","hierophant:Chorus","hierophant:Upheaval","hierophant:SealAway","hierophant:Shelter+1","hierophant:Smite"],"relics":["hierophant:PropheticMaskRelic","NeowsBlessing","Golden Idol","MawBank","Simple Rune"],"acts_visited":["Exordium"],"potions_floor_usage":[16],"damage_taken":[{"damage":0,"enemies":"Cultist","floor":1,"turns":1},{"damage":0,"enemies":"Jaw Worm","floor":5,"turns":1},{"damage":0,"enemies":"3 Sentries","floor":6,"turns":1},{"damage":4,"enemies":"2 Louse","floor":7,"turns":2},{"damage":6,"enemies":"Looter","floor":10,"turns":3},{"damage":5,"enemies":"Red Slaver","floor":11,"turns":4},{"damage":12,"enemies":"Exordium Wildlife","floor":13,"turns":4},{"damage":0,"enemies":"3 Louse","floor":14,"turns":1},{"damage":0,"enemies":"The Guardian","floor":16,"turns":3}],"seed_played":"3633943986136233403","potions_obtained":[{"floor":1,"key":"Weak Potion"},{"floor":5,"key":"Flashbang"}],"is_trial":false,"path_per_floor":["M","$","?","?","M","E","M","R","T","M","M","R","M","M","R","B"],"character_chosen":"HIEROPHANT","items_purchased":[],"campfire_rested":0,"item_purchase_floors":[],"current_hp_per_floor":[68,68,42,42,42,42,38,38,38,32,27,27,15,15,15,15,15],"gold":276,"neow_bonus":"THREE_ENEMY_KILL","is_daily":false,"chose_seed":false,"campfire_upgraded":3,"win_rate":0.0,"timestamp":1608613954,"path_taken":["M","$","?","?","M","E","M","R","T","M","M","R","M","M","R","BOSS"],"items_purchased_type":[],"build_version":"2020-12-13","purchased_purges":1,"victory":false,"max_hp_per_floor":[75,75,75,75,75,75,75,75,75,75,75,75,75,75,75,75,75],"card_choices":[{"not_picked":["hierophant:Sermon","hierophant:Remorse"],"picked":"hierophant:Chorus","floor":1},{"not_picked":["hierophant:Encroach","hierophant:FieryStrike","hierophant:Blessing"],"picked":"SKIP","floor":5},{"not_picked":["hierophant:RepressedViolence","hierophant:FieryStrike","hierophant:ThreeLashes"],"picked":"SKIP","floor":6},{"not_picked":["hierophant:Purify","hierophant:HammerAndAnvil"],"picked":"hierophant:Upheaval","floor":7},{"not_picked":["hierophant:HolyVerse","hierophant:Bribe"],"picked":"hierophant:SealAway","floor":10},{"not_picked":["hierophant:SealAway","hierophant:HolyVerse"],"picked":"hierophant:Shelter","floor":11},{"not_picked":["hierophant:DisplayOfPower","hierophant:Embezzle"],"picked":"hierophant:Smite","floor":13},{"not_picked":["hierophant:FieryStrike","hierophant:Upheaval","hierophant:OrnateJavelin"],"picked":"SKIP","floor":14}],"player_experience":1295608,"relics_obtained":[{"floor":6,"key":"MawBank"},{"floor":9,"key":"Simple Rune"}],"event_choices":[{"damage_healed":0,"gold_gain":0,"player_choice":"Take Damage","damage_taken":26,"relics_obtained":["Golden Idol"],"max_hp_gain":0,"max_hp_loss":0,"event_name":"Golden Idol","floor":3,"gold_loss":0},{"damage_healed":0,"gold_gain":0,"player_choice":"Ignored","damage_taken":0,"max_hp_gain":0,"max_hp_loss":0,"event_name":"Liars Game","floor":4,"gold_loss":0}],"is_beta":false,"boss_relics":[],"items_purged_floors":[2],"is_endless":false,"potions_floor_spawned":[1,5,10,13],"killed_by":"The Guardian","ascension_level":20}}