{"host":"c1oza4x7xlyuasvd","time":1608663354,"event":{"mods":["ATMod(°¢èªMod)","Act Like it!","BaseMod","Better Vampires","Colored Powertips","Gensokyo","Minty Spire (QoL Compilation)","MostiFishMod","StSLib","TestMod","Waifu the Spire","¡¾ÒÅÎï¿¨ÅÆ¡¿REMEMod"],"gold_per_floor":[117,42,42,61,78,107,7,82,106,106,138,148,159,175,175,249,249,268,268,268,296,306,306],"floor_reached":22,"playtime":614,"items_purged":["Strike_R","Strike_R"],"score":467,"play_id":"254743c1-b108-4fb7-93b1-6578b60c8983","local_time":"20201223025554","is_ascension_mode":true,"campfire_choices":[{"data":"MostiFishMod:#F4004","floor":10.0,"key":"SMITH"},{"data":"AT_ShrugMaster","floor":15.0,"key":"SMITH"}],"circlet_count":0,"master_deck":["AscendersBane","Strike_R","Strike_R","Strike_R","Defend_R","Defend_R","Defend_R","Defend_R","Bash","AT_FamilyPortrait","Burning Pact","Burning Pact","AT_GerminateFire","MostiFishMod:#F4004+1","AT_ShrugMaster+1","AT_BodySlamDance","Shrug It Off","MostiFishMod:CullingBlade","Feed","Whirlwind"],"relics":["Burning Blood","testmod-TestBox","AT_ATBox","DaveBox","REME_ComplimentaryCards","NeowsBlessing","SentryEyes","testmod-ChristmasGift","Dream Catcher","AT_ArcaneBoots","AT_BladeRuinedKing","RhineSuit","Red Mask"],"acts_visited":["Exordium","TheCity"],"potions_floor_usage":[21],"damage_taken":[{"damage":0.0,"enemies":"Cultist","floor":1.0,"turns":1.0},{"damage":0.0,"enemies":"Small Slimes","floor":4.0,"turns":1.0},{"damage":0.0,"enemies":"Jaw Worm","floor":5.0,"turns":1.0},{"damage":0.0,"enemies":"Lagavulin","floor":6.0,"turns":3.0},{"damage":10.0,"enemies":"Gremlin Nob","floor":11.0,"turns":3.0},{"damage":0.0,"enemies":"3 Louse","floor":12.0,"turns":2.0},{"damage":19.0,"enemies":"Exordium Wildlife","floor":13.0,"turns":2.0},{"damage":0.0,"enemies":"2 Fungi Beasts","floor":14.0,"turns":2.0},{"damage":18.0,"enemies":"Hexaghost","floor":16.0,"turns":7.0},{"damage":14.0,"enemies":"2 Thieves","floor":18.0,"turns":2.0},{"damage":14,"enemies":"Masked Bandits","floor":21,"turns":3},{"damage":0,"enemies":"Chosen","floor":22,"turns":5}],"seed_played":"3664520749284468424","potions_obtained":[{"floor":5.0,"key":"Energy Potion"},{"floor":11.0,"key":"SmokeBomb"},{"floor":13.0,"key":"SteroidPotion"},{"floor":14.0,"key":"GamblersBrew"},{"floor":21,"key":"BloodPotion"},{"floor":22,"key":"GamblersBrew"}],"is_trial":false,"path_per_floor":["M","$","?","M","M","E","$","?","T","R","E","M","M","M","R","B",null,"M","?","?","?","M"],"character_chosen":"IRONCLAD","items_purchased":[],"campfire_rested":0,"item_purchase_floors":[],"current_hp_per_floor":[74,74,74,75,75,75,75,64,64,64,62,68,59,66,66,62,72,70,48,48,63,83,83],"gold":306,"neow_bonus":"THREE_ENEMY_KILL","is_daily":false,"chose_seed":false,"campfire_upgraded":2,"win_rate":0.0,"timestamp":1608663354,"path_taken":["M","?","?","?","M","E","?","?","T","R","E","M","M","M","R","BOSS","M","?","?","?","M"],"items_purchased_type":[],"build_version":"2020-12-13","purchased_purges":2,"victory":false,"max_hp_per_floor":[75,75,75,75,75,75,75,75,75,75,75,75,75,75,75,75,75,78,83,83,83,83,83],"card_choices":[{"not_picked":["Heavy Blade","Battle Trance"],"picked":"Burning Pact","floor":1.0},{"not_picked":["Havoc","Clash","True Grit"],"picked":"SKIP","floor":4.0},{"not_picked":["REME_Cut","Flex"],"picked":"AT_GerminateFire","floor":5.0},{"not_picked":["Armaments","Flex"],"picked":"MostiFishMod:#F4004","floor":6.0},{"not_picked":["Burning Pact","Shrug It Off"],"picked":"AT_ShrugMaster","floor":11.0},{"not_picked":["Uppercut","Rampage"],"picked":"AT_BodySlamDance","floor":12.0},{"not_picked":["Clothesline","Dropkick"],"picked":"Shrug It Off","floor":13.0},{"not_picked":["Twin Strike","Flex"],"picked":"MostiFishMod:CullingBlade","floor":14.0},{"not_picked":["Brutality","Reaper"],"picked":"Feed","floor":16.0},{"not_picked":["Shrug It Off+1","Havoc","Cleave"],"picked":"SKIP","floor":18.0}],"player_experience":194830,"relics_obtained":[{"floor":6.0,"key":"Dream Catcher"},{"floor":9.0,"key":"AT_SpeedBoots"},{"floor":11.0,"key":"AT_BladeRuinedKing"},{"floor":21,"key":"Red Mask"}],"event_choices":[{"damage_healed":0.0,"max_hp_gain":0.0,"max_hp_loss":0.0,"gold_gain":75.0,"event_name":"World of Goop","player_choice":"Gather Gold","floor":8.0,"gold_loss":0.0,"damage_taken":11.0},{"damage_healed":0.0,"max_hp_gain":5.0,"max_hp_loss":0.0,"gold_gain":0.0,"event_name":"Forgotten Altar","player_choice":"Shed Blood","floor":19.0,"gold_loss":0.0,"damage_taken":27.0},{"damage_healed":0,"gold_gain":0,"player_choice":"Read","damage_taken":0,"max_hp_gain":0,"max_hp_loss":0,"event_name":"The Library","floor":20,"gold_loss":0,"cards_obtained":["Whirlwind"]},{"damage_healed":0,"gold_gain":0,"player_choice":"Fought Bandits","damage_taken":0,"max_hp_gain":0,"max_hp_loss":0,"event_name":"Masked Bandits","floor":21,"gold_loss":0}],"is_beta":false,"boss_relics":[{"not_picked":["Fusion Hammer","Calling Bell"],"picked":"RhineSuit"}],"items_purged_floors":[2,7],"is_endless":false,"potions_floor_spawned":[5,11,13,14,21,22],"killed_by":"Chosen","ascension_level":18}}