{"host":"0cgp910o8339lr91","time":1608628219,"event":{"mods":["BaseMod","Colored Map","Filter the Spire","Minty Spire (QoL Compilation)","Relic Stats","Slay-I","ojb\u0027s Better Paths Mod","ojb\u0027s Info Mod"],"gold_per_floor":[112,125,145,320,320,320,339,365,365,365,365,378,406,41,41,145,145,163,174,191,101,114,114,143,143,143,143,143,143],"floor_reached":28,"playtime":1507,"items_purged":[],"score":348,"play_id":"4f6ad6a5-d5af-4946-b2fc-fed9ab3e5f4a","local_time":"20201222101019","is_ascension_mode":false,"campfire_choices":[{"data":"Doom and Gloom","floor":6,"key":"SMITH"},{"data":"Aggregate","floor":11,"key":"SMITH"},{"data":"Zap","floor":15,"key":"SMITH"},{"data":"Reboot","floor":23,"key":"SMITH"},{"data":"Self Repair","floor":25,"key":"SMITH"},{"data":"Defend_B","floor":27,"key":"PURGE"}],"circlet_count":0,"master_deck":["Defend_B","Defend_B","Zap+1","Dualcast","Doom and Gloom+1","Aggregate+1","Cold Snap","Compile Driver","Core Surge","Ball Lightning","FTL+1","Self Repair+1","Reboot+1","Biased Cognition+1","Doom and Gloom+1","Reboot+1","Ball Lightning+1","Lockon+1"],"relics":["Coffee Dripper","Shuriken","Singing Bowl","Incense Burner","Gambling Chip","Astrolabe","Sundial","Peace Pipe"],"acts_visited":["Exordium","TheCity"],"potions_floor_usage":[20,22,28],"damage_taken":[{"damage":1,"enemies":"Cultist","floor":1,"turns":3},{"damage":1,"enemies":"Jaw Worm","floor":2,"turns":5},{"damage":0,"enemies":"2 Louse","floor":3,"turns":1},{"damage":3,"enemies":"Gremlin Gang","floor":7,"turns":4},{"damage":14,"enemies":"Gremlin Nob","floor":8,"turns":4},{"damage":0,"enemies":"Large Slime","floor":12,"turns":4},{"damage":10,"enemies":"3 Sentries","floor":13,"turns":3},{"damage":31,"enemies":"The Guardian","floor":16,"turns":8},{"damage":0,"enemies":"Spheric Guardian","floor":18,"turns":2},{"damage":5,"enemies":"Shell Parasite","floor":19,"turns":2},{"damage":12,"enemies":"Centurion and Healer","floor":20,"turns":3},{"damage":16,"enemies":"Snake Plant","floor":22,"turns":2},{"damage":18,"enemies":"Book of Stabbing","floor":24,"turns":3},{"damage":32,"enemies":"Slavers","floor":28,"turns":1}],"seed_played":"-296696984119792710","potions_obtained":[{"floor":2,"key":"Ancient Potion"},{"floor":3,"key":"Block Potion"},{"floor":8,"key":"SneckoOil"},{"floor":13,"key":"PotionOfCapacity"},{"floor":20,"key":"ColorlessPotion"},{"floor":22,"key":"Dexterity Potion"}],"is_trial":false,"path_per_floor":["M","M","M","?","?","R","M","E","T","?","R","M","E","$","R","B",null,"M","M","M","?","M","R","E","R","T","R","E"],"character_chosen":"DEFECT","items_purchased":["Gambling Chip","Self Repair"],"campfire_rested":0,"item_purchase_floors":[14,14],"current_hp_per_floor":[74,73,73,73,66,66,63,49,49,49,49,49,39,39,39,15,75,75,70,60,60,46,46,30,30,30,30,0,0],"gold":143,"neow_bonus":"BOSS_RELIC","is_daily":false,"chose_seed":false,"campfire_upgraded":5,"win_rate":0.0,"timestamp":1608628219,"path_taken":["M","M","?","?","?","R","M","E","T","?","R","?","E","$","R","BOSS","M","M","M","?","M","R","E","R","T","R","E"],"items_purchased_type":["Relic","Card"],"build_version":"2020-12-13","purchased_purges":0,"victory":false,"max_hp_per_floor":[75,75,75,75,75,75,75,75,75,75,75,75,75,75,75,75,75,75,75,77,77,79,79,81,81,81,81,81,81],"relic_stats":{"Peace Pipe":1,"Singing Bowl":6,"counters":[14,45],"Shuriken":[14],"Sundial":[0],"Gambling Chip":[15],"Astrolabe":["Biased Cognition","Doom and Gloom","Reboot"],"obtain_stats":[{"Peace Pipe":26,"Singing Bowl":9,"Shuriken":8,"Sundial":24,"Gambling Chip":14,"Astrolabe":17,"Coffee Dripper":0,"Incense Burner":13,"Cracked Core":0},{"Peace Pipe":13,"Singing Bowl":5,"Shuriken":5,"Sundial":13,"Gambling Chip":7,"Astrolabe":8,"Coffee Dripper":0,"Incense Burner":7,"Cracked Core":0},{"Peace Pipe":44,"Singing Bowl":17,"Shuriken":17,"Sundial":44,"Gambling Chip":24,"Astrolabe":32,"Coffee Dripper":0,"Incense Burner":24,"Cracked Core":0}]},"card_choices":[{"not_picked":["Streamline","Barrage"],"picked":"Doom and Gloom","floor":1},{"not_picked":["Barrage","White Noise"],"picked":"Aggregate","floor":2},{"not_picked":["Turbo","Leap"],"picked":"Cold Snap","floor":3},{"not_picked":["Tempest","Lockon"],"picked":"Compile Driver","floor":7},{"not_picked":["Conserve Battery","Leap"],"picked":"Core Surge","floor":8},{"not_picked":["Go for the Eyes","Aggregate"],"picked":"Ball Lightning","floor":12},{"not_picked":["Sweeping Beam","Gash"],"picked":"FTL","floor":13},{"not_picked":["Amplify","Core Surge"],"picked":"Reboot","floor":16},{"not_picked":["Fusion","Capacitor"],"picked":"Ball Lightning+1","floor":18},{"not_picked":["Loop","Streamline+1"],"picked":"Lockon+1","floor":19},{"not_picked":["Tempest","Doom and Gloom","Heatsinks"],"picked":"Singing Bowl","floor":20},{"not_picked":["Consume","Beam Cell","Redo"],"picked":"Singing Bowl","floor":22},{"not_picked":["Streamline","Storm","Steam"],"picked":"Singing Bowl","floor":24}],"player_experience":934909,"relics_obtained":[{"floor":8,"key":"Shuriken"},{"floor":9,"key":"Singing Bowl"},{"floor":13,"key":"Incense Burner"},{"floor":24,"key":"Sundial"},{"floor":26,"key":"Peace Pipe"}],"event_choices":[{"damage_healed":0,"gold_gain":175,"player_choice":"AGREE","damage_taken":0,"max_hp_gain":0,"max_hp_loss":0,"event_name":"Liars Game","floor":4,"gold_loss":0,"cards_obtained":["Doubt"]},{"cards_removed":["Doubt"],"damage_healed":0,"gold_gain":0,"player_choice":"Card Removal","damage_taken":7,"max_hp_gain":0,"max_hp_loss":0,"event_name":"Golden Wing","floor":5,"gold_loss":0},{"cards_removed":["Strike_B"],"damage_healed":0,"gold_gain":0,"player_choice":"Offered Basic","damage_taken":0,"max_hp_gain":0,"max_hp_loss":0,"event_name":"Bonfire Elementals","floor":10,"gold_loss":0},{"cards_removed":["Strike_B"],"damage_healed":0,"gold_gain":0,"player_choice":"Upgrade and Remove","damage_taken":0,"max_hp_gain":0,"max_hp_loss":0,"event_name":"Designer","floor":21,"gold_loss":90,"cards_upgraded":["FTL"]}],"is_beta":false,"boss_relics":[{"not_picked":["Snecko Eye","Calling Bell"],"picked":"Astrolabe"}],"items_purged_floors":[],"is_endless":false,"potions_floor_spawned":[2,3,8,13,20,22],"killed_by":"Slavers","ascension_level":0}}