{"host":"19tvufa8xx4wr4o1","time":1608657952,"event":{"mods":["AchievementEnabler","BaseMod","Better Sensory Stone","Better Third Choice","Highlight Path","Minty Spire (QoL Compilation)","Relic Stats","StSLib"],"gold_per_floor":[117,71,83,95,95,95,122,122,149,177,177,238,188,202,202,300,300,320,59,59,59,73,73,88,102,102,102,102,115,115,192,192,296,296,308,319,319,329,67,67,77,77,77,77,90,107,134,150,150,150],"floor_reached":51,"playtime":4662,"items_purged":[],"score":912,"play_id":"23e93ae6-8c11-4058-9c84-310f2e3be1b7","local_time":"20201222112552","is_ascension_mode":true,"campfire_choices":[{"floor":6.0,"key":"REST"},{"data":"EmptyFist","floor":8.0,"key":"SMITH"},{"data":"Wallop","floor":11.0,"key":"SMITH"},{"data":"Eruption","floor":15.0,"key":"SMITH"},{"floor":23.0,"key":"REST"},{"data":"Vault","floor":28.0,"key":"SMITH"},{"data":"Wireheading","floor":32.0,"key":"SMITH"},{"floor":40.0,"key":"REST"},{"floor":42,"key":"REST"},{"data":"ReachHeaven","floor":44,"key":"SMITH"},{"floor":49,"key":"REST"}],"circlet_count":0,"master_deck":["Strike_P","Defend_P","Defend_P","Defend_P","Defend_P+1","Eruption+1","Vigilance","ReachHeaven+1","EmptyFist+1","Dash+1","Wallop+1","BattleHymn","Vault+1","Swivel+1","Protect+1","LikeWater","Wireheading+1","TalkToTheHand+1","Scrawl","InnerPeace","Wallop+1","Indignation+1","EmptyFist+1"],"relics":["PureWater","Vajra","Tiny Chest","Bottled Flame","Toy Ornithopter","Damaru","VioletLotus","Matryoshka","Kunai","StoneCalendar","Orichalcum","Mercury Hourglass","Molten Egg 2","HornCleat","Sozu","TeardropLocket","War Paint","Lantern"],"acts_visited":["Exordium","TheCity","TheBeyond"],"potions_floor_usage":[],"damage_taken":[{"damage":0.0,"enemies":"Cultist","floor":1.0,"turns":4.0},{"damage":2.0,"enemies":"Jaw Worm","floor":3.0,"turns":3.0},{"damage":0.0,"enemies":"Small Slimes","floor":4.0,"turns":2.0},{"damage":0.0,"enemies":"Gremlin Nob","floor":7.0,"turns":2.0},{"damage":0.0,"enemies":"Lagavulin","floor":10.0,"turns":5.0},{"damage":0.0,"enemies":"Blue Slaver","floor":14.0,"turns":3.0},{"damage":21.0,"enemies":"The Guardian","floor":16.0,"turns":7.0},{"damage":24.0,"enemies":"Spheric Guardian","floor":18.0,"turns":6.0},{"damage":11.0,"enemies":"2 Thieves","floor":22.0,"turns":5.0},{"damage":4.0,"enemies":"Cultist and Chosen","floor":24.0,"turns":7.0},{"damage":0.0,"enemies":"Snecko","floor":25.0,"turns":4.0},{"damage":11.0,"enemies":"Snake Plant","floor":29.0,"turns":6.0},{"damage":18.0,"enemies":"Champ","floor":33.0,"turns":10.0},{"damage":0.0,"enemies":"Orb Walker","floor":35.0,"turns":2.0},{"damage":9.0,"enemies":"3 Shapes","floor":36.0,"turns":5.0},{"damage":42.0,"enemies":"3 Darklings","floor":38.0,"turns":4.0},{"damage":2,"enemies":"Writhing Mass","floor":41,"turns":6},{"damage":0,"enemies":"Transient","floor":45,"turns":6},{"damage":0,"enemies":"3 Darklings","floor":46,"turns":4},{"damage":0,"enemies":"Maw","floor":48,"turns":6},{"damage":42,"enemies":"Awakened One","floor":50,"turns":16}],"seed_played":"4358761387508486147","potions_obtained":[{"floor":3.0,"key":"DuplicationPotion"},{"floor":7.0,"key":"Energy Potion"},{"floor":14.0,"key":"Fruit Juice"},{"floor":16.0,"key":"Fire Potion"},{"floor":18.0,"key":"Regen Potion"}],"is_trial":false,"path_per_floor":["M","$","M","M","?","R","E","R","T","E","R","?","?","M","R","B",null,"M","$","?","T","M","R","M","M","T","?","R","M","?","T","R","B",null,"M","M","?","M","$","R","M","R","T","R","M","M","T","M","R","B",null],"character_chosen":"WATCHER","items_purchased":["EmptyFist","Matryoshka","TeardropLocket"],"campfire_rested":5,"item_purchase_floors":[2,19,39],"current_hp_per_floor":[65,65,63,63,46,67,67,67,67,72,72,72,72,77,77,56,72,48,48,48,48,37,60,61,61,61,61,61,50,50,50,50,57,72,72,63,57,15,15,38,36,59,59,59,59,59,59,59,77,35],"gold":150,"neow_bonus":"RANDOM_COMMON_RELIC","is_daily":false,"chose_seed":false,"campfire_upgraded":6,"win_rate":0.0,"timestamp":1608657952,"path_taken":["M","?","M","?","?","R","E","R","T","E","R","?","?","M","R","BOSS","M","$","?","?","M","R","?","M","T","?","R","M","?","?","R","BOSS","M","M","?","?","?","R","M","R","T","R","M","M","?","M","R","BOSS"],"items_purchased_type":["Card","Relic","Relic"],"build_version":"2020-12-13","purchased_purges":0,"victory":true,"max_hp_per_floor":[72,72,72,72,72,72,72,72,72,72,72,72,72,77,77,77,77,77,77,77,77,77,77,77,77,77,77,77,77,77,77,77,77,77,77,77,77,77,77,77,77,77,77,77,77,77,77,77,77,77],"relic_stats":{"Sozu":4,"counters":[21,113],"Tiny Chest":3,"StoneCalendar":[104],"VioletLotus":[22],"Kunai":[22],"Orichalcum":[18],"War Paint":["Defend_P","Protect"],"obtain_stats":[{"Lantern":47,"Vajra":0,"Damaru":10,"StoneCalendar":21,"TeardropLocket":39,"Orichalcum":26,"War Paint":43,"Mercury Hourglass":26,"Sozu":34,"Bottled Flame":7,"Matryoshka":19,"HornCleat":31,"Tiny Chest":5,"Molten Egg 2":30,"VioletLotus":17,"Kunai":21,"PureWater":0,"Toy Ornithopter":9},{"Lantern":19,"Vajra":0,"Damaru":5,"StoneCalendar":8,"TeardropLocket":16,"Orichalcum":11,"War Paint":17,"Mercury Hourglass":11,"Sozu":13,"Bottled Flame":4,"Matryoshka":8,"HornCleat":12,"Tiny Chest":3,"Molten Egg 2":12,"VioletLotus":7,"Kunai":8,"PureWater":0,"Toy Ornithopter":4},{"Lantern":91,"Vajra":0,"Damaru":16,"StoneCalendar":32,"TeardropLocket":75,"Orichalcum":48,"War Paint":81,"Mercury Hourglass":48,"Sozu":64,"Bottled Flame":11,"Matryoshka":32,"HornCleat":54,"Tiny Chest":9,"Molten Egg 2":54,"VioletLotus":26,"Kunai":32,"PureWater":0,"Toy Ornithopter":11}],"Toy Ornithopter":20,"Mercury Hourglass":[225]},"card_choices":[{"not_picked":["FollowUp","EmptyMind"],"picked":"ReachHeaven","floor":1.0},{"not_picked":["EmptyFist","FollowUp","CutThroughFate"],"picked":"SKIP","floor":3.0},{"not_picked":["Vengeance","Collect","Fasting2"],"picked":"SKIP","floor":4.0},{"not_picked":["Protect","ForeignInfluence"],"picked":"Wallop","floor":7.0},{"not_picked":["FlurryOfBlows","SignatureMove","FlyingSleeves"],"picked":"SKIP","floor":10.0},{"not_picked":["Perseverance","FlurryOfBlows"],"picked":"BattleHymn","floor":14.0},{"not_picked":["Scrawl","Brilliance"],"picked":"Vault","floor":16.0},{"not_picked":["BowlingBash","SignatureMove"],"picked":"Swivel+1","floor":18.0},{"not_picked":["EmptyFist","CutThroughFate"],"picked":"Protect","floor":22.0},{"not_picked":["Prostrate","JustLucky+1","EmptyBody"],"picked":"SKIP","floor":24.0},{"not_picked":["Brilliance","Perseverance","Vengeance"],"picked":"SKIP","floor":25.0},{"not_picked":["FlurryOfBlows","FlyingSleeves+1"],"picked":"TalkToTheHand+1","floor":29.0},{"not_picked":["Establishment","Omniscience"],"picked":"Scrawl","floor":33.0},{"not_picked":["FlurryOfBlows+1","Prostrate","WreathOfFlame+1"],"picked":"SKIP","floor":35.0},{"not_picked":["BowlingBash+1","Crescendo+1","Pray"],"picked":"SKIP","floor":36.0},{"not_picked":["Collect","MasterReality","Prostrate+1"],"picked":"SKIP","floor":38.0},{"not_picked":["FollowUp+1","WreathOfFlame"],"picked":"InnerPeace","floor":41},{"not_picked":["Wireheading+1","ReachHeaven+1"],"picked":"Wallop+1","floor":45},{"not_picked":["ClearTheMind","ReachHeaven+1"],"picked":"Indignation+1","floor":46},{"not_picked":["Protect+1","BowlingBash+1"],"picked":"EmptyFist+1","floor":48}],"player_experience":508751,"relics_obtained":[{"floor":7.0,"key":"Bottled Flame"},{"floor":9.0,"key":"Toy Ornithopter"},{"floor":10.0,"key":"Damaru"},{"floor":21.0,"key":"Kunai"},{"floor":21.0,"key":"StoneCalendar"},{"floor":26.0,"key":"Orichalcum"},{"floor":26.0,"key":"Mercury Hourglass"},{"floor":31.0,"key":"HornCleat"},{"floor":43,"key":"War Paint"},{"floor":47,"key":"Lantern"}],"event_choices":[{"damage_healed":0.0,"max_hp_gain":0.0,"max_hp_loss":0.0,"gold_gain":61.0,"event_name":"Golden Wing","player_choice":"Gained Gold","floor":12.0,"gold_loss":0.0,"damage_taken":0.0},{"cards_removed":["Strike_P"],"damage_healed":0.0,"max_hp_gain":0.0,"max_hp_loss":0.0,"gold_gain":0.0,"event_name":"The Cleric","player_choice":"Card Removal","floor":13.0,"gold_loss":50.0,"damage_taken":0.0},{"damage_healed":0.0,"max_hp_gain":0.0,"max_hp_loss":0.0,"gold_gain":2.0,"event_name":"betterStone:BetterStone","player_choice":"1","floor":20.0,"gold_loss":0.0,"damage_taken":0.0},{"damage_healed":0.0,"max_hp_gain":0.0,"max_hp_loss":0.0,"gold_gain":0.0,"cards_transformed":["Strike_P","Strike_P"],"event_name":"Drug Dealer","player_choice":"Became Test Subject","floor":27.0,"gold_loss":0.0,"damage_taken":0.0,"cards_obtained":["LikeWater","Wireheading"]},{"damage_healed":0.0,"max_hp_gain":0.0,"max_hp_loss":0.0,"gold_gain":0.0,"event_name":"The Mausoleum","player_choice":"Opened","floor":30.0,"gold_loss":0.0,"damage_taken":0.0,"relics_obtained":["Molten Egg 2"]},{"damage_healed":0.0,"max_hp_gain":0.0,"max_hp_loss":0.0,"gold_gain":0.0,"event_name":"betterThird:BetterPortal","player_choice":"Random: Green","floor":37.0,"gold_loss":0.0,"damage_taken":0.0},{"damage_healed":0.0,"max_hp_gain":0.0,"max_hp_loss":0.0,"gold_gain":0.0,"event_name":"Knowing Skull","player_choice":"","floor":37.0,"potions_obtained":[],"gold_loss":0.0,"damage_taken":6.0,"cards_obtained":[]}],"is_beta":false,"boss_relics":[{"not_picked":["Runic Pyramid","Philosopher\u0027s Stone"],"picked":"VioletLotus"},{"not_picked":["Black Star","SacredBark"],"picked":"Sozu"}],"items_purged_floors":[],"is_endless":false,"potions_floor_spawned":[3,7,14,16,18,22,35,41,46,48],"ascension_level":7}}