{"host":"0m9qzqwuh9r40nrk","time":1608623469,"event":{"mods":["BaseMod","Downfall","Hermit","Minty Spire (QoL Compilation)","Replay The Spire","StSLib","The Animator","The Cursed","The Servant 0.9.4"],"gold_per_floor":[115,115,65,65,80,115,115,159,159,159,186,199,212,227,227,330,330,347,22,22,22,41,75,75,75,75,87,112,134,134,209,209,317,317,353,353,353,353],"floor_reached":37,"playtime":5255,"items_purged":["animator:Defend"],"score":474,"play_id":"cc1255c7-5850-4988-ba59-189d78fa1ccf","local_time":"20201221235109","is_ascension_mode":false,"campfire_choices":[{"data":"animator:EmiyaShirou","floor":7.0,"key":"SMITH"},{"data":"animator:Witch","floor":10.0,"key":"SMITH"},{"data":"animator:Benimaru","floor":15.0,"key":"SMITH"},{"data":"animator:Albedo","floor":24.0,"key":"SMITH"},{"floor":32,"key":"RECALL"}],"circlet_count":0,"master_deck":["animator:Defend_GoblinSlayer","animator:LizardPriest","animator:DwarfShaman","animator:EmiyaShirou+1","animator:Witch+1","animator:Benimaru+1","animator:Priestess","animator:Kaijin","animator:Albedo+1","animator:YunYun+1","animator:RinTohsaka+1","animator:Lancer+1","animator:Cocytus","Slimebound:Tackle+1","Slimebound:Tackle+1","Slimebound:Tackle+1","animator:GuildGirl","animator:GazelDwargon","animator:Hans","animator:TukaLunaMarceau","animator:Shimakaze"],"relics":["animator:TheMissingPiece","ReplayTheSpireMod:DimensionalGlitch","Shuriken","TungstenRod","Garlic","Astrolabe","ReplayTheSpireMod:Ninjato","White Beast Statue","Mark of Pain"],"acts_visited":["Exordium","TheCity","TheBeyond"],"potions_floor_usage":[28,29,29,33,33,35],"damage_taken":[{"damage":0.0,"enemies":"2 Louse","floor":1.0,"turns":3.0},{"damage":0.0,"enemies":"Small Slimes","floor":5.0,"turns":3.0},{"damage":2.0,"enemies":"3 Sentries","floor":6.0,"turns":8.0},{"damage":12.0,"enemies":"Replay:BlueRogue","floor":8.0,"turns":8.0},{"damage":0.0,"enemies":"Cultist","floor":11.0,"turns":3.0},{"damage":0.0,"enemies":"Blue Slaver","floor":12.0,"turns":3.0},{"damage":0.0,"enemies":"Lots of Slimes","floor":13.0,"turns":4.0},{"damage":0.0,"enemies":"Large Slime","floor":14.0,"turns":6.0},{"damage":0.0,"enemies":"Hexaghost","floor":16.0,"turns":8.0},{"damage":0.0,"enemies":"Spheric Guardian","floor":18.0,"turns":4.0},{"damage":4.0,"enemies":"2 Thieves","floor":22.0,"turns":3.0},{"damage":23.0,"enemies":"Slavers","floor":23.0,"turns":7.0},{"damage":7.0,"enemies":"3 Cultists","floor":27.0,"turns":5.0},{"damage":5,"enemies":"Snake Plant","floor":28,"turns":4},{"damage":0,"enemies":"Shelled Parasite and Fungi","floor":29,"turns":3},{"damage":42,"enemies":"Collector","floor":33,"turns":9},{"damage":14,"enemies":"3 Shapes","floor":35,"turns":5},{"damage":67,"enemies":"2 Orb Walkers","floor":37,"turns":4}],"seed_played":"-914356273711722340","potions_obtained":[{"floor":4.0,"key":"Fruit Juice"},{"floor":4.0,"key":"Explosive Potion"},{"floor":4.0,"key":"DuplicationPotion"},{"floor":8.0,"key":"Elixir"},{"floor":12.0,"key":"BlessingOfTheForge"},{"floor":13.0,"key":"CultistPotion"},{"floor":14.0,"key":"Explosive Potion"},{"floor":16.0,"key":"GamblersBrew"},{"floor":22.0,"key":"SteroidPotion"},{"floor":27.0,"key":"AttackPotion"},{"floor":28,"key":"SteroidPotion"},{"floor":29,"key":"Regen Potion"},{"floor":33,"key":"Dexterity Potion"},{"floor":35,"key":"Energy Potion"}],"is_trial":false,"path_per_floor":["M","?","?","?","M","E","R","E","T","R","M","M","M","M","R","B",null,"M","$","?","?","M","E","R","T","T","M","M","M","?","?","R","B",null,"M","?","?"],"character_chosen":"THE_ANIMATOR","items_purchased":["ReplayTheSpireMod:Ninjato"],"campfire_rested":0,"item_purchase_floors":[19],"current_hp_per_floor":[66,59,59,64,64,62,62,50,50,50,50,51,52,52,52,52,73,73,73,73,73,69,46,46,46,46,39,34,34,58,52,52,19,73,59,59,0,0],"gold":353,"neow_bonus":"BOSS_RELIC","is_daily":false,"chose_seed":false,"campfire_upgraded":4,"win_rate":0.0,"timestamp":1608623469,"path_taken":["M","?","?","?","M","E","R","E","T","R","M","M","M","M","R","BOSS","M","$","?","?","M","E","R","?","T","M","?","M","?","?","R","BOSS","M","?","?"],"items_purchased_type":["Relic"],"build_version":"2020-12-13","purchased_purges":1,"victory":false,"max_hp_per_floor":[66,66,66,71,71,71,71,71,71,71,71,72,73,73,73,73,73,73,73,73,73,73,73,73,73,73,73,73,73,73,73,73,73,73,73,73,73,73],"card_choices":[{"not_picked":["animator:Vanir","animator:Hakurou","animator:LizardPriest"],"picked":"SKIP","floor":1.0},{"not_picked":["animator:Illya","animator:Assassin"],"picked":"animator:EmiyaShirou","floor":5.0},{"not_picked":["animator:DwarfShaman","animator:Assassin"],"picked":"animator:Kazuma","floor":6.0},{"not_picked":["animator:Spearman","animator:HighElfArcher"],"picked":"animator:Witch","floor":8.0},{"not_picked":["animator:Shuna","animator:Spearman"],"picked":"animator:Benimaru","floor":11.0},{"not_picked":["animator:Layla","animator:Hakurou"],"picked":"animator:Priestess","floor":12.0},{"not_picked":["animator:Guy","animator:Tyuule"],"picked":"animator:Kaijin","floor":13.0},{"not_picked":["animator:ChaikaTrabant","animator:Saber"],"picked":"animator:Albedo","floor":16.0},{"not_picked":["animator:LizardPriest","animator:YaoHaDucy"],"picked":"animator:Cocytus","floor":18.0},{"not_picked":["animator:Hakurou+1","animator:YunYun","animator:AcuraAkari"],"picked":"SKIP","floor":22.0},{"not_picked":["animator:Arpeggio","animator:Witch+1","animator:Shalltear"],"picked":"SKIP","floor":23.0},{"not_picked":["animator:HighElfArcher","animator:Mitsurugi"],"picked":"animator:GuildGirl","floor":28},{"not_picked":["animator:ChaikaBohdan","animator:Spearman"],"picked":"animator:GazelDwargon","floor":29},{"not_picked":["animator:Shizu","animator:AcuraShin"],"picked":"animator:Hans","floor":33},{"not_picked":["animator:Millim","animator:Shion"],"picked":"animator:TukaLunaMarceau","floor":35},{"not_picked":["animator:IchigoKurosaki","animator:KotoriKanbe"],"picked":"animator:Shimakaze","floor":36}],"player_experience":415234,"relics_obtained":[{"floor":6.0,"key":"Shuriken"},{"floor":8.0,"key":"TungstenRod"},{"floor":9.0,"key":"Garlic"},{"floor":26.0,"key":"White Beast Statue"}],"event_choices":[{"cards_removed":["animator:Defend"],"damage_healed":0.0,"max_hp_gain":0.0,"max_hp_loss":0.0,"gold_gain":0.0,"event_name":"Golden Wing","player_choice":"Card Removal","floor":2.0,"gold_loss":0.0,"damage_taken":7.0},{"cards_removed":["animator:Strike"],"damage_healed":0.0,"max_hp_gain":0.0,"max_hp_loss":0.0,"gold_gain":0.0,"event_name":"The Cleric","player_choice":"Card Removal","floor":3.0,"gold_loss":50.0,"damage_taken":0.0},{"damage_healed":0.0,"max_hp_gain":0.0,"max_hp_loss":0.0,"gold_gain":0.0,"event_name":"Lab","player_choice":"Got Potions","floor":4.0,"gold_loss":0.0,"damage_taken":0.0},{"damage_healed":24,"gold_gain":0,"player_choice":"Heal","damage_taken":0,"max_hp_gain":0,"max_hp_loss":0,"event_name":"The Library","floor":30,"gold_loss":0},{"damage_healed":0,"gold_gain":75,"player_choice":"Touch","damage_taken":7,"max_hp_gain":0,"max_hp_loss":0,"event_name":"FaceTrader","floor":31,"gold_loss":0},{"damage_healed":0,"gold_gain":0,"player_choice":"Memory 1","damage_taken":0,"max_hp_gain":0,"max_hp_loss":0,"event_name":"SensoryStone","floor":36,"gold_loss":0},{"damage_healed":0,"gold_gain":0,"player_choice":"Fight","damage_taken":0,"max_hp_gain":0,"max_hp_loss":0,"event_name":"Mysterious Sphere","floor":37,"gold_loss":0}],"is_beta":false,"boss_relics":[{"not_picked":["Replay:Bronze Core","Fusion Hammer"],"picked":"Astrolabe"},{"not_picked":["Ring of Chaos","Painkiller Herb"],"picked":"Mark of Pain"}],"items_purged_floors":[19],"is_endless":false,"potions_floor_spawned":[8,12,13,14,16,22,27,28,29,33,35],"killed_by":"2 Orb Walkers","ascension_level":0}}