{"host":"5ty8fyb0ngp9gspj","time":1608632811,"event":{"mods":["2.2 Compatiblity","AchievementEnabler","Act Like it!","BaseMod","Colored Map","Downfall","Minty Spire (QoL Compilation)","Rare Cards Sparkle","StSLib"],"gold_per_floor":[360,201,212,229,229,256,256,256,279,304,304,304,344,367,367,495,495,515,530,342,376,376,376,376,376,425,459,483,498,392,435,435,563,563,581,605,605,391,406,406,439,453,453,487,510,510,549,549,549,549,549,549,128,159,159],"floor_reached":56,"playtime":2379,"items_purged":["Doubt","Defend_G"],"score":1537,"play_id":"1fa0b3ec-8b0d-4e2c-9cd9-9984fa9200c0","local_time":"20201222212651","is_ascension_mode":true,"campfire_choices":[{"data":"Infinite Blades","floor":7,"key":"SMITH"},{"data":"Escape Plan","floor":11,"key":"SMITH"},{"data":"Sucker Punch","floor":15,"key":"SMITH"},{"data":"Storm of Steel","floor":23,"key":"SMITH"},{"floor":25,"key":"RECALL"},{"data":"Accuracy","floor":32,"key":"SMITH"},{"data":"After Image","floor":40,"key":"SMITH"},{"data":"Doppelganger","floor":46,"key":"SMITH"},{"floor":49,"key":"DIG"},{"floor":52,"key":"DIG"}],"circlet_count":0,"master_deck":["Strike_G","Strike_G","Strike_G","Strike_G","Strike_G","Defend_G","Defend_G","Defend_G","Defend_G","Survivor","Neutralize","Sucker Punch+1","Infinite Blades+1","Blade Dance","Acrobatics","Escape Plan+1","Predator","Backstab","Blur","Storm of Steel+1","Cloak And Dagger","Accuracy+1","Cloak And Dagger","Backflip","Backstab","Accuracy+1","Backstab","Burst","After Image+1","Accuracy+1","Infinite Blades","Doppelganger+1","Backflip+1","Calculated Gamble+1","Blur+1","Masterful Stab+1","Finisher+1","Tools of the Trade","Cloak And Dagger+1","Infinite Blades","expansioncontent:DonusPower","Storm of Steel"],"relics":["Ring of the Snake","Boot","Mummified Hand","Golden Idol","Regal Pillow","champ:DuelingGlove","Runic Dome","Bag of Preparation","Red Mask","MutagenicStrength","Gremlin Horn","Question Card","Black Star","Orrery","Shovel","hexamod:BolsterEngine","Bottled Tornado","Blue Candle","Dream Catcher","Letter Opener","Oddly Smooth Stone","HornCleat","Paper Crane","Anchor","Ninja Scroll","Lantern"],"acts_visited":["Exordium","TheCity","TheBeyond","TheEnding"],"potions_floor_usage":[6,13,13,16,19,21,39,55],"damage_taken":[{"damage":1,"enemies":"Cultist","floor":1,"turns":5},{"damage":4,"enemies":"2 Louse","floor":3,"turns":2},{"damage":2,"enemies":"Small Slimes","floor":4,"turns":3},{"damage":13,"enemies":"3 Sentries","floor":6,"turns":9},{"damage":3,"enemies":"Exordium Thugs","floor":10,"turns":4},{"damage":0,"enemies":"Gremlin Nob","floor":13,"turns":1},{"damage":0,"enemies":"Looter","floor":14,"turns":2},{"damage":12,"enemies":"Hexaghost","floor":16,"turns":9},{"damage":0,"enemies":"Chosen","floor":18,"turns":3},{"damage":0,"enemies":"Shell Parasite","floor":19,"turns":2},{"damage":0,"enemies":"Masked Bandits","floor":21,"turns":3},{"damage":0,"enemies":"Book of Stabbing","floor":27,"turns":3},{"damage":0,"enemies":"Centurion and Healer","floor":28,"turns":3},{"damage":0,"enemies":"3 Cultists","floor":29,"turns":2},{"damage":2,"enemies":"Slavers","floor":31,"turns":4},{"damage":38,"enemies":"Collector","floor":33,"turns":4},{"damage":5,"enemies":"3 Shapes","floor":35,"turns":2},{"damage":0,"enemies":"Orb Walker","floor":36,"turns":1},{"damage":3,"enemies":"Writhing Mass","floor":39,"turns":2},{"damage":0,"enemies":"Nemesis","floor":41,"turns":4},{"damage":0,"enemies":"Transient","floor":42,"turns":5},{"damage":0,"enemies":"Reptomancer","floor":44,"turns":3},{"damage":0,"enemies":"3 Darklings","floor":45,"turns":2},{"damage":16,"enemies":"Nemesis","floor":47,"turns":5},{"damage":6,"enemies":"Donu and Deca","floor":50,"turns":5},{"damage":0,"enemies":"Shield and Spear","floor":54,"turns":4},{"damage":34,"enemies":"The Heart","floor":55,"turns":6}],"seed_played":"-6543356646350478124","potions_obtained":[{"floor":4,"key":"Guardian:BlockOnCardUsePotion"},{"floor":10,"key":"Swift Potion"},{"floor":12,"key":"AttackPotion"},{"floor":12,"key":"LiquidMemories"},{"floor":14,"key":"BlessingOfTheForge"},{"floor":19,"key":"Fruit Juice"},{"floor":28,"key":"Weak Potion"},{"floor":29,"key":"Explosive Potion"},{"floor":35,"key":"Fire Potion"},{"floor":42,"key":"Dexterity Potion"}],"is_trial":false,"path_per_floor":["M","$","M","M","?","E","R","?","T","M","R","?","E","M","R","B",null,"M","M","$","?","?","R","?","R","T","E","M","M","$","E","R","B",null,"M","M","?","$","M","R","E","M","T","E","M","R","E","?","R","B",null,"R","$","E","B",null],"character_chosen":"THE_SILENT","items_purchased":["Infinite Blades","Blade Dance","Cloak And Dagger","Bag of Preparation","Accuracy","Backstab","Infinite Blades","Orrery","Anchor","Infinite Blades","expansioncontent:DonusPower"],"campfire_rested":0,"item_purchase_floors":[2,2,20,20,30,30,38,38,53,53,53],"current_hp_per_floor":[69,69,65,63,60,47,47,47,47,44,44,44,44,44,44,32,65,65,70,70,70,70,70,70,70,70,70,70,70,70,68,68,30,70,65,65,65,65,62,62,62,62,62,62,62,62,46,46,46,40,66,66,66,66,32],"gold":159,"neow_bonus":"TWO_FIFTY_GOLD","is_daily":false,"chose_seed":false,"campfire_upgraded":7,"win_rate":0.0,"timestamp":1608632811,"path_taken":["M","$","M","M","?","E","R","?","T","M","R","?","E","M","R","BOSS","M","M","$","?","?","R","?","R","T","E","M","?","$","E","R","BOSS","M","M","?","$","M","R","E","M","T","E","M","R","E","?","R","BOSS","R","$","E","BOSS"],"items_purchased_type":["Card","Card","Card","Relic","Card","Card","Card","Relic","Relic","Card","Card"],"build_version":"2020-12-13","purchased_purges":2,"victory":true,"max_hp_per_floor":[70,70,70,70,70,70,70,65,65,65,65,65,65,65,65,65,65,65,70,70,70,70,70,70,70,70,70,70,70,70,70,70,70,70,70,70,66,66,66,66,66,66,66,66,66,66,66,66,66,66,66,66,66,66,66],"card_choices":[{"not_picked":["Caltrops","Masterful Stab"],"picked":"Sucker Punch","floor":1},{"not_picked":["Riddle With Holes","Eviscerate"],"picked":"Acrobatics","floor":3},{"not_picked":["Tactician","Blur"],"picked":"Escape Plan","floor":4},{"not_picked":["Backflip","Poisoned Stab"],"picked":"Predator","floor":6},{"not_picked":["Bane","Bullet Time"],"picked":"Backstab","floor":10},{"not_picked":["Noxious Fumes","Flechettes","Predator"],"picked":"SKIP","floor":13},{"not_picked":["All Out Attack","Poisoned Stab"],"picked":"Blur","floor":14},{"not_picked":["Venomology","Tools of the Trade"],"picked":"Storm of Steel","floor":16},{"not_picked":["Crippling Poison","Sucker Punch"],"picked":"Cloak And Dagger","floor":18},{"not_picked":["Slice","Distraction"],"picked":"Accuracy+1","floor":19},{"not_picked":["Underhanded Strike","Dash"],"picked":"Choke","floor":21},{"not_picked":["Flying Knee","Bullet Time"],"picked":"Backflip","floor":27},{"not_picked":["PiercingWail+1","Quick Slash"],"picked":"Backstab","floor":28},{"not_picked":["Acrobatics","Dagger Spray","Predator"],"picked":"SKIP","floor":29},{"not_picked":["Distraction","Deadly Poison"],"picked":"Burst","floor":31},{"not_picked":["Envenom","Venomology","Burst"],"picked":"After Image","floor":33},{"not_picked":["Backflip","PiercingWail","Deflect","Skewer+1"],"picked":"SKIP","floor":35},{"not_picked":["Distraction","Blade Dance+1","Acrobatics"],"picked":"Accuracy+1","floor":36},{"not_picked":["Underhanded Strike+1","Bouncing Flask+1","Bane"],"picked":"Doppelganger","floor":38},{"not_picked":["Eviscerate+1","Sucker Punch+1","Poisoned Stab"],"picked":"Backflip+1","floor":38},{"not_picked":["Dodge and Roll+1","Slice+1","Outmaneuver"],"picked":"Calculated Gamble+1","floor":38},{"not_picked":["Escape Plan","Envenom","Crippling Poison+1"],"picked":"Blur+1","floor":38},{"not_picked":["PiercingWail+1","Flying Knee","Dodge and Roll+1"],"picked":"Masterful Stab+1","floor":39},{"not_picked":["Heel Hook+1","Dagger Spray","PiercingWail+1","Underhanded Strike+1"],"picked":"SKIP","floor":41},{"not_picked":["Die Die Die","Flying Knee+1","Escape Plan+1"],"picked":"Finisher+1","floor":42},{"not_picked":["Escape Plan+1","Slice+1","Deflect+1"],"picked":"Accuracy","floor":44},{"not_picked":["PiercingWail","Cloak And Dagger","All Out Attack+1"],"picked":"Tools of the Trade","floor":45},{"not_picked":["Accuracy","Blur","Flying Knee+1"],"picked":"Cloak And Dagger+1","floor":47},{"not_picked":["Poisoned Stab","Deadly Poison","Dodge and Roll"],"picked":"Storm of Steel","floor":54}],"player_experience":321291,"relics_obtained":[{"floor":6,"key":"Mummified Hand"},{"floor":9,"key":"Regal Pillow"},{"floor":13,"key":"champ:DuelingGlove"},{"floor":21,"key":"Red Mask"},{"floor":27,"key":"Gremlin Horn"},{"floor":31,"key":"Question Card"},{"floor":41,"key":"Shovel"},{"floor":41,"key":"hexamod:BolsterEngine"},{"floor":43,"key":"Bottled Tornado"},{"floor":44,"key":"Blue Candle"},{"floor":44,"key":"Dream Catcher"},{"floor":47,"key":"Letter Opener"},{"floor":47,"key":"Oddly Smooth Stone"},{"floor":49,"key":"HornCleat"},{"floor":52,"key":"Paper Crane"},{"floor":54,"key":"Ninja Scroll"},{"floor":54,"key":"Lantern"}],"event_choices":[{"damage_healed":0,"gold_gain":0,"player_choice":"Success","damage_taken":3,"relics_obtained":["Boot"],"max_hp_gain":0,"max_hp_loss":0,"event_name":"Scrap Ooze","floor":5,"gold_loss":0},{"damage_healed":0,"gold_gain":0,"player_choice":"Lose Max HP","damage_taken":0,"relics_obtained":["Golden Idol"],"max_hp_gain":0,"max_hp_loss":5,"event_name":"Golden Idol","floor":8,"gold_loss":0},{"damage_healed":0,"gold_gain":0,"player_choice":"Got Potions","damage_taken":0,"max_hp_gain":0,"max_hp_loss":0,"event_name":"Lab","floor":12,"gold_loss":0},{"damage_healed":0,"gold_gain":0,"player_choice":"Fought Bandits","damage_taken":0,"max_hp_gain":0,"max_hp_loss":0,"event_name":"Masked Bandits","floor":21,"gold_loss":0},{"damage_healed":0,"gold_gain":0,"player_choice":"Inject Mutagens","damage_taken":0,"relics_obtained":["MutagenicStrength"],"max_hp_gain":0,"max_hp_loss":0,"event_name":"Drug Dealer","floor":22,"gold_loss":0},{"cards_removed":["Choke"],"damage_healed":0,"gold_gain":0,"player_choice":"Card Removal","damage_taken":0,"max_hp_gain":0,"max_hp_loss":0,"event_name":"Wheel of Change","floor":24,"gold_loss":0},{"damage_healed":0,"gold_gain":0,"player_choice":"Max HP","damage_taken":0,"max_hp_gain":0,"max_hp_loss":4,"event_name":"Winding Halls","floor":37,"gold_loss":0},{"cards_removed":["Accuracy"],"damage_healed":0,"gold_gain":0,"player_choice":"Removed Power","damage_taken":0,"max_hp_gain":0,"max_hp_loss":0,"event_name":"Falling","floor":48,"gold_loss":0}],"is_beta":false,"boss_relics":[{"not_picked":["Velvet Choker","Busted Crown"],"picked":"Runic Dome"},{"not_picked":["Empty Cage","Philosopher\u0027s Stone"],"picked":"Black Star"}],"items_purged_floors":[2,53],"is_endless":false,"potions_floor_spawned":[4,10,14,19,28,29,35,42,45,47,54],"ascension_level":1}}