{"host":"v86vpwf004p2esb7","time":1608602635,"event":{"mods":["AchievementEnabler","BaseMod","BetterRewards","Colored Powertips","Minty Spire (QoL Compilation)","Quick Restart","StSLib","Transform Curses"],"gold_per_floor":[117,131,108,120,120,148,148,179,260,41,41,55,67,67,67,167,167,186,186,186],"floor_reached":19,"playtime":1350,"items_purged":[],"score":252,"play_id":"70e1a7ac-b6dc-47b8-bbca-c87d58b6251a","local_time":"20201221180355","daily_mods":["Specialized","Heirloom"],"is_ascension_mode":false,"campfire_choices":[{"data":"White Noise","floor":7,"key":"SMITH"},{"floor":11,"key":"REST"},{"data":"Storm","floor":15,"key":"SMITH"}],"circlet_count":0,"master_deck":["Strike_B","Strike_B","Strike_B","Strike_B","Defend_B","Defend_B","Defend_B","Defend_B","Zap","Dualcast","Gash","Gash","Gash","Gash","Gash","Beam Cell","White Noise+1","White Noise","Genetic Algorithm","Cold Snap","Ball Lightning","Gash","Electrodynamics","Storm+1","Capacitor","Tempest","White Noise","Machine Learning","Ball Lightning+1","Lockon+1"],"relics":["FrozenCore","Prayer Wheel","CaptainsWheel","Anchor","Blue Candle","Lantern"],"acts_visited":["Exordium","TheCity"],"potions_floor_usage":[],"damage_taken":[{"damage":1,"enemies":"Cultist","floor":1,"turns":3},{"damage":6,"enemies":"2 Louse","floor":2,"turns":2},{"damage":2,"enemies":"Small Slimes","floor":4,"turns":2},{"damage":14,"enemies":"Gremlin Nob","floor":6,"turns":3},{"damage":21,"enemies":"3 Sentries","floor":8,"turns":4},{"damage":0,"enemies":"3 Louse","floor":12,"turns":2},{"damage":6,"enemies":"Exordium Thugs","floor":13,"turns":3},{"damage":0,"enemies":"Slime Boss","floor":16,"turns":4},{"damage":0,"enemies":"Chosen","floor":18,"turns":4},{"damage":10,"enemies":"Spheric Guardian","floor":19,"turns":3}],"seed_played":"-2016675308941162156","potions_obtained":[{"floor":2,"key":"PowerPotion"},{"floor":4,"key":"LiquidBronze"},{"floor":6,"key":"LiquidMemories"}],"is_trial":true,"path_per_floor":["M","M","$","M","$","E","R","E","T","$","R","M","M","$","R","B",null,"M","M"],"character_chosen":"DEFECT","items_purchased":["Cold Snap","Storm","Lantern"],"campfire_rested":1,"item_purchase_floors":[3,10,10],"current_hp_per_floor":[74,68,68,66,66,52,52,31,31,31,53,53,47,47,47,47,75,75,65,65],"gold":186,"neow_bonus":"","is_daily":false,"chose_seed":false,"campfire_upgraded":2,"win_rate":0.0,"timestamp":1608602635,"path_taken":["M","M","?","M","$","E","R","E","T","$","R","M","M","$","R","BOSS","M","M"],"items_purchased_type":["Card","Card","Relic"],"build_version":"2020-12-13","purchased_purges":0,"victory":false,"max_hp_per_floor":[75,75,75,75,75,75,75,75,75,75,75,75,75,75,75,75,75,75,75,75],"card_choices":[{"not_picked":["Sweeping Beam","Steam Power"],"picked":"Beam Cell","floor":1},{"not_picked":["Force Field","Rebound"],"picked":"White Noise","floor":1},{"not_picked":["Redo","Barrage"],"picked":"White Noise","floor":2},{"not_picked":["Stack","Steam"],"picked":"Genetic Algorithm","floor":2},{"not_picked":["Sweeping Beam","Leap"],"picked":"Ball Lightning","floor":4},{"not_picked":["Rip and Tear","Coolheaded","Steam"],"picked":"SKIP","floor":4},{"not_picked":["Compile Driver","White Noise"],"picked":"Gash","floor":6},{"not_picked":["Beam Cell","Meteor Strike"],"picked":"Electrodynamics","floor":8},{"not_picked":["Steam","Undo"],"picked":"Capacitor","floor":12},{"not_picked":["Barrage","Coolheaded","Undo"],"picked":"SKIP","floor":12},{"not_picked":["Streamline","Coolheaded"],"picked":"Tempest","floor":13},{"not_picked":["Steam","Leap"],"picked":"White Noise","floor":13},{"not_picked":["Core Surge","Hyperbeam"],"picked":"Machine Learning","floor":16},{"not_picked":["Go for the Eyes","FTL"],"picked":"Ball Lightning+1","floor":18},{"not_picked":["Compile Driver+1","Coolheaded+1"],"picked":"Lockon+1","floor":18}],"player_experience":246507,"relics_obtained":[{"floor":6,"key":"CaptainsWheel"},{"floor":8,"key":"Anchor"},{"floor":9,"key":"Blue Candle"}],"event_choices":[],"is_beta":false,"boss_relics":[{"not_picked":["Coffee Dripper","Nuclear Battery"],"picked":"FrozenCore"}],"items_purged_floors":[],"is_endless":true,"potions_floor_spawned":[2,4,6,13],"killed_by":"Spheric Guardian","ascension_level":0}}