{"host":"1p8eqzpvl5sxeu5t","time":1608649911,"event":{"mods":["BaseMod","Bestiary","Block Reminder","Colored Map","Colored Powertips","Downfall","Highlight Path","Minty Spire (QoL Compilation)","Relic Stats","StSLib","The IronCluck","Waifu the Spire","everything is the same but u backflip on backflip","slay the spire mod where everything is the same but ironclad has a cowboy hat"],"gold_per_floor":[99,99,99,99,99,127,127,155,173,173,193,293,293,293,313,313,313,313],"floor_reached":16,"playtime":514,"items_purged":[],"score":122,"play_id":"d3c2bfce-635f-424b-941c-116931292ff0","local_time":"20201222231151","is_ascension_mode":true,"campfire_choices":[{"data":"champ:Taunt","floor":1,"key":"SMITH"},{"floor":13,"key":"REST"}],"circlet_count":0,"master_deck":["champ:Strike","champ:Strike","champ:Strike","champ:Strike","champ:Defend","champ:Defend","champ:Defend","champ:Defend","champ:Execute","champ:Taunt+1","champ:TornadoPunch","champ:Duel","champ:FanOfKnives","Pain","champ:Backstep","champ:BringItOn","champ:FaceSlap","champ:RisingSlash","champ:GladiatorsShout"],"relics":["champ:ChampionCrown","downfall:HeartsMalice","WarpedTongs","InkBottle","champ:DefensiveTrainingManual","StrikeDummy","Orichalcum","Champion Belt","champ:LiftRelic"],"acts_visited":["Exordium"],"potions_floor_usage":[11,12,12],"damage_taken":[{"damage":0,"enemies":"Small Slimes","floor":2,"turns":1},{"damage":0,"enemies":"Cultist","floor":3,"turns":1},{"damage":0,"enemies":"2 Louse","floor":4,"turns":1},{"damage":49,"enemies":"Lagavulin","floor":6,"turns":6},{"damage":23,"enemies":"3 Sentries","floor":8,"turns":7},{"damage":3,"enemies":"2 Fungi Beasts","floor":9,"turns":2},{"damage":8,"enemies":"3 Louse","floor":11,"turns":2},{"damage":0,"enemies":"3 Louse","floor":12,"turns":2},{"damage":0,"enemies":"Exordium Wildlife","floor":15,"turns":2},{"damage":42,"enemies":"downfall:Defect","floor":16,"turns":5}],"seed_played":"8564831473170015412","potions_obtained":[{"floor":8,"key":"SteroidPotion"},{"floor":9,"key":"hexamod:EctoCoolerPotion"},{"floor":11,"key":"FearPotion"}],"is_trial":false,"path_per_floor":["R","M","M","M","?","E","T","E","M","?","M","?","R","?","M","B"],"character_chosen":"THE_CHAMP","items_purchased":[],"campfire_rested":1,"item_purchase_floors":[],"current_hp_per_floor":[90,90,90,90,90,49,49,26,23,23,15,15,42,42,42,0,0,0],"gold":313,"neow_bonus":"THREE_ENEMY_KILL","is_daily":false,"chose_seed":false,"campfire_upgraded":1,"win_rate":0.0,"timestamp":1608649911,"path_taken":["R","M","M","M","?","E","T","E","?","?","M","?","R","?","M","BOSS"],"items_purchased_type":[],"build_version":"2020-12-13","purchased_purges":0,"victory":false,"max_hp_per_floor":[90,90,90,90,90,90,90,90,90,90,90,90,90,90,90,90,90,90],"relic_stats":{"counters":[10,26],"Champion Belt":[0],"Orichalcum":[6],"obtain_stats":[{"champ:DefensiveTrainingManual":7,"champ:LiftRelic":14,"champ:ChampionCrown":0,"downfall:HeartsMalice":0,"Champion Belt":12,"Orichalcum":10,"StrikeDummy":8,"InkBottle":6,"WarpedTongs":5},{"champ:DefensiveTrainingManual":4,"champ:LiftRelic":8,"champ:ChampionCrown":0,"downfall:HeartsMalice":0,"Champion Belt":8,"Orichalcum":6,"StrikeDummy":5,"InkBottle":4,"WarpedTongs":3},{"champ:DefensiveTrainingManual":6,"champ:LiftRelic":19,"champ:ChampionCrown":0,"downfall:HeartsMalice":0,"Champion Belt":19,"Orichalcum":15,"StrikeDummy":13,"InkBottle":6,"WarpedTongs":0}],"InkBottle":[5],"WarpedTongs":[26]},"card_choices":[{"not_picked":["champ:CrookedStrike","champ:ViciousMockery"],"picked":"champ:TornadoPunch","floor":2},{"not_picked":["champ:AdrenalArmor","champ:Encircle"],"picked":"champ:Duel","floor":3},{"not_picked":["champ:Circumvent","champ:Aggression"],"picked":"champ:FanOfKnives","floor":4},{"not_picked":["champ:Riposte","champ:FightOn"],"picked":"champ:Backstep","floor":6},{"not_picked":["champ:TornadoPunch","champ:BerserkersShout"],"picked":"champ:BringItOn","floor":8},{"not_picked":["champ:BerserkerStyle","champ:Encircle"],"picked":"champ:FaceSlap","floor":9},{"not_picked":["champ:ShieldSigil","champ:Encircle"],"picked":"champ:RisingSlash","floor":11},{"not_picked":["champ:Duel","champ:CrookedStrike"],"picked":"champ:GladiatorsShout","floor":12},{"not_picked":["champ:RageSigil","champ:FaceSlap","champ:BerserkerStyle"],"picked":"SKIP","floor":15}],"player_experience":822957,"relics_obtained":[{"floor":6,"key":"InkBottle"},{"floor":7,"key":"champ:DefensiveTrainingManual"},{"floor":8,"key":"StrikeDummy"},{"floor":12,"key":"Champion Belt"}],"event_choices":[{"damage_healed":0,"gold_gain":0,"player_choice":"Rummage","damage_taken":0,"relics_obtained":["WarpedTongs"],"max_hp_gain":0,"max_hp_loss":0,"event_name":"Accursed Blacksmith","floor":5,"gold_loss":0,"cards_obtained":["Pain"]}],"is_beta":false,"boss_relics":[],"items_purged_floors":[],"is_endless":false,"potions_floor_spawned":[8,9,11],"killed_by":"downfall:Defect","ascension_level":3}}