{"host":"87fdiiwflhrwsj8a","time":1608600427,"event":{"mods":["Aspiration","BaseMod","Better Match","Better Third Choice","BetterRewards","Colored Map","Conspire","GifTheSpireLib","Infinite Spire","Minty Spire (QoL Compilation)","Quick Restart","Relic Sorter","Replay The Spire","Robot Space Explorer","StSLib","Stuff the Spire","The Cursed","The Jungle"],"gold_per_floor":[109,109,122,122,56,56,83,83,157,157,191,191,110,123,123,200,250,226,242,242,242,242,242],"floor_reached":22,"playtime":503,"items_purged":[],"score":430,"play_id":"645f5beb-bd75-460d-9858-b0e0f8c1f24e","local_time":"20201221202707","is_ascension_mode":true,"campfire_choices":[{"data":"Flex","floor":6.0,"key":"SMITH"},{"data":"Seeing Red","floor":8.0,"key":"SMITH"},{"data":"Metallicize","floor":10.0,"key":"SMITH"},{"data":"Inflame","floor":15.0,"key":"SMITH"}],"circlet_count":0,"master_deck":["AscendersBane","Strike_R","Strike_R","Strike_R","Strike_R","Strike_R","Defend_R+1","Defend_R","Defend_R","Bash","Warcry+1","Flex+1","Metallicize+1","Metallicize+1","Seeing Red+1","Inflame+1","Metallicize","Berserk","Shrug It Off","Spot Weakness"],"relics":["Burning Blood","NeowsBlessing","Gremlin Horn","Bottled Tornado","Question Card","Tiny House","aspiration:ChemicalBlood"],"acts_visited":["Exordium","TheCity"],"potions_floor_usage":[],"damage_taken":[{"damage":0.0,"enemies":"Small Slimes","floor":1.0,"turns":1.0},{"damage":0.0,"enemies":"Cultist","floor":3.0,"turns":1.0},{"damage":0.0,"enemies":"Gremlin Nob","floor":7.0,"turns":1.0},{"damage":21.0,"enemies":"Lagavulin","floor":11.0,"turns":8.0},{"damage":0.0,"enemies":"Jaw Worm","floor":14.0,"turns":5.0},{"damage":30.0,"enemies":"The Guardian","floor":16.0,"turns":14.0},{"damage":15.0,"enemies":"2 Thieves","floor":18.0,"turns":4.0},{"damage":17.0,"enemies":"Chosen","floor":19.0,"turns":6.0},{"damage":9,"enemies":"Shelled Parasite and Fungi","floor":22,"turns":2}],"seed_played":"7520635013036564627","potions_obtained":[{"floor":3.0,"key":"Languid Potion"},{"floor":14.0,"key":"Block Potion"},{"floor":16.0,"key":"Venom Potion"},{"floor":17.0,"key":"infinitespire:BlackPotion"}],"is_trial":false,"path_per_floor":["M","?","M","?","$","R","E","R","T","R","E","?","$","M","R","B",null,"M","M","AVR","?","M"],"character_chosen":"IRONCLAD","items_purchased":["Metallicize","Inflame"],"campfire_rested":0,"item_purchase_floors":[5,13],"current_hp_per_floor":[74,74,75,52,52,52,58,58,58,58,43,43,43,49,49,25,68,59,48,48,48,39,39],"gold":242,"neow_bonus":"THREE_ENEMY_KILL","is_daily":false,"chose_seed":false,"campfire_upgraded":4,"win_rate":0.0,"timestamp":1608600427,"path_taken":["M","?","?","?","?","R","E","R","T","R","E","?","?","M","R","BOSS","M","M","AVR","?","M"],"items_purchased_type":["Card","Card"],"build_version":"2020-12-13","purchased_purges":0,"victory":false,"max_hp_per_floor":[75,75,75,75,75,75,75,75,75,75,75,75,75,75,75,75,80,80,80,80,80,80,80],"card_choices":[{"not_picked":["Clothesline","Replay:Undeath\u0027s Touch"],"picked":"Warcry","floor":1.0},{"not_picked":["Heavy Blade","StuffTheSpire:BloodClot"],"picked":"Flex","floor":3.0},{"not_picked":["Perfected Strike","Corruption"],"picked":"Seeing Red","floor":7.0},{"not_picked":["Battle Trance","Body Slam","Abandon"],"picked":"SKIP","floor":11.0},{"not_picked":["Sword Boomerang","Heavy Blade","StuffTheSpire:Incineration"],"picked":"Metallicize","floor":14.0},{"not_picked":["Hemogenesis","conspire:HitWhereItHurts","Reaper"],"picked":"Berserk","floor":16.0},{"not_picked":["Warcry","Headbutt","Flex"],"picked":"Shrug It Off","floor":18.0},{"not_picked":["Impervious","True Grit","Sever Soul+1"],"picked":"Spot Weakness","floor":19.0}],"player_experience":2620244,"relics_obtained":[{"floor":7.0,"key":"Gremlin Horn"},{"floor":9.0,"key":"Bottled Tornado"},{"floor":11.0,"key":"Question Card"}],"event_choices":[{"cards_removed":["Defend_R"],"damage_healed":0.0,"max_hp_gain":0.0,"max_hp_loss":0.0,"gold_gain":0.0,"event_name":"Purifier","player_choice":"Purged","floor":2.0,"gold_loss":0.0,"damage_taken":0.0},{"damage_healed":75.0,"max_hp_gain":0.0,"max_hp_loss":75.0,"gold_gain":0.0,"event_name":"betterThird:BetterShining","player_choice":"Upgrade","floor":4.0,"gold_loss":0.0,"damage_taken":23.0,"cards_upgraded":["Defend_R","Warcry"]},{"damage_healed":0.0,"max_hp_gain":0.0,"max_hp_loss":0.0,"gold_gain":0.0,"event_name":"Golden Wing","player_choice":"Ignored","floor":12.0,"gold_loss":0.0,"damage_taken":0.0},{"damage_healed":0,"gold_gain":0,"player_choice":"Ignored","damage_taken":0,"max_hp_gain":0,"max_hp_loss":0,"event_name":"Cursed Tome","floor":21,"gold_loss":0}],"is_beta":false,"boss_relics":[{"not_picked":["Sozu","ReplayTheSpireMod:DimensionalGlitch"],"picked":"Tiny House"}],"items_purged_floors":[],"is_endless":false,"potions_floor_spawned":[3,14,16],"killed_by":"Shelled Parasite and Fungi","ascension_level":20}}