{"host":"f0gpob8hq9vgebej","time":1608617286,"event":{"mods":["AchievementEnabler","BaseMod","Googly Eyes","Minty Spire (QoL Compilation)","Quick Restart","SuperFastMode"],"gold_per_floor":[116,136,150,162,87,87,99,115,138,138,158,158,178,189,189,287,287,301,216,216,116,116,116,133,133,181,200,200,200],"floor_reached":28,"playtime":452,"items_purged":["Strike_G","Defend_G"],"score":342,"play_id":"16a15bb2-3133-4c62-aab7-f49da4ebb39d","local_time":"20201222150806","is_ascension_mode":true,"campfire_choices":[{"data":"Deadly Poison","floor":6.0,"key":"SMITH"},{"data":"Tactician","floor":15,"key":"SMITH"},{"data":"Accuracy","floor":25,"key":"SMITH"}],"circlet_count":0,"master_deck":["AscendersBane","Strike_G","Strike_G","Strike_G","Defend_G","Defend_G","Defend_G","Survivor","Neutralize","Deadly Poison+1","Dagger Throw","Poisoned Stab","Blade Dance","Accuracy+1","Tactician+1","Terror","Reflex","Glass Knife","Backflip","Backflip"],"relics":["Ring of the Snake","Juzu Bracelet","The Specimen","Ancient Tea Set","MealTicket"],"acts_visited":["TheCity"],"potions_floor_usage":[7,16],"damage_taken":[{"damage":1.0,"enemies":"Cultist","floor":1.0,"turns":4.0},{"damage":4.0,"enemies":"Small Slimes","floor":2.0,"turns":4.0},{"damage":1.0,"enemies":"2 Louse","floor":3.0,"turns":2.0},{"damage":9.0,"enemies":"Large Slime","floor":4.0,"turns":6.0},{"damage":0,"enemies":"Gremlin Gang","floor":7,"turns":4},{"damage":8,"enemies":"Looter","floor":8,"turns":3},{"damage":8,"enemies":"Large Slime","floor":11,"turns":5},{"damage":0,"enemies":"Blue Slaver","floor":13,"turns":3},{"damage":3,"enemies":"Looter","floor":14,"turns":3},{"damage":10,"enemies":"Hexaghost","floor":16,"turns":8},{"damage":10,"enemies":"Chosen","floor":18,"turns":4},{"damage":25,"enemies":"Shell Parasite","floor":24,"turns":4},{"damage":13,"enemies":"Cultist and Chosen","floor":27,"turns":4},{"damage":0,"enemies":"Slavers","floor":28,"turns":1}],"seed_played":"-6537378752026077410","potions_obtained":[{"floor":2.0,"key":"SkillPotion"},{"floor":11,"key":"FearPotion"},{"floor":13,"key":"DistilledChaos"},{"floor":16,"key":"Swift Potion"},{"floor":24,"key":"Block Potion"}],"is_trial":false,"path_per_floor":["M","M","M","M","$","R","M","M","T","?","M","?","M","M","R","B",null,"M","?","?","$","?","$","M","R","T","M","E"],"character_chosen":"THE_SILENT","items_purchased":[],"campfire_rested":0,"item_purchase_floors":[],"current_hp_per_floor":[62,58,57,48,48,48,48,40,40,40,32,32,32,29,29,19,52,42,42,42,42,42,42,17,17,17,4,4,4],"gold":200,"neow_bonus":"REMOVE_TWO","is_daily":false,"chose_seed":false,"campfire_upgraded":3,"win_rate":0.0,"timestamp":1608617286,"path_taken":["M","M","M","M","?","R","M","?","T","?","M","?","M","M","R","BOSS","M","?","?","$","?","$","M","R","T","M","E"],"items_purchased_type":[],"build_version":"2020-12-13","purchased_purges":2,"victory":false,"max_hp_per_floor":[63,63,63,63,63,63,63,63,63,63,63,63,63,63,63,63,63,63,63,63,63,63,63,63,63,63,63,63,63],"card_choices":[{"not_picked":["Acrobatics","Prepared"],"picked":"Deadly Poison","floor":1.0},{"not_picked":["Bane","Deflect"],"picked":"Dagger Throw","floor":2.0},{"not_picked":["Dagger Spray","Dodge and Roll"],"picked":"Poisoned Stab","floor":3.0},{"not_picked":["Slice","Poisoned Stab","Bane"],"picked":"SKIP","floor":4.0},{"not_picked":["Blur","PiercingWail"],"picked":"Blade Dance","floor":7},{"not_picked":["Leg Sweep","Infinite Blades"],"picked":"Accuracy","floor":8},{"not_picked":["Distraction","Cloak And Dagger"],"picked":"Tactician","floor":11},{"not_picked":["Concentrate","Predator"],"picked":"Terror","floor":13},{"not_picked":["Backstab","Footwork"],"picked":"Reflex","floor":14},{"not_picked":["Die Die Die","Night Terror"],"picked":"Glass Knife","floor":16},{"not_picked":["Flying Knee","Caltrops"],"picked":"Backflip","floor":18},{"not_picked":["Sucker Punch","Deflect","Dagger Throw"],"picked":"SKIP","floor":24},{"not_picked":["Deflect+1","Infinite Blades+1"],"picked":"Backflip","floor":27}],"player_experience":187977,"relics_obtained":[{"floor":9,"key":"Juzu Bracelet"},{"floor":26,"key":"MealTicket"}],"event_choices":[{"damage_healed":0,"gold_gain":0,"player_choice":"Searched \u00271\u0027 times","damage_taken":0,"relics_obtained":["The Specimen"],"max_hp_gain":0,"max_hp_loss":0,"event_name":"Dead Adventurer","floor":10,"gold_loss":0},{"damage_healed":0,"gold_gain":0,"player_choice":"Ignored","damage_taken":0,"max_hp_gain":0,"max_hp_loss":0,"event_name":"Liars Game","floor":12,"gold_loss":0},{"damage_healed":0,"gold_gain":0,"player_choice":"Obtained Relic","damage_taken":0,"relics_obtained":["Ancient Tea Set"],"max_hp_gain":0,"max_hp_loss":0,"event_name":"Addict","floor":19,"gold_loss":85},{"damage_healed":0,"gold_gain":0,"player_choice":"Ignored","damage_taken":0,"max_hp_gain":0,"max_hp_loss":0,"event_name":"Cursed Tome","floor":20,"gold_loss":0},{"damage_healed":0,"gold_gain":0,"player_choice":"Ignored","damage_taken":0,"max_hp_gain":0,"max_hp_loss":0,"event_name":"Vampires","floor":22,"gold_loss":0}],"is_beta":false,"boss_relics":[{"not_picked":["Cursed Key","Ectoplasm","Runic Dome"]}],"items_purged_floors":[5,21],"is_endless":false,"potions_floor_spawned":[2,11,13,16,24],"killed_by":"Slavers","ascension_level":12}}