{"host":"ohugux5wi6kc4oge","time":1608641080,"event":{"mods":["BaseMod","Beaked The Cultist","Better Third Choice","Colored Powertips","Downfall","GifTheSpireLib","Minty Spire (QoL Compilation)","Quick Restart","Replay The Spire","StSLib","Stuff the Spire","The Construct","The IronCluck","egg","everything is the same but u backflip on backflip"],"gold_per_floor":[114,130,159,159,229,264,264,241,241,241,275,53,69,87,87,184,184,198,213,113,163,236,236,236,236],"floor_reached":24,"playtime":813,"items_purged":["Defend_R","Defend_R"],"score":265,"play_id":"57355963-ddaf-4600-957a-7bfa2b9ce41a","local_time":"20201222134440","is_ascension_mode":true,"campfire_choices":[{"data":"Pommel Strike","floor":7,"key":"SMITH"},{"data":"Bash","floor":10,"key":"SMITH"},{"floor":15,"key":"DIG"},{"floor":23,"key":"REST"}],"circlet_count":0,"master_deck":["Strike_R","Strike_R","Strike_R+1","Strike_R+1","Defend_R","Bash+1","Dual Wield","Ghostly Armor","Pommel Strike+1","Clash","Clash","Demonic Infusion+1"],"relics":["Burning Blood","SsserpentHead","White Beast Statue","MealTicket","StuffTheSpire:GrapeVine","StuffTheSpire:Nightcore","Whetstone","Juzu Bracelet","Gremlin Food"],"acts_visited":["Exordium","TheCity"],"potions_floor_usage":[5,6,6,6,11,16],"damage_taken":[{"damage":8,"enemies":"2 Louse","floor":1,"turns":3},{"damage":1,"enemies":"Cultist","floor":2,"turns":3},{"damage":8,"enemies":"Jaw Worm","floor":5,"turns":5},{"damage":19,"enemies":"Lagavulin","floor":6,"turns":5},{"damage":14,"enemies":"Gremlin Nob","floor":11,"turns":4},{"damage":0,"enemies":"2 Fungi Beasts","floor":13,"turns":2},{"damage":5,"enemies":"Exordium Wildlife","floor":14,"turns":3},{"damage":21,"enemies":"The Guardian","floor":16,"turns":4},{"damage":32,"enemies":"3 Byrds","floor":18,"turns":6},{"damage":12,"enemies":"2 Thieves","floor":19,"turns":3},{"damage":7,"enemies":"Slavers","floor":24,"turns":2}],"seed_played":"3447966085311708526","potions_obtained":[{"floor":2,"key":"Fire Potion"},{"floor":3,"key":"EntropicBrew"},{"floor":3,"key":"Regen Potion"},{"floor":6,"key":"Languid Potion"},{"floor":11,"key":"DistilledChaos"},{"floor":13,"key":"LiquidMemories"},{"floor":16,"key":"SteroidPotion"}],"is_trial":false,"path_per_floor":["M","M","?","?","M","E","R","?","T","R","E","$","M","M","R","B",null,"M","M","$","?","T","R","E"],"character_chosen":"IRONCLAD","items_purchased":["Whetstone"],"campfire_rested":1,"item_purchase_floors":[12],"current_hp_per_floor":[70,72,44,44,54,41,41,41,41,41,33,48,54,55,55,40,64,38,32,47,34,34,57,50,50],"gold":236,"neow_bonus":"REMOVE_TWO","is_daily":false,"chose_seed":false,"campfire_upgraded":2,"win_rate":0.0,"timestamp":1608641080,"path_taken":["M","M","?","?","?","E","R","?","T","R","E","$","M","M","R","BOSS","M","M","$","?","?","R","E"],"items_purchased_type":["Relic"],"build_version":"2020-12-13","purchased_purges":2,"victory":false,"max_hp_per_floor":[72,72,72,72,72,72,72,72,72,72,72,72,72,72,72,72,72,72,72,72,77,77,77,77,77],"card_choices":[{"not_picked":["Clash","Pummel"],"picked":"Dual Wield","floor":1},{"not_picked":["ReplayTheSpireMod:Stacked","Thunderclap","Wild Strike"],"picked":"SKIP","floor":2},{"not_picked":["StuffTheSpire:Incineration","Run Through"],"picked":"Ghostly Armor","floor":3},{"not_picked":["Fire Breathing","Defy Death"],"picked":"Pommel Strike","floor":5},{"not_picked":["Body Slam","Sever Soul"],"picked":"Clash","floor":6},{"not_picked":["Demonic Infusion","ReplayTheSpireMod:LeadingStrike","Warcry"],"picked":"SKIP","floor":11},{"not_picked":["StuffTheSpire:Resist","Fire Breathing","Uppercut"],"picked":"SKIP","floor":13},{"not_picked":["Dual Wield","Combust"],"picked":"Clash","floor":14},{"not_picked":["Bludgeon","Eclipse"],"picked":"Demonic Infusion","floor":16},{"not_picked":["Heavy Blade","ReplayReversal","Infernal Blade"],"picked":"SKIP","floor":18},{"not_picked":["Rampage","Cleave","Searing Blow"],"picked":"SKIP","floor":19}],"player_experience":513815,"relics_obtained":[{"floor":6,"key":"White Beast Statue"},{"floor":9,"key":"StuffTheSpire:GrapeVine"},{"floor":11,"key":"StuffTheSpire:Nightcore"},{"floor":15,"key":"Juzu Bracelet"},{"floor":22,"key":"Gremlin Food"}],"event_choices":[{"damage_healed":0,"gold_gain":0,"player_choice":"Trade","damage_taken":0,"relics_obtained":["SsserpentHead"],"max_hp_gain":0,"max_hp_loss":0,"event_name":"FaceTrader","floor":4,"gold_loss":0},{"damage_healed":0,"gold_gain":0,"player_choice":"Paid Gold","damage_taken":0,"relics_obtained":["MealTicket"],"max_hp_gain":0,"max_hp_loss":0,"event_name":"WeMeetAgain","floor":8,"gold_loss":73},{"damage_healed":0,"gold_gain":0,"player_choice":"Shed Blood","damage_taken":18,"max_hp_gain":5,"max_hp_loss":0,"event_name":"Forgotten Altar","floor":21,"gold_loss":0}],"is_beta":false,"boss_relics":[{"not_picked":["Coffee Dripper","Replay:Bronze Core","Snecko Eye"]}],"items_purged_floors":[12,20],"is_endless":false,"potions_floor_spawned":[2,6,11,13,14,16,18,19],"killed_by":"Slavers","ascension_level":6}}