{"host":"337p6miwxbqfki03","time":1608608964,"event":{"mods":["BaseMod","Better Third Choice","Colored Map","Conspire","Downfall","Hermit","Hubris","Minty Spire (QoL Compilation)","Replay The Spire","StSLib","The Cursed","The Hierophant","The Marked","The Necromancer","The Poker Player","The Sage","The Valiant","Unceasing Turn Reminder"],"gold_per_floor":[110,134,134,134,154,189,189,100,100,124,124,7,17,55,55,144,144,179,179,179,200,211,207,207],"floor_reached":23,"playtime":1156,"items_purged":[],"score":191,"play_id":"43fb588c-c985-4bff-b117-1bc2c48bd012","local_time":"20201221214922","is_ascension_mode":false,"campfire_choices":[{"floor":7,"key":"REST"},{"floor":11,"key":"REST"},{"floor":15,"key":"REST"}],"circlet_count":0,"master_deck":["hierophant:Strike_Hierophant","hierophant:Strike_Hierophant","hierophant:Strike_Hierophant","hierophant:Strike_Hierophant","hierophant:Punish","hierophant:Defend_Hierophant","hierophant:Defend_Hierophant","hierophant:Defend_Hierophant","hierophant:Defend_Hierophant","hierophant:ChurchCoffers","hierophant:OrnateJavelin","hierophant:SolarFlare","hierophant:Shelter","hierophant:LocustPlague","hierophant:Glossolalia","hierophant:ThreeLashes","hierophant:AuricBeam+1","hierophant:ThreeLashes+1","hierophant:Martyrdom","hierophant:OrnateBuckler","hierophant:Doubloon","hierophant:CursedGold","hierophant:DivineIntervention","hierophant:DisplayOfPower+1","expansioncontent:YouAreMine","hierophant:SealAway+1","hierophant:Shelter"],"relics":["hierophant:PropheticMaskRelic","NeowsBlessing","hubris:GlazedTorus","Smiling Mask","Molten Egg 2","hubris:TinFlute","Fusion Hammer"],"acts_visited":["Exordium","TheCity"],"potions_floor_usage":[16,23],"damage_taken":[{"damage":0,"enemies":"Small Slimes","floor":1,"turns":1},{"damage":0,"enemies":"Jaw Worm","floor":2,"turns":1},{"damage":0,"enemies":"2 Louse","floor":5,"turns":1},{"damage":35,"enemies":"3 Sentries","floor":6,"turns":9},{"damage":8,"enemies":"Lots of Slimes","floor":10,"turns":2},{"damage":23,"enemies":"Exordium Thugs","floor":13,"turns":3},{"damage":27,"enemies":"conspire:MimicChest","floor":14,"turns":6},{"damage":31,"enemies":"Hexaghost","floor":16,"turns":6},{"damage":5,"enemies":"3 Byrds","floor":18,"turns":2},{"damage":19,"enemies":"Spheric Guardian","floor":21,"turns":4},{"damage":11,"enemies":"Snecko","floor":22,"turns":4},{"damage":33,"enemies":"Slavers","floor":23,"turns":3}],"seed_played":"3365913950321903452","potions_obtained":[{"floor":1,"key":"Ancient Potion"},{"floor":13,"key":"SpeedPotion"},{"floor":14,"key":"FearPotion"},{"floor":16,"key":"sneckomod:MuddlingPotion"}],"is_trial":false,"path_per_floor":["M","M","?","?","M","E","R","$","T","M","R","$","M","?","R","B",null,"M","?","?","M","M","E"],"character_chosen":"HIEROPHANT","items_purchased":["hierophant:Glossolalia","hierophant:ThreeLashes","hierophant:ThreeLashes+1","hierophant:Martyrdom"],"campfire_rested":3,"item_purchase_floors":[8,8,12,12],"current_hp_per_floor":[75,75,80,62,62,27,51,51,51,43,67,67,44,17,41,10,80,75,75,63,44,33,0,0],"gold":207,"neow_bonus":"THREE_ENEMY_KILL","is_daily":false,"chose_seed":false,"campfire_upgraded":0,"win_rate":0.0,"timestamp":1608608962,"path_taken":["M","M","?","?","M","E","R","?","T","M","R","$","?","?","R","BOSS","M","?","?","?","M","E"],"items_purchased_type":["Card","Card","Card","Card"],"build_version":"2020-12-13","purchased_purges":0,"victory":false,"max_hp_per_floor":[75,75,80,80,80,80,80,80,80,80,80,80,80,80,80,80,80,80,80,80,80,80,80,80],"card_choices":[{"not_picked":["hierophant:Dazzle","hierophant:SealAway"],"picked":"hierophant:OrnateJavelin","floor":1},{"not_picked":["hierophant:SecretStash","hierophant:Encroach"],"picked":"hierophant:SolarFlare","floor":2},{"not_picked":["hierophant:RustyCrate","hierophant:WrathOfGod"],"picked":"hierophant:Shelter","floor":5},{"not_picked":["hierophant:MorningPrayer","hierophant:HolyVerse"],"picked":"hierophant:LocustPlague","floor":6},{"not_picked":["hierophant:FlamingChariot+1","hierophant:Alms"],"picked":"hierophant:AuricBeam+1","floor":10},{"not_picked":["hierophant:Bribe","hierophant:SealAway+1"],"picked":"hierophant:OrnateBuckler","floor":13},{"not_picked":["hierophant:Prophecy","hierophant:RecallFunds"],"picked":"hierophant:CursedGold","floor":14},{"not_picked":["hierophant:DeathKnell","hierophant:WrathOfGod+1"],"picked":"hierophant:DivineIntervention","floor":16},{"not_picked":["hierophant:Charity","hierophant:AuricShield+1"],"picked":"hierophant:DisplayOfPower+1","floor":18},{"not_picked":["hierophant:Repentance","hierophant:Shelter"],"picked":"hierophant:SealAway+1","floor":21},{"not_picked":["hierophant:SecretStash+1","hierophant:Doubloon"],"picked":"hierophant:Shelter","floor":22}],"player_experience":164426,"relics_obtained":[{"floor":6,"key":"Smiling Mask"},{"floor":9,"key":"Molten Egg 2"},{"floor":14,"key":"hubris:TinFlute"}],"event_choices":[{"damage_healed":0,"gold_gain":0,"player_choice":"Donut","damage_taken":0,"max_hp_gain":5,"max_hp_loss":0,"event_name":"Big Fish","floor":3,"gold_loss":0},{"damage_healed":0,"gold_gain":0,"player_choice":"Relic ","damage_taken":18,"max_hp_gain":0,"max_hp_loss":0,"event_name":"betterThird:BetterScrap","floor":4,"gold_loss":0,"cards_obtained":["Vengeance"]},{"damage_healed":0,"gold_gain":0,"player_choice":"Ignored","damage_taken":0,"max_hp_gain":0,"max_hp_loss":0,"event_name":"Ghosts","floor":19,"gold_loss":0},{"damage_healed":0,"gold_gain":0,"player_choice":"CARD ","damage_taken":12,"max_hp_gain":0,"max_hp_loss":0,"event_name":"Knowing Skull","floor":20,"potions_obtained":[],"gold_loss":0,"cards_obtained":["expansioncontent:YouAreMine"]}],"is_beta":false,"boss_relics":[{"not_picked":["Sozu","hubris:RunicObelisk"],"picked":"Fusion Hammer"}],"items_purged_floors":[],"is_endless":false,"potions_floor_spawned":[1,13,14,16,22],"killed_by":"Slavers","ascension_level":0}}