{"host":"Kdaddybrian","time":1608673350,"event":{"mods":["AchievementEnabler","BaseMod","Bestiary","Colored Powertips","Minty Spire (QoL Compilation)","Potion Indicator Mod","Quick Restart","Rare Cards Sparkle","Relic Stats","StSLib","Uncapped"],"gold_per_floor":[110,110,135,135,150,181,181,216,241,311,364,364,417,433,433,562,562,562,477,477,19,19,19,19,19,19,19,19,19,19,19,19,19,19,19,19,19,19,19,19],"floor_reached":39,"playtime":2212,"items_purged":["Strike_P"],"score":510,"play_id":"1291aa63-b9b6-4e74-a9b8-c1d4a85cd526","local_time":"20201222164230","is_ascension_mode":true,"campfire_choices":[{"data":"Wish","floor":7,"key":"SMITH"},{"floor":12,"key":"REST"},{"data":"ThirdEye","floor":15,"key":"SMITH"},{"data":"Omniscience","floor":24,"key":"SMITH"},{"floor":27,"key":"REST"},{"floor":32,"key":"REST"}],"circlet_count":0,"master_deck":["Strike_P","Defend_P","Defend_P","Defend_P","Defend_P","Eruption","Vigilance+1","CrushJoints","Prostrate","Judgement","FearNoEvil","Wish+1","InnerPeace+1","Conclude","ThirdEye+1","Crescendo","CutThroughFate","Omniscience+1","Prostrate","Apotheosis","Wallop","Consecrate","EmptyBody","Omniscience","LikeWater","EmptyFist+1","Ragnarok","Wireheading+1","Perseverance"],"relics":["PureWater","Ice Cream","Golden Idol","Potion Belt","War Paint","Omamori","Boot","Ectoplasm","Anchor","Bag of Marbles","Dream Catcher","Art of War","Shuriken","Sozu","Incense Burner"],"acts_visited":["Exordium","TheCity","TheBeyond"],"potions_floor_usage":[8,10,25,33,33],"damage_taken":[{"damage":2,"enemies":"Jaw Worm","floor":1,"turns":6},{"damage":0,"enemies":"2 Louse","floor":3,"turns":2},{"damage":0,"enemies":"Cultist","floor":5,"turns":2},{"damage":0,"enemies":"Lagavulin","floor":6,"turns":5},{"damage":12,"enemies":"Gremlin Nob","floor":8,"turns":4},{"damage":10,"enemies":"Lagavulin","floor":10,"turns":8},{"damage":2,"enemies":"Exordium Thugs","floor":11,"turns":4},{"damage":2,"enemies":"2 Fungi Beasts","floor":13,"turns":5},{"damage":8,"enemies":"Red Slaver","floor":14,"turns":4},{"damage":34,"enemies":"The Guardian","floor":16,"turns":11},{"damage":11,"enemies":"Spheric Guardian","floor":18,"turns":4},{"damage":2,"enemies":"Chosen","floor":22,"turns":4},{"damage":9,"enemies":"Book of Stabbing","floor":23,"turns":6},{"damage":45,"enemies":"Gremlin Leader","floor":25,"turns":6},{"damage":8,"enemies":"Sentry and Sphere","floor":28,"turns":5},{"damage":0,"enemies":"Centurion and Healer","floor":30,"turns":5},{"damage":24,"enemies":"Collector","floor":33,"turns":8},{"damage":0,"enemies":"Orb Walker","floor":35,"turns":2},{"damage":0,"enemies":"3 Shapes","floor":36,"turns":5},{"damage":45,"enemies":"2 Orb Walkers","floor":38,"turns":4},{"damage":39,"enemies":"Spire Growth","floor":39,"turns":3}],"seed_played":"5067755395522542201","potions_obtained":[{"floor":1,"key":"FearPotion"},{"floor":5,"key":"Fire Potion"},{"floor":6,"key":"Block Potion"},{"floor":13,"key":"EssenceOfSteel"},{"floor":14,"key":"SteroidPotion"},{"floor":22,"key":"Explosive Potion"},{"floor":25,"key":"LiquidBronze"},{"floor":30,"key":"LiquidBronze"}],"is_trial":false,"path_per_floor":["M","?","M","?","M","E","R","E","T","E","M","R","M","M","R","B",null,"M","?","?","$","M","E","R","E","T","R","M","$","M","?","R","B",null,"M","M","T","?","M"],"character_chosen":"WATCHER","items_purchased":["Apotheosis","Wallop","Bag of Marbles"],"campfire_rested":3,"item_purchase_floors":[21,21,21],"current_hp_per_floor":[63,60,60,60,60,60,60,48,48,38,36,54,52,44,44,10,60,49,49,60,60,58,49,49,4,4,22,14,14,14,14,32,8,60,60,60,60,15,0,0],"gold":19,"neow_bonus":"ONE_RARE_RELIC","is_daily":false,"chose_seed":false,"campfire_upgraded":3,"win_rate":0.0,"timestamp":1608673350,"path_taken":["M","?","M","?","M","E","R","E","T","E","?","R","M","M","R","BOSS","M","?","?","$","M","E","R","E","T","R","?","$","?","?","R","BOSS","M","M","?","?","M"],"items_purchased_type":["Card","Card","Relic"],"build_version":"2020-12-18","purchased_purges":1,"victory":false,"max_hp_per_floor":[65,60,60,60,60,60,60,60,60,60,60,60,60,60,60,60,60,60,60,60,60,60,60,60,60,60,60,60,60,60,60,60,60,60,60,60,60,60,60,60],"relic_stats":{"Sozu":1,"Dream Catcher":2,"counters":[21,103],"Golden Idol":144,"Shuriken":[6],"Ectoplasm":378,"Art of War":[5],"War Paint":["Vigilance","InnerPeace"],"Boot":[3],"obtain_stats":[{"Ice Cream":0,"Potion Belt":6,"Golden Idol":2,"Omamori":9,"Incense Burner":38,"War Paint":8,"Boot":10,"Sozu":34,"Anchor":19,"Dream Catcher":23,"Shuriken":26,"Ectoplasm":17,"Bag of Marbles":21,"Art of War":25,"PureWater":0},{"Ice Cream":0,"Potion Belt":4,"Golden Idol":1,"Omamori":5,"Incense Burner":20,"War Paint":5,"Boot":6,"Sozu":17,"Anchor":11,"Dream Catcher":13,"Shuriken":14,"Ectoplasm":10,"Bag of Marbles":11,"Art of War":14,"PureWater":0},{"Ice Cream":0,"Potion Belt":15,"Golden Idol":6,"Omamori":19,"Incense Burner":100,"War Paint":19,"Boot":27,"Sozu":89,"Anchor":55,"Dream Catcher":65,"Shuriken":71,"Ectoplasm":51,"Bag of Marbles":55,"Art of War":71,"PureWater":0}]},"card_choices":[{"not_picked":["Perseverance","EmptyBody"],"picked":"CrushJoints","floor":1},{"not_picked":["Weave","PathToVictory"],"picked":"Prostrate","floor":3},{"not_picked":["Evaluate","FollowUp"],"picked":"FearNoEvil","floor":5},{"not_picked":["Prostrate","Wireheading"],"picked":"Wish","floor":6},{"not_picked":["Meditate","FlurryOfBlows"],"picked":"InnerPeace","floor":8},{"not_picked":["JustLucky","EmptyFist"],"picked":"Conclude","floor":10},{"not_picked":["FlyingSleeves","Halt"],"picked":"ThirdEye","floor":11},{"not_picked":["FlurryOfBlows","EmptyFist"],"picked":"Crescendo","floor":13},{"not_picked":["CrushJoints","FlyingSleeves"],"picked":"CutThroughFate","floor":14},{"not_picked":["ConjureBlade","LessonLearned"],"picked":"Omniscience","floor":16},{"not_picked":["FlurryOfBlows","JustLucky"],"picked":"Prostrate","floor":18},{"not_picked":["FlurryOfBlows","SandsOfTime"],"picked":"Consecrate","floor":22},{"not_picked":["ForeignInfluence","BowlingBash","Perseverance"],"picked":"SKIP","floor":23},{"not_picked":["FlurryOfBlows+1","SashWhip","CrushJoints"],"picked":"SKIP","floor":25},{"not_picked":["FollowUp","PathToVictory"],"picked":"EmptyBody","floor":27},{"not_picked":["WaveOfTheHand","ThirdEye"],"picked":"Omniscience","floor":28},{"not_picked":["PathToVictory","Consecrate"],"picked":"LikeWater","floor":30},{"not_picked":["FlyingSleeves+1","PathToVictory"],"picked":"EmptyFist+1","floor":32},{"not_picked":["Alpha","Wish"],"picked":"Ragnarok","floor":33},{"not_picked":["PathToVictory","ForeignInfluence+1","FollowUp"],"picked":"SKIP","floor":35},{"not_picked":["CutThroughFate","ReachHeaven+1"],"picked":"Wireheading+1","floor":36},{"not_picked":["CrushJoints","SashWhip"],"picked":"Perseverance","floor":38}],"player_experience":2900844,"relics_obtained":[{"floor":6,"key":"Potion Belt"},{"floor":8,"key":"War Paint"},{"floor":9,"key":"Omamori"},{"floor":10,"key":"Boot"},{"floor":23,"key":"Dream Catcher"},{"floor":25,"key":"Art of War"},{"floor":26,"key":"Shuriken"},{"floor":38,"key":"Incense Burner"}],"event_choices":[{"damage_healed":0,"gold_gain":0,"player_choice":"Lose Max HP","damage_taken":0,"relics_obtained":["Golden Idol"],"max_hp_gain":0,"max_hp_loss":5,"event_name":"Golden Idol","floor":2,"gold_loss":0},{"damage_healed":0,"gold_gain":0,"cards_transformed":["Strike_P"],"player_choice":"Transformed","damage_taken":0,"max_hp_gain":0,"max_hp_loss":0,"event_name":"Transmorgrifier","floor":4,"gold_loss":0,"cards_obtained":["Judgement"]},{"damage_healed":0,"gold_gain":0,"player_choice":"Obtained Relic","damage_taken":0,"relics_obtained":["Anchor"],"max_hp_gain":0,"max_hp_loss":0,"event_name":"Addict","floor":19,"gold_loss":85},{"damage_healed":11,"gold_gain":0,"player_choice":"Full Heal","damage_taken":0,"max_hp_gain":0,"max_hp_loss":0,"event_name":"Wheel of Change","floor":20,"gold_loss":0},{"cards_removed":["Strike_P"],"damage_healed":0,"gold_gain":0,"player_choice":"Purged","damage_taken":0,"max_hp_gain":0,"max_hp_loss":0,"event_name":"Purifier","floor":31,"gold_loss":0},{"damage_healed":0,"gold_gain":0,"player_choice":"Fight","damage_taken":0,"max_hp_gain":0,"max_hp_loss":0,"event_name":"Mysterious Sphere","floor":38,"gold_loss":0}],"is_beta":true,"boss_relics":[{"not_picked":["Pandora\u0027s Box","SacredBark"],"picked":"Ectoplasm"},{"not_picked":["Empty Cage","SlaversCollar"],"picked":"Sozu"}],"items_purged_floors":[21],"is_endless":false,"potions_floor_spawned":[1,5,6,13,14,22,25,30,35],"killed_by":"Spire Growth","ascension_level":2}}