{"host":"m3txpv198clqze8f","time":1608643261,"event":{"mods":["ATMod(°¢èªMod)","Act Like it!","BaseMod","Colored Powertips","Friendly Minions","Marisa£¨ìFÓê¡¡Ä§ÀíÉ³£©","Minty Spire (QoL Compilation)","Quick Restart","StSLib","TestMod"],"gold_per_floor":[109,126,139,139,212,212,229,229,229,239,96,96,109,109,109,207,207,224,241,241,241,241,241,258,269,269,288,321,421,421,421,421,421,421],"floor_reached":33,"playtime":668,"items_purged":["Defend_P"],"score":307,"play_id":"29f476b4-f202-4dbe-b006-7226b720b64f","local_time":"20201222212101","is_ascension_mode":false,"campfire_choices":[{"data":"Tantrum","floor":6.0,"key":"SMITH"},{"data":"TalkToTheHand","floor":8.0,"key":"SMITH"},{"data":"TalkToTheHand","floor":15.0,"key":"SMITH"},{"data":"Adaptation","floor":23.0,"key":"SMITH"},{"floor":30.0,"key":"REST"},{"data":"SpiritShield","floor":32.0,"key":"SMITH"}],"circlet_count":0,"master_deck":["Strike_P","Strike_P","Defend_P","Eruption","Vigilance","Tantrum+1","TalkToTheHand+1","TalkToTheHand+1","Adaptation+1","FlurryOfBlows","DeusExMachina","FlurryOfBlows","BowlingBash","ThirdEye","SpiritShield+1"],"relics":["HolyWater"],"acts_visited":[],"potions_floor_usage":[],"damage_taken":[{"damage":0.0,"enemies":"Cultist","floor":1.0,"turns":3.0},{"damage":3.0,"enemies":"Jaw Worm","floor":2.0,"turns":3.0},{"damage":0.0,"enemies":"Small Slimes","floor":3.0,"turns":2.0},{"damage":0.0,"enemies":"Exordium Wildlife","floor":7.0,"turns":2.0},{"damage":31.0,"enemies":"Exordium Thugs","floor":10.0,"turns":3.0},{"damage":0.0,"enemies":"Large Slime","floor":13.0,"turns":4.0},{"damage":0.0,"enemies":"Slime Boss","floor":16.0,"turns":7.0},{"damage":0.0,"enemies":"2 Thieves","floor":18.0,"turns":2.0},{"damage":0.0,"enemies":"3 Byrds","floor":19.0,"turns":3.0},{"damage":11.0,"enemies":"Sentry and Sphere","floor":24.0,"turns":3.0},{"damage":1.0,"enemies":"Snecko","floor":25.0,"turns":3.0},{"damage":8.0,"enemies":"Snake Plant","floor":27.0,"turns":4.0},{"damage":19.0,"enemies":"Slavers","floor":28.0,"turns":4.0},{"damage":3.0,"enemies":"Colosseum Slavers","floor":29.0,"turns":3.0},{"damage":24.0,"enemies":"Colosseum Nobs","floor":29.0,"turns":3.0},{"damage":0,"enemies":"Collector","floor":33,"turns":1}],"seed_played":"8954722634086374584","potions_obtained":[{"floor":2.0,"key":"AttackPotion"},{"floor":7.0,"key":"FearPotion"},{"floor":13.0,"key":"FearPotion"},{"floor":18.0,"key":"BottledMiracle"},{"floor":28.0,"key":"Ambrosia"}],"is_trial":false,"path_per_floor":["M","M","M","?","T","R","M","R","T","M","$","?","M","?","R","B",null,"M","M","?","?","?","R","M","M","T","M","E","?","R","?","R","B"],"character_chosen":"WATCHER","items_purchased":["Adaptation"],"campfire_rested":1,"item_purchase_floors":[11],"current_hp_per_floor":[79,76,76,69,69,69,69,69,69,38,38,38,38,38,38,38,79,79,79,79,79,79,79,68,67,67,59,40,13,36,36,36,36,36],"gold":421,"neow_bonus":"TEN_PERCENT_HP_BONUS","is_daily":false,"chose_seed":false,"campfire_upgraded":5,"win_rate":0.0,"timestamp":1608643261,"path_taken":["M","M","?","?","?","R","M","R","T","M","$","?","?","?","R","BOSS","M","M","?","?","?","R","M","M","T","M","E","?","R","?","R","BOSS"],"items_purchased_type":["Card"],"build_version":"2020-12-13","purchased_purges":1,"victory":false,"max_hp_per_floor":[79,79,79,79,79,79,79,79,79,79,79,79,79,79,79,79,79,79,79,79,79,79,79,79,79,79,79,79,79,79,79,79,79,79],"card_choices":[{"not_picked":["ThirdEye","CutThroughFate"],"picked":"Tantrum","floor":1.0},{"not_picked":["JustLucky","PathToVictory","WindmillStrike"],"picked":"SKIP","floor":2.0},{"not_picked":["SignatureMove","Consecrate","FlyingSleeves"],"picked":"SKIP","floor":3.0},{"not_picked":["SashWhip","Perseverance"],"picked":"TalkToTheHand","floor":7.0},{"not_picked":["JustLucky","WheelKick"],"picked":"TalkToTheHand","floor":10.0},{"not_picked":["EmptyBody","CrushJoints"],"picked":"FlurryOfBlows","floor":13.0},{"not_picked":["Brilliance","Omniscience"],"picked":"DeusExMachina","floor":16.0},{"not_picked":["Tantrum","FlyingSleeves","ClearTheMind"],"picked":"SKIP","floor":18.0},{"not_picked":["Protect","CarveReality"],"picked":"FlurryOfBlows","floor":19.0},{"not_picked":["Meditate+1","FollowUp","Consecrate"],"picked":"SKIP","floor":24.0},{"not_picked":["FollowUp+1","Prostrate"],"picked":"SpiritShield","floor":25.0},{"not_picked":["Wallop+1","ThirdEye","Prostrate"],"picked":"SKIP","floor":27.0},{"not_picked":["Omniscience","WaveOfTheHand+1","WreathOfFlame"],"picked":"SKIP","floor":28.0}],"player_experience":159522,"relics_obtained":[],"event_choices":[{"cards_removed":["Strike_P"],"damage_healed":0.0,"max_hp_gain":0.0,"max_hp_loss":0.0,"gold_gain":0.0,"event_name":"Golden Wing","player_choice":"Card Removal","floor":4.0,"gold_loss":0.0,"damage_taken":7.0},{"damage_healed":0.0,"max_hp_gain":0.0,"max_hp_loss":0.0,"gold_gain":0.0,"event_name":"Match and Keep!","player_choice":"0 cards matched","floor":12.0,"gold_loss":0.0,"damage_taken":0.0,"cards_obtained":[]},{"cards_removed":["Defend_P"],"damage_healed":0.0,"max_hp_gain":0.0,"max_hp_loss":0.0,"gold_gain":0.0,"event_name":"Bonfire Elementals","player_choice":"Offered Basic","floor":14.0,"gold_loss":0.0,"damage_taken":0.0},{"damage_healed":0.0,"max_hp_gain":0.0,"max_hp_loss":0.0,"gold_gain":0.0,"cards_transformed":["Strike_P","Defend_P"],"event_name":"Drug Dealer","player_choice":"Became Test Subject","floor":20.0,"gold_loss":0.0,"damage_taken":0.0,"cards_obtained":["BowlingBash","ThirdEye"]},{"damage_healed":0.0,"max_hp_gain":0.0,"max_hp_loss":0.0,"gold_gain":0.0,"event_name":"Cursed Tome","player_choice":"Ignored","floor":22.0,"gold_loss":0.0,"damage_taken":0.0},{"damage_healed":0.0,"max_hp_gain":0.0,"max_hp_loss":0.0,"gold_gain":0.0,"event_name":"Colosseum","player_choice":"Fight","floor":29.0,"gold_loss":0.0,"damage_taken":0.0},{"damage_healed":0.0,"max_hp_gain":0.0,"max_hp_loss":0.0,"gold_gain":0.0,"event_name":"Colosseum","player_choice":"Fought Nobs","floor":29.0,"gold_loss":0.0,"damage_taken":0.0},{"damage_healed":0.0,"max_hp_gain":0.0,"max_hp_loss":0.0,"gold_gain":0.0,"event_name":"Vampires","player_choice":"Ignored","floor":31.0,"gold_loss":0.0,"damage_taken":0.0}],"is_beta":false,"boss_relics":[{"not_picked":["Coffee Dripper","Runic Pyramid"],"picked":"HolyWater"}],"items_purged_floors":[11],"is_endless":false,"potions_floor_spawned":[2,7,13,18,19,24,28,29],"killed_by":"Collector","ascension_level":0}}