{"host":"uiaocagxbjlinul0","time":1608595722,"event":{"mods":["Act Like it!","BaseMod","Better Match","Block Reminder","CapriCore","ChefMod","GifTheSpireLib","Hallownest","Hermit","Minty Spire (QoL Compilation)","Quick Restart","Robot Space Explorer","Shade Mod","StSLib","Stuff the Spire","The Animator","The Bug Knight","The Death Knight","The Dragon Tamer","The Forsaken","The Immortal","The Marked","TheSwordswoman","TheVacant","Wandering Minibosses"],"gold_per_floor":[115,3,18,18,18,45,45,55,55,230,245,245,263,279,279,381,381,391,301,301,301,316,342,173,173,173,207,236,236,268,280,280,381,381,392,409,409,429,442,461,473,473,473,473,473],"floor_reached":44,"playtime":2687,"items_purged":["theMarked:Strike","theMarked:Strike"],"score":497,"play_id":"0bc8e1e4-5875-4ea3-b6de-af0939620c4c","local_time":"20201221160842","is_ascension_mode":false,"campfire_choices":[{"data":"theMarked:Electrify","floor":12,"key":"SMITH"},{"data":"theMarked:Indomitable","floor":15,"key":"SMITH"},{"data":"theMarked:ComboAttacks","floor":25,"key":"SMITH"},{"data":"theMarked:StartUp","floor":32,"key":"SMITH"},{"floor":42,"key":"REST"}],"circlet_count":0,"master_deck":["theMarked:Strike","theMarked:Strike","theMarked:Strike","theMarked:Defend","theMarked:Defend","theMarked:Defend","theMarked:Defend","theMarked:SoldierOfQuellstein","theMarked:HeightenedSenses","theMarked:Opportunist","theMarked:EmpowerWeapon+1","theMarked:Indomitable+1","theMarked:ElectricStrings","Doubt","theMarked:Electrify+1","theMarked:SwordAndMagic","theMarked:SoldierForm","theMarked:Panic","theMarked:StartUp+1","theMarked:Aftermath","theMarked:ComboAttacks+1","Clumsy","theMarked:WastefulAttack","theMarked:ChainLightning","theMarked:Panic","theMarked:FavorableWinds","theMarked:RogueSparks+1","theMarked:EmpowerWeapon","theMarked:KeepCalmAndFightOn+1","theMarked:ElectricStrings+1","animator:Curse_Nutcracker"],"relics":["theMarked:ArtifactOfAir","theForsaken:Lifeblossom","theForsaken:ScaryMask","Pocketwatch","Cursed Key","Hallownest:StagBellRelic1","Red Mask","Mummified Hand","Question Card","StuffTheSpire:Expresso","Hallownest:NailmastersGloryRelic","Akabeko","Black Star","Smiling Mask"],"acts_visited":["Exordium","Hallownest:CityofTears","Hallownest:KingdomsEdge"],"potions_floor_usage":[6,14,16,23,27,33,33,40,44,44],"damage_taken":[{"damage":5,"enemies":"Cultist","floor":1,"turns":4},{"damage":5,"enemies":"Jaw Worm","floor":3,"turns":4},{"damage":9,"enemies":"3 Sentries","floor":6,"turns":7},{"damage":0,"enemies":"2 Louse","floor":8,"turns":3},{"damage":9,"enemies":"Exordium Wildlife","floor":11,"turns":4},{"damage":14,"enemies":"Blue Slaver","floor":13,"turns":6},{"damage":16,"enemies":"3 Louse","floor":14,"turns":3},{"damage":20,"enemies":"Slime Boss","floor":16,"turns":8},{"damage":14,"enemies":"Hallownest:2_Mistakes","floor":18,"turns":5},{"damage":0,"enemies":"Hallownest:3_Youths","floor":22,"turns":6},{"damage":8,"enemies":"Hallownest:Nosk","floor":23,"turns":6},{"damage":25,"enemies":"Hallownest:eliteWatcherKnight","floor":27,"turns":10},{"damage":14,"enemies":"Hallownest:Glutton_and_Coward","floor":28,"turns":3},{"damage":0,"enemies":"Hallownest:Nosk","floor":30,"turns":5},{"damage":16,"enemies":"Hallownest:2_Husk_Sentries","floor":31,"turns":7},{"damage":40,"enemies":"Hallownest:BossGrimm","floor":33,"turns":7},{"damage":11,"enemies":"Hallownest:Shield_Heavy","floor":35,"turns":3},{"damage":35,"enemies":"Hallownest:2_Littles","floor":36,"turns":5},{"damage":23,"enemies":"Hallownest:Xero_Hu_Marmu","floor":38,"turns":9},{"damage":3,"enemies":"Hallownest:2_Great","floor":39,"turns":5},{"damage":13,"enemies":"Hallownest:2_Soldiers_and_1_Guardian","floor":40,"turns":8},{"damage":34,"enemies":"Hallownest:monsterPrimalAspid","floor":41,"turns":5},{"damage":2,"enemies":"Hallownest:monsterPrimalAspid","floor":44,"turns":4},{"damage":21,"enemies":"Hallownest:monsterPrimalAspid","floor":44,"turns":5},{"damage":31,"enemies":"Hallownest:monsterPrimalAspid","floor":44,"turns":4}],"seed_played":"-1058316414439835647","potions_obtained":[{"floor":1,"key":"BlessingOfTheForge"},{"floor":11,"key":"FearPotion"},{"floor":13,"key":"PowerPotion"},{"floor":18,"key":"DeathKnight:RimePotion"},{"floor":22,"key":"Dexterity Potion"},{"floor":30,"key":"Energy Potion"},{"floor":31,"key":"ColorlessPotion"},{"floor":38,"key":"Regen Potion"},{"floor":40,"key":"Explosive Potion"},{"floor":41,"key":"Ancient Potion"}],"is_trial":false,"path_per_floor":["M","$","M","$","?","E","T","M","T","?","M","R","M","M","R","B",null,"M","?","?","?","M","E","$","R","T","E","M","?","E","M","R","B",null,"M","M","?","M","M","M","M","R","T","?"],"character_chosen":"THE_DEFAULT","items_purchased":["theMarked:Opportunist","theMarked:ComboAttacks"],"campfire_rested":1,"item_purchase_floors":[2,24],"current_hp_per_floor":[72,72,67,67,67,58,58,63,63,63,60,60,52,41,41,27,77,66,66,66,66,72,69,69,69,69,50,41,41,47,37,37,3,77,66,37,37,20,23,40,12,35,35,0,0],"gold":473,"neow_bonus":"TEN_PERCENT_HP_BONUS","is_daily":false,"chose_seed":false,"campfire_upgraded":4,"win_rate":0.0,"timestamp":1608595722,"path_taken":["M","?","?","$","?","E","?","M","T","?","M","R","?","M","R","BOSS","M","?","?","?","M","E","$","R","T","E","M","?","E","M","R","BOSS","M","M","?","M","M","M","M","R","T","?"],"items_purchased_type":["Card","Card"],"build_version":"2020-12-13","purchased_purges":2,"victory":false,"max_hp_per_floor":[77,77,77,77,77,77,77,77,77,77,77,77,77,77,77,77,77,77,77,77,77,77,77,77,77,77,77,77,77,77,77,77,77,77,77,77,77,77,77,77,77,77,77,77,77],"card_choices":[{"not_picked":["theMarked:PowerFlow","theMarked:WastefulAttack"],"picked":"theMarked:HeightenedSenses","floor":1},{"not_picked":["theMarked:SwordAndMagic","theMarked:Static"],"picked":"theMarked:EmpowerWeapon","floor":3},{"not_picked":["theMarked:PowerFlow","theMarked:TurnInvisible"],"picked":"theMarked:Indomitable","floor":6},{"not_picked":["theMarked:MaelstromOfLightning","theMarked:MagicAdept"],"picked":"theMarked:ElectricStrings","floor":8},{"not_picked":["theMarked:ElectricStrings","theMarked:WastefulAttack"],"picked":"theMarked:Electrify","floor":11},{"not_picked":["theMarked:ReduceFriction","theMarked:BanishingStrike","theMarked:Improvise"],"picked":"SKIP","floor":13},{"not_picked":["theMarked:Parkour","theMarked:MysticalArsenal"],"picked":"theMarked:SwordAndMagic","floor":14},{"not_picked":["theMarked:TurnInvisible","theMarked:UnarmedFury"],"picked":"theMarked:SoldierForm","floor":16},{"not_picked":["theMarked:Overthink","theMarked:RepellingDischarge"],"picked":"theMarked:Panic","floor":18},{"not_picked":["theMarked:Reabsorb","theMarked:Indomitable"],"picked":"theMarked:StartUp","floor":22},{"not_picked":["theMarked:Static","theMarked:WastefulDefense+1"],"picked":"theMarked:Aftermath","floor":23},{"not_picked":["theMarked:Reabsorb","theMarked:Improvise","theMarked:Static"],"picked":"theMarked:WastefulAttack","floor":27},{"not_picked":["theMarked:Frustration","theMarked:Electrocute","theMarked:Static+1"],"picked":"theMarked:ChainLightning","floor":28},{"not_picked":["theMarked:UnarmedFury","theMarked:WardOff","theMarked:ChainLightning"],"picked":"theMarked:Panic","floor":30},{"not_picked":["theMarked:Convert+1","theMarked:SelfDefenseTraining","theMarked:BanishingWave","theMarked:SwordAndMagic"],"picked":"SKIP","floor":31},{"not_picked":["theMarked:UnarmedFury","theMarked:BindingBlade","theMarked:DispelDoubt"],"picked":"theMarked:FavorableWinds","floor":33},{"not_picked":["theMarked:WastefulAttack+1","theMarked:TwofoldDefense+1","theMarked:EmpowerWeapon"],"picked":"theMarked:RogueSparks+1","floor":35},{"not_picked":["theMarked:GodGivenPower","theMarked:Convert+1","theMarked:Generate+1","theMarked:Seal"],"picked":"SKIP","floor":36},{"not_picked":["theMarked:ComboAttacks+1","theMarked:Seal+1","theMarked:PowerFlow+1","theMarked:SwordAndMagic+1"],"picked":"SKIP","floor":38},{"not_picked":["theMarked:Aftermath","theMarked:Electrocute","theMarked:ResourceFulStrike"],"picked":"theMarked:EmpowerWeapon","floor":39},{"not_picked":["theMarked:TakeCover","theMarked:BanishingStrike+1","theMarked:BanishingWave+1"],"picked":"theMarked:KeepCalmAndFightOn+1","floor":40},{"not_picked":["theMarked:Seal","theMarked:BanishingStrike","theMarked:RepellingDischarge"],"picked":"theMarked:ElectricStrings+1","floor":41}],"player_experience":187694,"relics_obtained":[{"floor":6,"key":"theForsaken:Lifeblossom"},{"floor":7,"key":"theForsaken:ScaryMask"},{"floor":9,"key":"Pocketwatch"},{"floor":23,"key":"Mummified Hand"},{"floor":26,"key":"Question Card"},{"floor":27,"key":"StuffTheSpire:Expresso"},{"floor":30,"key":"Akabeko"},{"floor":43,"key":"Smiling Mask"}],"event_choices":[{"damage_healed":0,"gold_gain":0,"player_choice":"Grow","damage_taken":0,"max_hp_gain":0,"max_hp_loss":0,"event_name":"Living Wall","floor":5,"gold_loss":0,"cards_upgraded":["theMarked:EmpowerWeapon"]},{"damage_healed":0,"gold_gain":175,"player_choice":"AGREE","damage_taken":0,"max_hp_gain":0,"max_hp_loss":0,"event_name":"Liars Game","floor":10,"gold_loss":0,"cards_obtained":["Doubt"]}],"is_beta":false,"boss_relics":[{"not_picked":["Fusion Hammer","theForsaken:PaleLantern"],"picked":"Cursed Key"},{"not_picked":["StuffTheSpire:Kangaroo","Tiny House"],"picked":"Black Star"}],"items_purged_floors":[2,24],"is_endless":false,"potions_floor_spawned":[1,11,13,18,22,30,31,38,40,41],"killed_by":"Hallownest:monsterPrimalAspid","ascension_level":0}}