{"host":"y76clbnovzmw9ubx","time":1608647345,"event":{"mods":["AchievementEnabler","BaseMod","Minty Spire (QoL Compilation)","Permanent Neow","Relic Stats"],"gold_per_floor":[116,130,130,148,162,162,187,187,238,238,248,265,94,111,111,190,190,207,226,226,246,265,265,265],"floor_reached":23,"playtime":1746,"items_purged":["Strike_R"],"score":394,"play_id":"95edd23d-2ad4-4e7b-921a-f61a5ee8244a","local_time":"20201222092905","is_ascension_mode":true,"campfire_choices":[{"floor":6,"key":"REST"},{"data":"Anger","floor":8,"key":"SMITH"},{"data":"Second Wind","floor":10,"key":"SMITH"},{"data":"Flame Barrier","floor":15,"key":"SMITH"}],"circlet_count":0,"master_deck":["AscendersBane","Strike_R","Strike_R","Strike_R","Strike_R","Defend_R","Defend_R","Defend_R","Defend_R","Bash","Evolve","Anger+1","Pommel Strike","Second Wind+1","Feel No Pain","True Grit","Flame Barrier+1","Immolate","True Grit","Dark Embrace"],"relics":["Burning Blood","Meat on the Bone","Oddly Smooth Stone","Sozu"],"acts_visited":["Exordium","TheCity"],"potions_floor_usage":[11,16,16],"damage_taken":[{"damage":16,"enemies":"Jaw Worm","floor":1,"turns":4},{"damage":7,"enemies":"Cultist","floor":2,"turns":4},{"damage":4,"enemies":"2 Louse","floor":4,"turns":3},{"damage":50,"enemies":"Exordium Thugs","floor":5,"turns":7},{"damage":20,"enemies":"3 Sentries","floor":7,"turns":11},{"damage":9,"enemies":"2 Fungi Beasts","floor":11,"turns":3},{"damage":3,"enemies":"Looter","floor":12,"turns":3},{"damage":15,"enemies":"Large Slime","floor":14,"turns":6},{"damage":46,"enemies":"Hexaghost","floor":16,"turns":11},{"damage":30,"enemies":"2 Thieves","floor":18,"turns":4},{"damage":19,"enemies":"3 Byrds","floor":19,"turns":5},{"damage":38,"enemies":"Centurion and Healer","floor":21,"turns":14},{"damage":35,"enemies":"Sentry and Sphere","floor":22,"turns":7},{"damage":46,"enemies":"Slavers","floor":23,"turns":6}],"seed_played":"-6559165034270233325","potions_obtained":[{"floor":1,"key":"FearPotion"},{"floor":3,"key":"Explosive Potion"},{"floor":14,"key":"EssenceOfSteel"},{"floor":16,"key":"CultistPotion"}],"is_trial":false,"path_per_floor":["M","M","?","M","M","R","E","R","T","R","M","M","$","M","R","B",null,"M","M","?","M","M","E"],"character_chosen":"IRONCLAD","items_purchased":["Feel No Pain","True Grit"],"campfire_rested":1,"item_purchase_floors":[13,13],"current_hp_per_floor":[58,57,57,59,15,37,23,23,23,23,32,47,47,50,50,22,62,50,49,85,53,36,0,0],"gold":265,"neow_bonus":"ONE_RANDOM_RARE_CARD","is_daily":false,"chose_seed":false,"campfire_upgraded":3,"win_rate":0.0,"timestamp":1608647345,"path_taken":["M","M","?","?","M","R","E","R","T","R","M","M","$","M","R","BOSS","M","M","?","M","M","E"],"items_purchased_type":["Card","Card"],"build_version":"2020-12-13","purchased_purges":1,"victory":false,"max_hp_per_floor":[75,75,75,75,75,75,75,75,75,75,75,75,75,75,75,75,75,75,75,85,85,85,85,85],"relic_stats":{"Sozu":2,"counters":[14,88],"obtain_stats":[{"Sozu":17,"Oddly Smooth Stone":9,"Burning Blood":0,"Meat on the Bone":7},{"Sozu":9,"Oddly Smooth Stone":5,"Burning Blood":0,"Meat on the Bone":5},{"Sozu":52,"Oddly Smooth Stone":29,"Burning Blood":0,"Meat on the Bone":29}],"Burning Blood":78,"Meat on the Bone":84},"card_choices":[{"not_picked":["Warcry","Perfected Strike"],"picked":"Evolve","floor":1},{"not_picked":["Seeing Red","Carnage"],"picked":"Anger","floor":2},{"not_picked":["Headbutt","Sword Boomerang"],"picked":"Pommel Strike","floor":4},{"not_picked":["Pummel","Iron Wave"],"picked":"Second Wind","floor":5},{"not_picked":["Havoc","Iron Wave","Rage"],"picked":"SKIP","floor":7},{"not_picked":["Clash","Corruption","Shockwave"],"picked":"SKIP","floor":11},{"not_picked":["Iron Wave","Headbutt","Flex"],"picked":"SKIP","floor":12},{"not_picked":["Hemokinesis","Infernal Blade"],"picked":"Flame Barrier","floor":14},{"not_picked":["Bludgeon","Corruption"],"picked":"Immolate","floor":16},{"not_picked":["Iron Wave","Twin Strike"],"picked":"True Grit","floor":18},{"not_picked":["Body Slam","Rage","Clash"],"picked":"SKIP","floor":19},{"not_picked":["Blood for Blood","Clothesline","Shrug It Off"],"picked":"SKIP","floor":21},{"not_picked":["Iron Wave","Sword Boomerang+1"],"picked":"Dark Embrace","floor":22}],"player_experience":2950314,"relics_obtained":[{"floor":7,"key":"Meat on the Bone"},{"floor":9,"key":"Oddly Smooth Stone"}],"event_choices":[{"damage_healed":0,"gold_gain":0,"player_choice":"Got Potions","damage_taken":0,"max_hp_gain":0,"max_hp_loss":0,"event_name":"Lab","floor":3,"gold_loss":0},{"cards_removed":["Exhume"],"damage_healed":26,"gold_gain":0,"player_choice":"Offered Rare","damage_taken":0,"max_hp_gain":10,"max_hp_loss":0,"event_name":"Bonfire Elementals","floor":20,"gold_loss":0}],"is_beta":false,"boss_relics":[{"not_picked":["Black Blood","Velvet Choker"],"picked":"Sozu"}],"items_purged_floors":[13],"is_endless":false,"potions_floor_spawned":[1,5,7,14,16,19,22],"killed_by":"Slavers","ascension_level":20}}