{"host":"n4fty02wqqi95laq","time":1608616209,"event":{"mods":["BaseMod","Highlight Path","Minty Spire (QoL Compilation)","Quick Restart","Rare Cards Sparkle","StSLib"],"gold_per_floor":[113,113,113,38,58,58,89,109,109,109,109,130,80,99,99,190,190,209,209,224,133,152,152,168,168,168,168,179,207,207,220,220,291,291,309,92,92,106,125,125,125],"floor_reached":40,"playtime":1626,"items_purged":["Strike_G","Strike_G","Heel Hook"],"score":866,"play_id":"7f0b800e-0879-470a-919e-02bead4bd4c2","local_time":"20201222135009","is_ascension_mode":true,"campfire_choices":[{"data":"Neutralize","floor":6.0,"key":"SMITH"},{"data":"Blade Dance","floor":10.0,"key":"SMITH"},{"data":"Accuracy","floor":15.0,"key":"SMITH"},{"data":"Calculated Gamble","floor":23.0,"key":"SMITH"},{"data":"Terror","floor":27.0,"key":"SMITH"},{"data":"Cloak And Dagger","floor":30.0,"key":"SMITH"},{"data":"Reflex","floor":32.0,"key":"SMITH"}],"circlet_count":0,"master_deck":["AscendersBane","Defend_G","Defend_G","Defend_G","Defend_G","Survivor","Neutralize+1","Blade Dance+1","Reflex+1","Crippling Poison","Accuracy+1","Footwork","After Image","Calculated Gamble+1","Terror+1","Cloak And Dagger+1","Doppelganger","Pray"],"relics":["Ring of the Snake","NeowsBlessing","Bloody Idol","Smiling Mask","Pantograph","Coffee Dripper","Molten Egg 2","Empty Cage","PrismaticShard"],"acts_visited":["Exordium","TheCity","TheBeyond"],"potions_floor_usage":[],"damage_taken":[{"damage":0.0,"enemies":"2 Louse","floor":1.0,"turns":1.0},{"damage":0.0,"enemies":"Jaw Worm","floor":5.0,"turns":1.0},{"damage":0.0,"enemies":"Gremlin Nob","floor":7.0,"turns":1.0},{"damage":1.0,"enemies":"Cultist","floor":8.0,"turns":3.0},{"damage":2.0,"enemies":"3 Louse","floor":12.0,"turns":2.0},{"damage":2.0,"enemies":"Exordium Wildlife","floor":14.0,"turns":3.0},{"damage":21.0,"enemies":"Slime Boss","floor":16.0,"turns":9.0},{"damage":8.0,"enemies":"Spheric Guardian","floor":18.0,"turns":4.0},{"damage":4.0,"enemies":"2 Thieves","floor":20.0,"turns":4.0},{"damage":10.0,"enemies":"Snake Plant","floor":22.0,"turns":5.0},{"damage":19.0,"enemies":"Snecko","floor":24.0,"turns":6.0},{"damage":0.0,"enemies":"Centurion and Healer","floor":28.0,"turns":6.0},{"damage":22.0,"enemies":"Book of Stabbing","floor":29.0,"turns":5.0},{"damage":9.0,"enemies":"3 Cultists","floor":31.0,"turns":5.0},{"damage":13.0,"enemies":"Collector","floor":33.0,"turns":10.0},{"damage":2.0,"enemies":"Orb Walker","floor":35.0,"turns":4.0},{"damage":5.0,"enemies":"3 Shapes","floor":38.0,"turns":5.0},{"damage":5.0,"enemies":"Sphere and 2 Shapes","floor":39.0,"turns":5.0},{"damage":88,"enemies":"Nemesis","floor":40,"turns":6}],"seed_played":"-3061371634342413345","potions_obtained":[{"floor":1.0,"key":"Poison Potion"},{"floor":8.0,"key":"Energy Potion"},{"floor":14.0,"key":"DistilledChaos"},{"floor":18.0,"key":"FairyPotion"},{"floor":33.0,"key":"Poison Potion"},{"floor":35.0,"key":"Block Potion"}],"is_trial":false,"path_per_floor":["M","?","?","?","M","R","E","M","T","R","?","M","$","M","R","B",null,"M","?","M","$","M","R","M","?","T","R","M","E","R","M","R","B",null,"M","$","?","M","M","E"],"character_chosen":"THE_SILENT","items_purchased":["Terror","PrismaticShard"],"campfire_rested":0,"item_purchase_floors":[21,36],"current_hp_per_floor":[59,64,64,64,64,64,64,63,63,63,63,61,61,59,59,43,59,51,51,47,47,37,37,18,18,18,18,23,6,6,24,24,41,58,61,61,61,61,61,0,0],"gold":125,"neow_bonus":"THREE_ENEMY_KILL","is_daily":false,"chose_seed":false,"campfire_upgraded":7,"win_rate":0.0,"timestamp":1608616209,"path_taken":["M","?","?","?","?","R","E","M","T","R","?","M","?","?","R","BOSS","M","?","M","$","M","R","M","?","T","R","M","E","R","M","R","BOSS","M","$","?","M","M","E"],"items_purchased_type":["Card","Relic"],"build_version":"2020-12-13","purchased_purges":3,"victory":false,"max_hp_per_floor":[66,71,64,64,64,64,64,64,64,64,64,64,64,64,64,64,64,64,64,64,64,64,64,64,64,64,64,64,64,64,64,64,64,64,64,64,64,64,64,64,64],"card_choices":[{"not_picked":["Deadly Poison","Dodge and Roll"],"picked":"Heel Hook","floor":1.0},{"not_picked":["Prepared","Acrobatics"],"picked":"Blade Dance","floor":5.0},{"not_picked":["Poisoned Stab","Prepared","Blur"],"picked":"SKIP","floor":7.0},{"not_picked":["Setup","Deflect"],"picked":"Reflex","floor":8.0},{"not_picked":["Underhanded Strike","Slice"],"picked":"Accuracy","floor":12.0},{"not_picked":["Dagger Throw","Quick Slash"],"picked":"Footwork","floor":14.0},{"not_picked":["Doppelganger","Bullet Time"],"picked":"After Image","floor":16.0},{"not_picked":["PiercingWail","Deflect"],"picked":"Calculated Gamble","floor":18.0},{"not_picked":["Leg Sweep","Choke","Dagger Throw"],"picked":"SKIP","floor":20.0},{"not_picked":["Catalyst","Outmaneuver"],"picked":"Cloak And Dagger","floor":22.0},{"not_picked":["Escape Plan","Cloak And Dagger","Sucker Punch"],"picked":"SKIP","floor":24.0},{"not_picked":["Dagger Spray","Blade Dance","Quick Slash"],"picked":"SKIP","floor":28.0},{"not_picked":["Caltrops+1","A Thousand Cuts","Distraction"],"picked":"SKIP","floor":29.0},{"not_picked":["Dagger Spray+1","Quick Slash+1","Dagger Throw+1"],"picked":"SKIP","floor":31.0},{"not_picked":["Tools of the Trade","Envenom"],"picked":"Doppelganger","floor":33.0},{"not_picked":["Slice+1","Bane+1","Crippling Poison"],"picked":"SKIP","floor":35.0},{"not_picked":["Iron Wave+1","Reinforced Body"],"picked":"Pray","floor":38.0},{"not_picked":["Bane+1","SashWhip+1","Calculated Gamble"],"picked":"SKIP","floor":39.0}],"player_experience":629728,"relics_obtained":[{"floor":7.0,"key":"Smiling Mask"},{"floor":9.0,"key":"Pantograph"},{"floor":29.0,"key":"Molten Egg 2"}],"event_choices":[{"damage_healed":0.0,"max_hp_gain":5.0,"max_hp_loss":0.0,"gold_gain":0.0,"event_name":"Big Fish","player_choice":"Donut","floor":2.0,"gold_loss":0.0,"damage_taken":0.0},{"damage_healed":0.0,"max_hp_gain":0.0,"max_hp_loss":7.0,"gold_gain":0.0,"event_name":"Golden Idol","player_choice":"Lose Max HP","floor":3.0,"gold_loss":0.0,"damage_taken":0.0,"relics_obtained":["Golden Idol"]},{"cards_removed":["Strike_G"],"damage_healed":0.0,"max_hp_gain":0.0,"max_hp_loss":0.0,"gold_gain":0.0,"event_name":"The Cleric","player_choice":"Card Removal","floor":4.0,"gold_loss":75.0,"damage_taken":0.0},{"damage_healed":0.0,"max_hp_gain":0.0,"max_hp_loss":0.0,"gold_gain":0.0,"cards_transformed":["Strike_G"],"event_name":"Living Wall","player_choice":"Change","floor":11.0,"gold_loss":0.0,"damage_taken":0.0,"cards_obtained":["Crippling Poison"]},{"damage_healed":0.0,"max_hp_gain":0.0,"max_hp_loss":0.0,"gold_gain":0.0,"event_name":"The Mausoleum","player_choice":"Ignored","floor":19.0,"gold_loss":0.0,"damage_taken":0.0},{"damage_healed":0.0,"max_hp_gain":0.0,"max_hp_loss":0.0,"gold_gain":0.0,"event_name":"Forgotten Altar","player_choice":"Gave Idol","floor":25.0,"relics_lost":["Golden Idol"],"gold_loss":0.0,"damage_taken":0.0,"relics_obtained":["Bloody Idol"]},{"damage_healed":0.0,"max_hp_gain":0.0,"max_hp_loss":0.0,"gold_gain":0.0,"event_name":"Tomb of Lord Red Mask","player_choice":"Ignored","floor":37.0,"gold_loss":0.0,"damage_taken":0.0}],"is_beta":false,"boss_relics":[{"not_picked":["Cursed Key","Ectoplasm"],"picked":"Coffee Dripper"},{"not_picked":["Black Star","SacredBark"],"picked":"Empty Cage"}],"items_purged_floors":[13,21,36],"is_endless":false,"potions_floor_spawned":[1,8,14,18,28,33,35],"killed_by":"Nemesis","ascension_level":20}}