{"host":"m3qxensetu6036ua","time":1608634825,"event":{"mods":["2.2 Compatiblity","AchievementEnabler","BaseMod","Better Altar","Better Match","Better Sensory Stone","Better Skull","Better Third Choice","Better Vampires","Block Reminder","Colored Powertips","Displayed Cursed Tome","Hubris","Jedi Mod","Minty Spire (QoL Compilation)","Rare Cards Sparkle","Remove Card Discount Mod","Replay The Spire","Spicy Shops","StSLib","The Bug Knight"],"gold_per_floor":[118,118,130,130,141,175,113,113,136,136,136,146,158,185,185,288,288,299,318,318,338,366,391,391,391],"floor_reached":24,"playtime":1165,"items_purged":["Injury"],"score":226,"play_id":"2bd0379d-f070-4a14-a3c9-5651cad11e58","local_time":"20201222120025","is_ascension_mode":false,"campfire_choices":[{"data":"Spot Weakness","floor":8,"key":"SMITH"},{"floor":15,"key":"REST"}],"circlet_count":0,"master_deck":["Strike_R","Strike_R","Strike_R","Strike_R","Defend_R","Defend_R","Defend_R","Defend_R","Bash","Inflame","Spot Weakness+1","Cleave","Sword Boomerang","Whirlwind","Disarm","Rampage","Heavy Blade"],"relics":["Burning Blood","NeowsBlessing","Vajra","Sling","hubris:OldNail","jedi:archwizardhat","King of Hearts","hubris:SphereOfDissonance","Ring of Chaos","Red Mask","jedi:shrinkray"],"acts_visited":["Exordium","TheCity"],"potions_floor_usage":[16,16,16,19,22,24],"damage_taken":[{"damage":0,"enemies":"2 Louse","floor":1,"turns":1},{"damage":0,"enemies":"Cultist","floor":3,"turns":1},{"damage":0,"enemies":"Small Slimes","floor":5,"turns":1},{"damage":31,"enemies":"3 Sentries","floor":6,"turns":6},{"damage":4,"enemies":"Blue Slaver","floor":12,"turns":3},{"damage":1,"enemies":"3 Louse","floor":13,"turns":2},{"damage":24,"enemies":"Lagavulin","floor":14,"turns":4},{"damage":34,"enemies":"Hexaghost","floor":16,"turns":5},{"damage":7,"enemies":"3 Byrds","floor":18,"turns":3},{"damage":32,"enemies":"Spheric Guardian","floor":19,"turns":4},{"damage":10,"enemies":"Cultist and Chosen","floor":21,"turns":3},{"damage":32,"enemies":"Masked Bandits","floor":22,"turns":3},{"damage":19,"enemies":"Gremlin Leader","floor":23,"turns":4},{"damage":26,"enemies":"Shelled Parasite and Fungi","floor":24,"turns":2}],"seed_played":"-8385092901861293142","potions_obtained":[{"floor":3,"key":"DuplicationPotion"},{"floor":5,"key":"Strength Potion"},{"floor":12,"key":"Fire Potion"},{"floor":16,"key":"Strength Potion"},{"floor":21,"key":"Swift Potion"},{"floor":23,"key":"SkillPotion"}],"is_trial":false,"path_per_floor":["M","?","M","?","M","E","$","R","T","T","?","M","M","E","R","B",null,"M","M","?","M","?","E","M"],"character_chosen":"IRONCLAD","items_purchased":["Sling"],"campfire_rested":1,"item_purchase_floors":[7],"current_hp_per_floor":[80,80,80,80,80,55,55,55,55,55,55,57,62,44,68,40,80,79,53,53,49,23,10,0,0],"gold":391,"neow_bonus":"THREE_ENEMY_KILL","is_daily":false,"chose_seed":false,"campfire_upgraded":1,"win_rate":0.0,"timestamp":1608634825,"path_taken":["M","?","?","?","M","E","$","R","T","?","?","M","M","E","R","BOSS","M","M","?","?","?","E","M"],"items_purchased_type":["Relic"],"build_version":"2020-12-13","purchased_purges":1,"victory":false,"max_hp_per_floor":[80,80,80,80,80,80,80,80,80,80,80,80,80,80,80,80,80,80,80,80,80,80,80,80,80],"card_choices":[{"not_picked":["Warcry","Wild Strike","jedi:suffering"],"picked":"SKIP","floor":1},{"not_picked":["Perfected Strike","Havoc"],"picked":"Inflame","floor":3},{"not_picked":["Replay:Undeath\u0027s Touch","jedi:collectorstrike"],"picked":"Cleave","floor":5},{"not_picked":["Reaper","Havoc"],"picked":"Sword Boomerang","floor":6},{"not_picked":["Iron Wave","ReplayTheSpireMod:Strike From Hell","Pommel Strike"],"picked":"SKIP","floor":12},{"not_picked":["Sever Soul","Thunderclap","Armaments"],"picked":"SKIP","floor":13},{"not_picked":["Defy Death","Twin Strike"],"picked":"Whirlwind","floor":14},{"not_picked":["Pommel Strike","Thunderclap"],"picked":"Disarm","floor":18},{"not_picked":["Headbutt","Run Through"],"picked":"Rampage","floor":19},{"not_picked":["Havoc","Flex+1","Body Slam+1"],"picked":"SKIP","floor":21},{"not_picked":["Clothesline+1","Anger"],"picked":"Heavy Blade","floor":23}],"player_experience":134796,"relics_obtained":[{"floor":6,"key":"Vajra"},{"floor":9,"key":"hubris:OldNail"},{"floor":10,"key":"jedi:archwizardhat"},{"floor":14,"key":"hubris:SphereOfDissonance"},{"floor":22,"key":"Red Mask"},{"floor":23,"key":"jedi:shrinkray"}],"event_choices":[{"cards_removed":["Strike_R"],"damage_healed":0,"gold_gain":0,"player_choice":"Offered Basic","damage_taken":0,"max_hp_gain":0,"max_hp_loss":0,"event_name":"Bonfire Elementals","floor":2,"gold_loss":0},{"damage_healed":0,"gold_gain":0,"player_choice":"Box","damage_taken":0,"relics_obtained":["King of Hearts"],"max_hp_gain":0,"max_hp_loss":0,"event_name":"Big Fish","floor":11,"gold_loss":0,"cards_obtained":["Regret"]},{"cards_removed":["Regret"],"damage_healed":0,"gold_gain":0,"player_choice":"Removed Curses","damage_taken":0,"max_hp_gain":0,"max_hp_loss":0,"event_name":"Fountain of Cleansing","floor":20,"gold_loss":0},{"damage_healed":0,"gold_gain":0,"player_choice":"Fought Bandits","damage_taken":0,"max_hp_gain":0,"max_hp_loss":0,"event_name":"Masked Bandits","floor":22,"gold_loss":0}],"is_beta":false,"boss_relics":[{"not_picked":["hubris:HollowSoul","Sozu"],"picked":"Ring of Chaos"}],"items_purged_floors":[7],"is_endless":false,"potions_floor_spawned":[3,5,12,14,16,21,23],"killed_by":"Shelled Parasite and Fungi","ascension_level":0}}