{"host":"j204k34h42bd6fas","time":1608670042,"event":{"mods":["Aspiration","BaseMod","Colored Map","Colored Powertips","Conspire","Hubris","Infinite Spire","Mimic Mod","Minty Spire (QoL Compilation)","Pikachu Mod","Potionbrewer","Rare Cards Sparkle","Relic Stats","Replay The Spire","Say the Spire","StSLib","The Cursed","The Judge"],"gold_per_floor":[118,130,146,146,23,23,58,7,46,65,99,152,166,183,183,288,288,302,227,227,245,260,260,295,309,309,328,328,362,376,386,386,484,484,499,499,22,22,22,22,36,71,71,88,114,114,114,124,124,124,124],"floor_reached":50,"playtime":2515,"items_purged":["ReplayTheSpireMod:Splinters"],"score":756,"play_id":"e1a9a28c-67f5-451d-8542-1720556d228f","local_time":"20201222154722","is_ascension_mode":true,"campfire_choices":[{"data":"Quick Slash","floor":6,"key":"SMITH"},{"floor":15,"key":"REST"},{"floor":23,"key":"REST"},{"floor":32,"key":"REST"},{"floor":40,"key":"REST"},{"floor":46,"key":"RECALL"},{"floor":49,"key":"REST"}],"circlet_count":0,"master_deck":["Strike_G+1","Strike_G+1","Strike_G+1","Strike_G+1","Strike_G+1","Defend_G+1","Defend_G+1","Defend_G+1","Defend_G+1","Defend_G+1","Survivor+1","Neutralize+1","Slice+1","Dagger Spray+1","Quick Slash+1","Footwork+1","Replay:Bootleg Shield Generator+1","Underhanded Strike+1","Distraction+1","PiercingWail+1","Malaise+1","Corpse Explosion+1","Dodge and Roll+1","PiercingWail+1","Riddle With Holes+1","Glass Knife+1","Backflip+1","Calculated Gamble+1","All Out Attack+1","ReplayTheSpireMod:Speed Training+1","Prepared+1","Cloak And Dagger+1","infinitespire:Collect+1","Deflect+1","Accuracy+1","Acrobatics+1","Doppelganger+1","Concentrate+1","Dark Shackles+1","Acrobatics+1","Blade Dance+1","Flying Knee+1","Blur+1","Bouncing Flask+1","Atom Bomb+1","Backflip+1","Bullet Time","Fluid Movement+1","Acrobatics+1"],"relics":["Honey Jar","Boot","Akabeko","potionbrewer:WarMedal","Ancient Tea Set","Fusion Hammer","aspiration:HummingbirdHeart","Question Card","War Paint","potionbrewer:BhaskarasWheel","hubris:Icosahedron","hubris:SphereOfDissonance","potionbrewer:BoosterPack","Mark of the Bloom","Orichalcum","hubris:BundleOfHerbs","Peace Pipe"],"acts_visited":["Exordium","TheCity","TheBeyond"],"potions_floor_usage":[18,42,42],"damage_taken":[{"damage":10,"enemies":"infinitespire:Voidling","floor":1,"turns":4},{"damage":6,"enemies":"Small Slimes","floor":2,"turns":4},{"damage":0,"enemies":"Cultist","floor":3,"turns":3},{"damage":20,"enemies":"Lagavulin","floor":7,"turns":8},{"damage":0,"enemies":"Blue Slaver","floor":9,"turns":6},{"damage":0,"enemies":"Blue Slaver","floor":10,"turns":3},{"damage":6,"enemies":"Replay:BlueRogue","floor":11,"turns":5},{"damage":0,"enemies":"conspire:2 RoseBushes","floor":13,"turns":3},{"damage":3,"enemies":"2 Fungi Beasts","floor":14,"turns":3},{"damage":21,"enemies":"Fading Forest","floor":16,"turns":11},{"damage":0,"enemies":"Spheric Guardian","floor":18,"turns":2},{"damage":8,"enemies":"conspire:FuzzyDice","floor":21,"turns":3},{"damage":15,"enemies":"Centurion and Healer","floor":22,"turns":4},{"damage":1,"enemies":"Shelled Parasite and Fungi","floor":24,"turns":5},{"damage":4,"enemies":"Shelled Parasite and Fungi","floor":25,"turns":3},{"damage":0,"enemies":"Chosen and Byrds","floor":27,"turns":3},{"damage":7,"enemies":"Slavers","floor":29,"turns":6},{"damage":0,"enemies":"conspire:HollyBat","floor":30,"turns":6},{"damage":0,"enemies":"Centurion and Healer","floor":31,"turns":3},{"damage":29,"enemies":"Collector","floor":33,"turns":10},{"damage":5,"enemies":"Orb Walker","floor":35,"turns":2},{"damage":4,"enemies":"3 Darklings","floor":41,"turns":4},{"damage":10,"enemies":"Reptomancer","floor":42,"turns":4},{"damage":0,"enemies":"Spire Growth","floor":44,"turns":3},{"damage":0,"enemies":"Giant Head","floor":45,"turns":6},{"damage":0,"enemies":"4 Shapes","floor":48,"turns":4},{"damage":62,"enemies":"conspire:OrnateMirror","floor":50,"turns":3}],"seed_played":"4264850716950381636","potions_obtained":[{"floor":7,"key":"Doom Potion"},{"floor":12,"key":"BlessingOfTheForge"},{"floor":12,"key":"Doom Potion"},{"floor":13,"key":"potionbrewer:NoxiousPotion"},{"floor":14,"key":"potionbrewer:AcidPotion"},{"floor":16,"key":"Reflective Coating"},{"floor":21,"key":"Adrenaline Potion"},{"floor":44,"key":"SkillPotion"}],"is_trial":false,"path_per_floor":["M","M","M","?","$","R","E","$","MIM","M","E","?","M","M","R_BF","B",null,"M","$","?","M","M","R","MIM","M","T","M","?","E","M","M","R","B",null,"M","?","$","?","?","R","M","E","T","M","E","R","?","M","R","B"],"character_chosen":"THE_SILENT","items_purchased":["Footwork","Replay:Bootleg Shield Generator","Distraction+1","Dark Shackles","hubris:SphereOfDissonance","potionbrewer:BoosterPack"],"campfire_rested":5,"item_purchase_floors":[5,5,8,37,37,37],"current_hp_per_floor":[69,63,63,56,56,56,36,36,36,36,30,30,30,27,48,27,70,70,70,70,62,47,68,67,63,63,63,46,39,39,39,60,31,70,65,65,65,65,65,65,61,51,51,51,51,51,51,51,51,0,0],"gold":124,"neow_bonus":"BOSS_RELIC","is_daily":false,"chose_seed":false,"campfire_upgraded":1,"win_rate":0.0,"timestamp":1608670042,"path_taken":["M","M","?","?","?","R","E","$","MIM","M","E","?","M","M","R_BF","BOSS","M","$","?","?","M","R","?","M","T","M","?","E","M","M","R","BOSS","M","?","$","?","?","R","?","E","T","M","E","R","?","M","R","BOSS"],"items_purchased_type":["Card","Card","Card","Card","Relic","Relic"],"build_version":"2020-12-13","purchased_purges":1,"victory":false,"max_hp_per_floor":[70,70,70,70,70,70,70,70,70,70,70,70,70,70,70,70,70,70,70,70,70,70,70,70,70,70,70,70,70,70,70,70,70,70,70,70,70,70,70,70,70,70,70,70,70,70,70,70,70,70,70],"relic_stats":{"Peace Pipe":1,"Mark of the Bloom":42,"counters":[27,121],"War Paint":["PiercingWail","Calculated Gamble"],"Orichalcum":[6],"Boot":[125],"Question Card":12,"obtain_stats":[{"potionbrewer:WarMedal":11,"Mark of the Bloom":38,"hubris:SphereOfDissonance":37,"aspiration:HummingbirdHeart":24,"potionbrewer:BhaskarasWheel":34,"War Paint":29,"Orichalcum":42,"Boot":7,"Ancient Tea Set":12,"Question Card":26,"Akabeko":9,"Peace Pipe":45,"hubris:Icosahedron":36,"potionbrewer:BoosterPack":37,"Honey Jar":0,"Fusion Hammer":17,"hubris:BundleOfHerbs":43,"Ring of the Snake":0},{"potionbrewer:WarMedal":7,"Mark of the Bloom":21,"hubris:SphereOfDissonance":21,"aspiration:HummingbirdHeart":14,"potionbrewer:BhaskarasWheel":20,"War Paint":17,"Orichalcum":23,"Boot":4,"Ancient Tea Set":7,"Question Card":15,"Akabeko":5,"Peace Pipe":25,"hubris:Icosahedron":21,"potionbrewer:BoosterPack":21,"Honey Jar":0,"Fusion Hammer":10,"hubris:BundleOfHerbs":23,"Ring of the Snake":0},{"potionbrewer:WarMedal":33,"Mark of the Bloom":97,"hubris:SphereOfDissonance":97,"aspiration:HummingbirdHeart":64,"potionbrewer:BhaskarasWheel":95,"War Paint":76,"Orichalcum":105,"Boot":19,"Ancient Tea Set":33,"Question Card":67,"Akabeko":25,"Peace Pipe":114,"hubris:Icosahedron":97,"potionbrewer:BoosterPack":97,"Honey Jar":0,"Fusion Hammer":50,"hubris:BundleOfHerbs":105,"Ring of the Snake":0}]},"card_choices":[{"not_picked":["Acrobatics","Blur","Sucker Punch"],"picked":"Slice","floor":1},{"not_picked":["Slice","Prepared","Underhanded Strike"],"picked":"Dagger Spray","floor":2},{"not_picked":["Skewer","Caltrops","Bane"],"picked":"Quick Slash","floor":3},{"not_picked":["hubris:Sniper","infinitespire:Neurotoxin","conspire:PoisonWeapons"],"picked":"Underhanded Strike","floor":7},{"not_picked":["Poisoned Stab","Draining Mist","Predator"],"picked":"PiercingWail","floor":9},{"not_picked":["Cloak And Dagger","Slice","Toxin Wave"],"picked":"Malaise","floor":10},{"not_picked":["infinitespire:Neurotoxin","ReplayTheSpireMod:Shiv Toss","Dagger Spray"],"picked":"Corpse Explosion","floor":11},{"not_picked":["Expertise","Poisoned Stab","ReplayTheSpireMod:Scrap Shanks"],"picked":"Dodge and Roll","floor":12},{"not_picked":["Dodge and Roll","Slice","Outmaneuver"],"picked":"PiercingWail","floor":13},{"not_picked":["conspire:PoisonWeapons","Bane","Dagger Spray"],"picked":"Riddle With Holes","floor":14},{"not_picked":["infinitespire:Neurotoxin","Wraith Form v2","Phantasmal Killer"],"picked":"Glass Knife","floor":16},{"not_picked":["Sucker Punch","Underhanded Strike","hubris:Sniper+1"],"picked":"Backflip","floor":18},{"not_picked":["hubris:TrickCloak+1","Slice","Infinite Blades+1"],"picked":"Calculated Gamble","floor":21},{"not_picked":["Sucker Punch","Outmaneuver","Choke+1"],"picked":"All Out Attack+1","floor":22},{"not_picked":["Acrobatics","Deflect","Flying Knee+1"],"picked":"ReplayTheSpireMod:Speed Training","floor":24},{"not_picked":["Malaise","Draining Mist","Cloak And Dagger"],"picked":"Prepared","floor":25},{"not_picked":["hubris:SlightOfHand","Bane+1","Finisher","Blade Dance+1"],"picked":"Cloak And Dagger","floor":27},{"not_picked":["infinitespire:DeathsTouch","infinitespire:SevenWalls"],"picked":"infinitespire:Collect","floor":28},{"not_picked":["ReplayTheSpireMod:Exploit Weakness","Poisoned Stab","Dodge and Roll","Sucker Punch"],"picked":"Deflect","floor":29},{"not_picked":["Crippling Poison","Dodge and Roll","Unload","Dagger Spray"],"picked":"Accuracy+1","floor":30},{"not_picked":["Dodge and Roll","Underhanded Strike","Outmaneuver+1","Prepared"],"picked":"Acrobatics","floor":31},{"not_picked":["Venomology","A Thousand Cuts","Malaise","Night Terror"],"picked":"Doppelganger","floor":33},{"not_picked":["Choke","Distraction+1","Backflip+1","Outmaneuver+1"],"picked":"Concentrate+1","floor":35},{"not_picked":["Bane+1","PiercingWail","Dodge and Roll+1","Deflect"],"picked":"Backflip+1","floor":41},{"not_picked":["Bane","Draining Mist","Footwork","Crippling Poison"],"picked":"Bullet Time","floor":42},{"not_picked":["PiercingWail+1","Backflip","All Out Attack+1","Deflect"],"picked":"Fluid Movement+1","floor":44},{"not_picked":["Underhanded Strike","Heel Hook","Crippling Poison","Deadly Poison","Dagger Throw"],"picked":"SKIP","floor":45},{"not_picked":["Dagger Spray","Cloak And Dagger+1","Terror","hubris:SlightOfHand"],"picked":"Acrobatics+1","floor":48}],"player_experience":276424,"relics_obtained":[{"floor":7,"key":"Boot"},{"floor":9,"key":"Akabeko"},{"floor":11,"key":"potionbrewer:WarMedal"},{"floor":12,"key":"Ancient Tea Set"},{"floor":24,"key":"aspiration:HummingbirdHeart"},{"floor":26,"key":"Question Card"},{"floor":29,"key":"War Paint"},{"floor":42,"key":"Orichalcum"},{"floor":43,"key":"hubris:BundleOfHerbs"},{"floor":45,"key":"Peace Pipe"}],"event_choices":[{"damage_healed":0,"gold_gain":0,"player_choice":"Damaged","damage_taken":7,"max_hp_gain":0,"max_hp_loss":0,"event_name":"Wheel of Change","floor":4,"gold_loss":0},{"damage_healed":0,"gold_gain":0,"player_choice":"Ignored","damage_taken":0,"max_hp_gain":0,"max_hp_loss":0,"event_name":"Purifier","floor":20,"gold_loss":0},{"damage_healed":0,"gold_gain":0,"player_choice":"Upgrade","damage_taken":0,"relics_obtained":["Mark of the Bloom"],"max_hp_gain":0,"max_hp_loss":0,"event_name":"MindBloom","floor":38,"gold_loss":0,"cards_upgraded":["Strike_G","Strike_G","Strike_G","Strike_G","Strike_G","Defend_G","Defend_G","Defend_G","Defend_G","Defend_G","Survivor","Neutralize","Slice","Dagger Spray","Footwork","Replay:Bootleg Shield Generator","Underhanded Strike","Malaise","Corpse Explosion","Dodge and Roll","PiercingWail","Riddle With Holes","Glass Knife","Backflip","ReplayTheSpireMod:Speed Training","Prepared","Cloak And Dagger","infinitespire:Collect","Deflect","Acrobatics","Doppelganger","Dark Shackles","Acrobatics","Blade Dance","Flying Knee","Blur","Bouncing Flask","Atom Bomb"]},{"damage_healed":0,"gold_gain":0,"player_choice":"Ignored","damage_taken":0,"max_hp_gain":0,"max_hp_loss":0,"event_name":"Upgrade Shrine","floor":39,"gold_loss":0}],"is_beta":false,"boss_relics":[{"not_picked":["Runic Dome","hubris:CrackedHourglass"],"picked":"Fusion Hammer"},{"not_picked":["conspire:SeveredTorchhead","aspiration:FutureDiary"],"picked":"potionbrewer:BhaskarasWheel"}],"items_purged_floors":[19],"is_endless":false,"potions_floor_spawned":[7,13,14,16,21,22,29,30,31,35,44],"killed_by":"conspire:OrnateMirror","ascension_level":4}}