{"host":"373g0ui1bgeshz9m","time":1608598588,"event":{"mods":["Act Like it!","Aspiration","BaseMod","Beaked The Cultist","Better Third Choice","Colored Map","Conspire","Downfall","Halation","Hermit","Hubris","Infinite Spire","Jorbs\u0027s Wanderer Trilogy","Minty Spire (QoL Compilation)","Pale of the Ancients","Permanent Neow","Quick Restart","Replay The Spire","Shade Mod","Shop Mod","Spikes Relics","StSLib","The Animator","The Bladedancer","The Bug Knight","The Construct","The Cursed","The Factory","The Florist","The Judge","The Jungle","The Necromancer","The Sage","The Wild Card","Trackpad","vexMod"],"gold_per_floor":[110,123,10,23,23,51,51,68,68,27,52,66,76,90,90,190,190,208,222,222,65,65],"floor_reached":21,"playtime":1176,"items_purged":[],"score":183,"play_id":"d7e302e1-3877-4719-b6a9-82c8eb7e6495","local_time":"20201221195628","is_ascension_mode":false,"campfire_choices":[{"data":"Siphon_Strength","floor":15,"key":"SMITH"}],"circlet_count":0,"master_deck":["Strike_W","Strike_W","Strike_W","Strike_W","Defend_W","Defend_W","Defend_W","Defend_W","Negative_Energy_Arrows","Bone_Wall","Negative_Energy_Burst","Bone_Bullets","Siphon_Strength+1","Spectral_Armor","Acid_Javelin","Summon_Vampire_Lady+1","Spectral_Armor","Stop_Heart","Stop_Heart","Plague_Bolt","Vampiric_Strike","Grasp_Heart","Negative_Energy_Javelin"],"relics":["Vampire_Amulet","Blue Doll","Gremlin Food","hubris:DeckOfHolding","Oddly Smooth Stone","aspiration:RitualStick","halation:Thesaurus","Runic Pyramid"],"acts_visited":["Exordium","TheCity"],"potions_floor_usage":[],"damage_taken":[{"damage":0,"enemies":"Cultist","floor":1,"turns":4},{"damage":0,"enemies":"Small Slimes","floor":2,"turns":2},{"damage":0,"enemies":"2 Louse","floor":4,"turns":2},{"damage":16,"enemies":"3 Sentries","floor":6,"turns":8},{"damage":8,"enemies":"Exordium Thugs","floor":8,"turns":4},{"damage":0,"enemies":"Red Slaver","floor":12,"turns":3},{"damage":0,"enemies":"Looter","floor":13,"turns":4},{"damage":12,"enemies":"Large Slime","floor":14,"turns":5},{"damage":26,"enemies":"Fading Forest","floor":16,"turns":11},{"damage":4,"enemies":"2 Thieves","floor":18,"turns":5},{"damage":4,"enemies":"Shell Parasite","floor":19,"turns":4}],"seed_played":"-391647693762640804","potions_obtained":[{"floor":1,"key":"Explosive Potion"},{"floor":4,"key":"FearPotion"},{"floor":6,"key":"Dexterity Potion"}],"is_trial":false,"path_per_floor":["M","M","$","M","?","E","?","M","T","$","T","M","M","M","R","B",null,"M","M","?","$"],"character_chosen":"NECROMANCER","items_purchased":["Spectral_Armor","Acid_Javelin","Stop_Heart","halation:Thesaurus"],"campfire_rested":0,"item_purchase_floors":[3,3,10,21],"current_hp_per_floor":[75,75,75,75,75,65,65,70,70,70,70,75,75,73,73,72,75,75,75,60,60,60],"gold":65,"neow_bonus":"THREE_CARDS","is_daily":false,"chose_seed":false,"campfire_upgraded":1,"win_rate":0.0,"timestamp":1608598588,"path_taken":["M","?","$","M","?","E","?","?","T","$","?","M","M","M","R","BOSS","M","M","?","$"],"items_purchased_type":["Card","Card","Card","Relic"],"build_version":"2020-12-13","purchased_purges":0,"victory":false,"max_hp_per_floor":[75,75,75,75,75,75,75,75,75,75,75,75,75,75,75,75,75,75,75,75,75,75],"card_choices":[{"not_picked":["Negative_Energy_Javelin","Shackles_Of_Pain"],"picked":"Negative_Energy_Burst","floor":0},{"not_picked":["Shade_Step","Bones_to_Steel"],"picked":"Bone_Bullets","floor":1},{"not_picked":["Bone_Spikes","Stop_Heart"],"picked":"Siphon_Strength","floor":2},{"not_picked":["Bone_Shift","Negative_Energy_Burst"],"picked":"Summon_Vampire_Lady","floor":4},{"not_picked":["Flesh_Made_Foul","Blood_Shield","Consume_Illness"],"picked":"SKIP","floor":6},{"not_picked":["Bone_Shift","Bone_Prison"],"picked":"Spectral_Armor","floor":8},{"not_picked":["Stop_Heart","Bone_Armor"],"picked":"Plague_Bolt","floor":12},{"not_picked":["Negative_Energy_Sphere","Bone_Shift"],"picked":"Vampiric_Strike","floor":13},{"not_picked":["Flesh_Made_Foul","Necromantic_Selection","Bones_to_Steel"],"picked":"SKIP","floor":14},{"not_picked":["Negative_Energy_Bomb","Detonate_Bones"],"picked":"Grasp_Heart","floor":16},{"not_picked":["Scare","Flesh_Made_Foul","Bone_Shift"],"picked":"SKIP","floor":18},{"not_picked":["Bones_to_Steel","Bone_Armor+1"],"picked":"Negative_Energy_Javelin","floor":19}],"player_experience":152036,"relics_obtained":[{"floor":5,"key":"Blue Doll"},{"floor":6,"key":"Gremlin Food"},{"floor":9,"key":"hubris:DeckOfHolding"},{"floor":11,"key":"Oddly Smooth Stone"}],"event_choices":[],"is_beta":false,"boss_relics":[{"not_picked":["hubris:BlackHole","Calling Bell"],"picked":"Velvet Choker"}],"items_purged_floors":[],"is_endless":false,"potions_floor_spawned":[1,4,6,8,16,18,19],"ascension_level":0}}