{"host":"esx1hwjnbftf3eqj","time":1608596465,"event":{"mods":["BaseMod","Colored Map","Minty Spire (QoL Compilation)","StSLib","The Jungle"],"gold_per_floor":[115,125,143,67,67,67,85,85,85,117,136,166,176,187,187,282,282,301,301,312,237,270,270,295,295,295,143,159,169,169,269,269,365,365,383,430,161,177,27,55,55,55,55,81,100,100,114,149,149,149,149],"floor_reached":50,"playtime":5426,"items_purged":["Strike_R","Strike_R","Defend_R","Defend_R"],"score":819,"play_id":"3bddff35-a623-4f0a-824d-10d070742e18","local_time":"20201221162105","is_ascension_mode":true,"campfire_choices":[{"data":"Cleave","floor":6,"key":"SMITH"},{"data":"Corruption","floor":8,"key":"SMITH"},{"data":"Dual Wield","floor":15,"key":"SMITH"},{"data":"Intimidate","floor":23,"key":"SMITH"},{"data":"Immolate","floor":25,"key":"SMITH"},{"data":"Feel No Pain","floor":30,"key":"SMITH"},{"data":"Rampage","floor":32,"key":"SMITH"},{"data":"Double Tap","floor":41,"key":"SMITH"},{"data":"Rampage","floor":46,"key":"SMITH"},{"data":"Dual Wield","floor":49,"key":"SMITH"}],"circlet_count":0,"master_deck":["Defend_R","Defend_R","Bash","Feel No Pain+1","Rampage+1","Cleave+1","Thunderclap","Shrug It Off","Corruption+1","Rampage+1","Dual Wield+1","Shrug It Off","Juggernaut+1","Immolate+1","Ghostly Armor+1","Intimidate+1","Evolve+1","Shrug It Off","Double Tap+1","Feel No Pain+1","Sentinel","Feel No Pain+1","Dual Wield+1"],"relics":["Burning Blood","Bottled Tornado","Self Forming Clay","Frozen Egg 2","Sozu","HornCleat","Red Mask","Shuriken","Vajra","SlaversCollar","MawBank","Paper Frog","InkBottle","Red Skull","Kunai"],"acts_visited":["Exordium","TheCity","TheBeyond"],"potions_floor_usage":[13,16,16],"damage_taken":[{"damage":1,"enemies":"Cultist","floor":1,"turns":4},{"damage":13,"enemies":"Jaw Worm","floor":2,"turns":4},{"damage":0,"enemies":"2 Louse","floor":3,"turns":3},{"damage":11,"enemies":"Looter","floor":7,"turns":4},{"damage":23,"enemies":"Lagavulin","floor":10,"turns":6},{"damage":6,"enemies":"Red Slaver","floor":11,"turns":5},{"damage":16,"enemies":"Gremlin Nob","floor":12,"turns":5},{"damage":9,"enemies":"Gremlin Gang","floor":13,"turns":2},{"damage":8,"enemies":"Blue Slaver","floor":14,"turns":3},{"damage":16,"enemies":"Hexaghost","floor":16,"turns":9},{"damage":10,"enemies":"3 Byrds","floor":18,"turns":4},{"damage":0,"enemies":"Chosen","floor":20,"turns":4},{"damage":0,"enemies":"Masked Bandits","floor":22,"turns":2},{"damage":11,"enemies":"Book of Stabbing","floor":24,"turns":6},{"damage":4,"enemies":"Shelled Parasite and Fungi","floor":28,"turns":3},{"damage":15,"enemies":"Cultist and Chosen","floor":29,"turns":5},{"damage":40,"enemies":"Automaton","floor":33,"turns":9},{"damage":0,"enemies":"3 Shapes","floor":35,"turns":4},{"damage":6,"enemies":"Orb Walker","floor":38,"turns":4},{"damage":22,"enemies":"Nemesis","floor":40,"turns":5},{"damage":6,"enemies":"Giant Head","floor":44,"turns":7},{"damage":20,"enemies":"4 Shapes","floor":45,"turns":6},{"damage":10,"enemies":"Transient","floor":47,"turns":5},{"damage":0,"enemies":"Reptomancer","floor":48,"turns":4},{"damage":45,"enemies":"Awakened One","floor":50,"turns":4}],"seed_played":"-1582424776253818981","potions_obtained":[{"floor":7,"key":"DistilledChaos"},{"floor":10,"key":"ColorlessPotion"},{"floor":12,"key":"SpeedPotion"},{"floor":13,"key":"SkillPotion"}],"is_trial":false,"path_per_floor":["M","M","M","$","?","R","M","R","T","E","M","E","M","M","R","B",null,"M","?","M","$","?","R","E","R","T","$","M","M","R","?","R","B",null,"M","T","$","M","$","E","R","?","T","E","M","R","M","E","R","B"],"character_chosen":"IRONCLAD","items_purchased":["Corruption","Shrug It Off","Feel No Pain+1","Sentinel"],"campfire_rested":0,"item_purchase_floors":[4,27,37,37],"current_hp_per_floor":[56,49,55,55,55,55,50,50,50,33,33,23,20,18,18,8,62,58,58,64,64,70,70,65,65,65,65,67,58,58,58,58,24,66,72,72,72,72,72,56,56,56,56,56,42,42,38,44,44,0,0],"gold":149,"neow_bonus":"TRANSFORM_TWO_CARDS","is_daily":false,"chose_seed":false,"campfire_upgraded":10,"win_rate":0.0,"timestamp":1608596465,"path_taken":["M","M","?","$","?","R","?","R","T","E","M","E","M","M","R","BOSS","M","?","M","$","?","R","E","R","T","$","M","M","R","?","R","BOSS","M","?","$","?","$","E","R","?","T","E","M","R","M","E","R","BOSS"],"items_purchased_type":["Card","Card","Card","Card"],"build_version":"2020-12-13","purchased_purges":4,"victory":false,"max_hp_per_floor":[80,80,80,80,80,80,80,80,80,80,80,80,80,80,80,80,80,80,80,80,80,80,80,80,80,80,80,80,80,80,80,80,80,80,80,80,80,80,80,80,80,80,80,80,80,80,80,80,80,80,80],"card_choices":[{"not_picked":["Heavy Blade","Warcry"],"picked":"Cleave","floor":1},{"not_picked":["Clash","Perfected Strike"],"picked":"Thunderclap","floor":2},{"not_picked":["Burning Pact","Body Slam"],"picked":"Shrug It Off","floor":3},{"not_picked":["Heavy Blade","Flex"],"picked":"Rampage","floor":7},{"not_picked":["Iron Wave","Pommel Strike"],"picked":"Dual Wield","floor":10},{"not_picked":["Clash","Infernal Blade"],"picked":"Shrug It Off","floor":11},{"not_picked":["Fire Breathing+1","Sever Soul"],"picked":"Juggernaut+1","floor":12},{"not_picked":["Hemokinesis","Wild Strike","Body Slam"],"picked":"SKIP","floor":13},{"not_picked":["Rupture+1","Heavy Blade","Flex"],"picked":"SKIP","floor":14},{"not_picked":["Fiend Fire","Offering"],"picked":"Immolate","floor":16},{"not_picked":["Wild Strike","Havoc+1"],"picked":"Ghostly Armor+1","floor":18},{"not_picked":["Thunderclap","Rampage+1"],"picked":"Intimidate","floor":20},{"not_picked":["Twin Strike","True Grit"],"picked":"Evolve+1","floor":22},{"not_picked":["Pommel Strike+1","Heavy Blade"],"picked":"Seeing Red+1","floor":24},{"not_picked":["Wild Strike","Cleave","True Grit"],"picked":"SKIP","floor":28},{"not_picked":["Rage","True Grit","Twin Strike+1"],"picked":"SKIP","floor":29},{"not_picked":["Feed","Limit Break"],"picked":"Double Tap","floor":33},{"not_picked":["Clash","Heavy Blade","Clothesline+1"],"picked":"SKIP","floor":35},{"not_picked":["Wild Strike+1","Anger","Twin Strike+1"],"picked":"SKIP","floor":38},{"not_picked":["Rampage+1","Infernal Blade+1","Burning Pact+1"],"picked":"SKIP","floor":40},{"not_picked":["Clash","Evolve+1"],"picked":"Feel No Pain+1","floor":44},{"not_picked":["Rampage","Fiend Fire","Thunderclap"],"picked":"SKIP","floor":45},{"not_picked":["Rampage","Burning Pact"],"picked":"Dual Wield","floor":47},{"not_picked":["Carnage","Burning Pact","Immolate"],"picked":"SKIP","floor":48}],"player_experience":562849,"relics_obtained":[{"floor":9,"key":"Bottled Tornado"},{"floor":10,"key":"Self Forming Clay"},{"floor":12,"key":"Frozen Egg 2"},{"floor":22,"key":"Red Mask"},{"floor":24,"key":"Shuriken"},{"floor":26,"key":"Vajra"},{"floor":36,"key":"MawBank"},{"floor":40,"key":"Paper Frog"},{"floor":43,"key":"InkBottle"},{"floor":44,"key":"Red Skull"},{"floor":48,"key":"Kunai"}],"event_choices":[{"cards_removed":["Strike_R"],"damage_healed":0,"gold_gain":0,"player_choice":"Card Removal","damage_taken":0,"max_hp_gain":0,"max_hp_loss":0,"event_name":"Wheel of Change","floor":5,"gold_loss":0},{"damage_healed":0,"gold_gain":0,"player_choice":"Opened","damage_taken":0,"relics_obtained":["HornCleat"],"max_hp_gain":0,"max_hp_loss":0,"event_name":"The Mausoleum","floor":19,"gold_loss":0},{"damage_healed":0,"gold_gain":0,"player_choice":"Fought Bandits","damage_taken":0,"max_hp_gain":0,"max_hp_loss":0,"event_name":"Masked Bandits","floor":22,"gold_loss":0},{"damage_healed":0,"gold_gain":100,"player_choice":"Pray","damage_taken":0,"max_hp_gain":0,"max_hp_loss":0,"event_name":"Golden Shrine","floor":31,"gold_loss":0},{"cards_removed":["Seeing Red"],"damage_healed":0,"gold_gain":0,"player_choice":"Removed Skill","damage_taken":0,"max_hp_gain":0,"max_hp_loss":0,"event_name":"Falling","floor":42,"gold_loss":0}],"is_beta":false,"boss_relics":[{"not_picked":["Cursed Key","Black Blood"],"picked":"Sozu"},{"not_picked":["Empty Cage","Mark of Pain"],"picked":"SlaversCollar"}],"items_purged_floors":[21,27,37,39],"is_endless":false,"potions_floor_spawned":[7,10,12,13,20,24,33,38,40,45,47,48],"killed_by":"Awakened One","ascension_level":8}}