{"host":"Godlander","time":1608678907,"event":{"mods":["BaseMod","Bestiary","BetterRewards","Card Forge","Colored Powertips","Conspire","Custom Start","Googly Eyes","Halation","Hubris","Infinite Spire","Mimic Mod","Minty Spire (QoL Compilation)","Replay The Spire","Shop Mod","StSLib","SuperFastMode","The Jungle","UnlockEverythingMod","[JumpMod]????"],"gold_per_floor":[109,122,2,2,2,2,15,43,43,43,58,58,58,72,72,169,169,183,183,183,183,183,183,183,213,248,248,248],"floor_reached":27,"playtime":1154,"items_purged":["Body Slam","Bash"],"score":226,"play_id":"a549f6d0-937d-4bc5-a967-db40fb75d95e","local_time":"20201222151507","is_ascension_mode":false,"campfire_choices":[{"floor":6,"key":"RECALL"},{"data":"Anger","floor":10,"key":"SMITH"},{"floor":13,"key":"REST"},{"data":"Battle Trance","floor":15,"key":"SMITH"},{"data":"Hemogenesis","floor":23,"key":"SMITH"}],"circlet_count":0,"master_deck":["Strike_R+1","Defend_R","Defend_R","Defend_R+1","Anger+1","Replay:Undeath\u0027s Touch+1","Battle Trance+1","Hemogenesis+1","hubris:ReadiedAction","Inflame","Replay:Undeath\u0027s Touch"],"relics":["Hammer of Thor","Seething Fire","Anvil of the Gods","HowToJump","Sozu","halation:EternalFortune","Mercury Hourglass","Runic Cube","ReplayTheSpireMod:EnergyBall","theJungle:SpiritDisease","hubris:Towel","Shovel","Spirit Poop"],"acts_visited":["Exordium","Exordium"],"potions_floor_usage":[],"damage_taken":[{"damage":1,"enemies":"Cultist","floor":1,"turns":3},{"damage":3,"enemies":"Small Slimes","floor":2,"turns":3},{"damage":0,"enemies":"2 Louse","floor":7,"turns":2},{"damage":22,"enemies":"Gremlin Nob","floor":8,"turns":4},{"damage":2,"enemies":"Blue Slaver","floor":11,"turns":3},{"damage":0,"enemies":"Looter","floor":14,"turns":2},{"damage":43,"enemies":"Hexaghost","floor":16,"turns":9},{"damage":12,"enemies":"theJungle:Flameango_and_Byrd","floor":18,"turns":5},{"damage":39,"enemies":"theJungle:MamaSnecko","floor":25,"turns":5},{"damage":2,"enemies":"theJungle:GiantWrat","floor":26,"turns":5},{"damage":47,"enemies":"Nightmare","floor":27,"turns":7}],"seed_played":"-6536322618138833150","potions_obtained":[],"is_trial":false,"path_per_floor":["M","M","$","?","?","R","M","E","T","R","M","?","R","M","R","B",null,"M","AVR","?","?","?","R","?","E","MIM","NM"],"character_chosen":"IRONCLAD","items_purchased":["Replay:Undeath\u0027s Touch"],"campfire_rested":1,"item_purchase_floors":[3],"current_hp_per_floor":[79,76,76,79,62,62,62,40,40,40,38,38,62,62,62,19,83,71,71,61,61,61,61,61,30,36,0,0],"gold":248,"neow_bonus":"BOSS_RELIC","is_daily":false,"chose_seed":false,"campfire_upgraded":3,"win_rate":0.0,"timestamp":1608678907,"path_taken":["M","M","?","?","?","R","M","E","T","R","M","?","R","M","R","BOSS","M","AVR","?","?","?","R","?","E","MIM","NM"],"items_purchased_type":["Card"],"build_version":"2020-12-18","purchased_purges":2,"victory":false,"max_hp_per_floor":[80,80,80,83,83,83,83,83,83,83,83,83,83,83,83,83,83,83,83,83,83,83,83,83,83,83,83,83],"card_choices":[{"not_picked":["Warcry","Thunderclap"],"picked":"Body Slam","floor":1},{"not_picked":["Pommel Strike","Perfected Strike"],"picked":"Anger","floor":2},{"not_picked":["Headbutt","Iron Wave","Uppercut"],"picked":"SKIP","floor":7},{"not_picked":["Dual Wield","Corruption","Thunderclap"],"picked":"SKIP","floor":8},{"not_picked":["Heavy Blade","Havoc","Shrug It Off"],"picked":"SKIP","floor":11},{"not_picked":["Bloodletting","Flame Barrier"],"picked":"Battle Trance","floor":14},{"not_picked":["Berserk","Offering"],"picked":"Hemogenesis","floor":16},{"not_picked":["Iron Wave","Second Wind"],"picked":"hubris:ReadiedAction","floor":18},{"not_picked":["Rage","Exhume"],"picked":"Inflame","floor":25},{"not_picked":["hubris:CleavingFinish+1","Warcry"],"picked":"Replay:Undeath\u0027s Touch","floor":26}],"player_experience":535561,"relics_obtained":[{"floor":8,"key":"Mercury Hourglass"},{"floor":25,"key":"Shovel"},{"floor":26,"key":"Spirit Poop"}],"event_choices":[{"damage_healed":0,"gold_gain":0,"player_choice":"Entered Light","damage_taken":17,"max_hp_gain":0,"max_hp_loss":0,"event_name":"Shining Light","floor":5,"gold_loss":0,"cards_upgraded":["Strike_R","Defend_R"]},{"cards_removed":["Strike_R"],"damage_healed":0,"gold_gain":0,"player_choice":"Purged","damage_taken":0,"max_hp_gain":0,"max_hp_loss":0,"event_name":"Purifier","floor":24,"gold_loss":0}],"is_beta":true,"boss_relics":[{"not_picked":["hubris:GrandSneckoEye","Mark of Pain"],"picked":"Runic Cube"}],"items_purged_floors":[3,19],"is_endless":false,"potions_floor_spawned":[2,7,16],"killed_by":"Nightmare","ascension_level":0}}