{"host":"1fmavympeq0d2zu8","time":1608679203,"event":{"mods":["BaseMod","Colored Map","Hermit","Minty Spire (QoL Compilation)","Shade Mod","StSLib","The Cursed"],"gold_per_floor":[99,99,118,43,55,55,66,121,148,148,160,180,191,202,202,305,305,321,321,321,335,335,335,335,260,260,260,260],"floor_reached":27,"playtime":1769,"items_purged":[],"score":230,"play_id":"d513aefc-e530-4d80-9d2f-307d3d952d01","local_time":"20201222172003","is_ascension_mode":false,"campfire_choices":[{"data":"TheCursedMod:CursedBlade","floor":6,"key":"SMITH"},{"floor":10,"key":"REST"},{"data":"TheCursedMod:Torture","floor":15,"key":"SMITH"},{"floor":23,"key":"REST"}],"circlet_count":0,"master_deck":["TheCursedMod:Strike_TheCursed","TheCursedMod:Strike_TheCursed","TheCursedMod:Strike_TheCursed","TheCursedMod:Strike_TheCursed","TheCursedMod:Defend_TheCursed","TheCursedMod:Defend_TheCursed","TheCursedMod:Defend_TheCursed","TheCursedMod:Defend_TheCursed","TheCursedMod:CursedWand","TheCursedMod:CleanUpWorkshop","TheCursedMod:Dregs","TheCursedMod:CursedBlade+1","TheCursedMod:CircleOfFocus","TheCursedMod:CursedShiv","TheCursedMod:CursedShiv","TheCursedMod:Torture+1","TheCursedMod:SmokeScreen","TheCursedMod:Stigma","TheCursedMod:CircleOfBlood","TheCursedMod:CursedRelics","CurseOfTheBell","TheCursedMod:FleshFromBone","TheCursedMod:Stretching","Mind Blast+1","TheCursedMod:TroublousMinions+1"],"relics":["TheCursedMod:BlackMagic101","NeowsBlessing","Potion Belt","Toy Ornithopter","Ancient Tea Set","Calling Bell","Boot","Molten Egg 2","Peace Pipe","MutagenicStrength","Pear"],"acts_visited":["Exordium","TheCity"],"potions_floor_usage":[16,16,16,16,16],"damage_taken":[{"damage":0,"enemies":"Cultist","floor":1,"turns":1},{"damage":0,"enemies":"Jaw Worm","floor":3,"turns":1},{"damage":0,"enemies":"2 Louse","floor":5,"turns":1},{"damage":8,"enemies":"Exordium Thugs","floor":7,"turns":6},{"damage":2,"enemies":"2 Fungi Beasts","floor":11,"turns":3},{"damage":5,"enemies":"Large Slime","floor":12,"turns":6},{"damage":3,"enemies":"3 Louse","floor":13,"turns":3},{"damage":9,"enemies":"Blue Slaver","floor":14,"turns":3},{"damage":34,"enemies":"The Guardian","floor":16,"turns":11},{"damage":19,"enemies":"Shell Parasite","floor":18,"turns":6},{"damage":44,"enemies":"Spheric Guardian","floor":21,"turns":7},{"damage":53,"enemies":"Gremlin Leader","floor":27,"turns":8}],"seed_played":"-5983552451924663811","potions_obtained":[{"floor":3,"key":"Weak Potion"},{"floor":5,"key":"Block Potion"},{"floor":11,"key":"Fruit Juice"},{"floor":13,"key":"TheCursedMod:DregsPotion"},{"floor":14,"key":"LiquidMemories"}],"is_trial":false,"path_per_floor":["M","?","M","$","M","R","M","T","T","R","M","M","M","M","R","B",null,"M","?","?","M","?","R","?","?","T","E"],"character_chosen":"THE_CURSED","items_purchased":["TheCursedMod:CircleOfFocus"],"campfire_rested":2,"item_purchase_floors":[4],"current_hp_per_floor":[75,57,57,57,57,57,49,49,49,71,69,64,61,52,52,50,80,61,61,61,21,21,45,30,30,40,0,0],"gold":260,"neow_bonus":"THREE_ENEMY_KILL","is_daily":false,"chose_seed":false,"campfire_upgraded":2,"win_rate":0.0,"timestamp":1608679203,"path_taken":["M","?","M","$","M","R","M","?","T","R","M","?","M","M","R","BOSS","M","?","?","?","?","R","?","?","T","E"],"items_purchased_type":["Card"],"build_version":"2020-12-13","purchased_purges":0,"victory":false,"max_hp_per_floor":[75,75,75,75,75,75,75,75,75,75,75,75,75,75,75,80,80,80,80,80,80,80,80,85,85,95,95,95],"card_choices":[{"not_picked":["TheCursedMod:Stretching","TheCursedMod:Stigma","TheCursedMod:CursedAmulet"],"picked":"SKIP","floor":1},{"not_picked":["TheCursedMod:SpreadPlague","TheCursedMod:TacticalStrike"],"picked":"TheCursedMod:CursedBlade","floor":3},{"not_picked":["TheCursedMod:TacticalStrike","TheCursedMod:Obscuration"],"picked":"TheCursedMod:CursedShiv","floor":5},{"not_picked":["TheCursedMod:ShockAndAwe","TheCursedMod:SpitefulPray"],"picked":"TheCursedMod:CursedShiv","floor":7},{"not_picked":["TheCursedMod:RavingStaff","TheCursedMod:Hemoplague"],"picked":"TheCursedMod:Torture","floor":11},{"not_picked":["TheCursedMod:PrepareRite","TheCursedMod:FleshFromBone"],"picked":"TheCursedMod:SmokeScreen","floor":12},{"not_picked":["TheCursedMod:SmokeScreen","TheCursedMod:SaltUponWound"],"picked":"TheCursedMod:Stigma","floor":13},{"not_picked":["TheCursedMod:Grudge","TheCursedMod:ReleasedKnowledge"],"picked":"TheCursedMod:CircleOfBlood","floor":14},{"not_picked":["TheCursedMod:CircleOfAbyss","TheCursedMod:VoidForm"],"picked":"TheCursedMod:CursedRelics","floor":16},{"not_picked":["TheCursedMod:TacticalStrike+1","TheCursedMod:VitalStrike+1"],"picked":"TheCursedMod:FleshFromBone","floor":18},{"not_picked":["TheCursedMod:SmokeScreen","TheCursedMod:VitalStrike+1"],"picked":"TheCursedMod:TroublousMinions+1","floor":21}],"player_experience":50101,"relics_obtained":[{"floor":8,"key":"Toy Ornithopter"},{"floor":9,"key":"Ancient Tea Set"},{"floor":17,"key":"Boot"},{"floor":17,"key":"Molten Egg 2"},{"floor":17,"key":"Peace Pipe"},{"floor":26,"key":"Pear"}],"event_choices":[{"damage_healed":0,"gold_gain":0,"player_choice":"Success","damage_taken":18,"relics_obtained":["Potion Belt"],"max_hp_gain":0,"max_hp_loss":0,"event_name":"Scrap Ooze","floor":2,"gold_loss":0},{"damage_healed":0,"gold_gain":0,"player_choice":"Ignored","damage_taken":0,"max_hp_gain":0,"max_hp_loss":0,"event_name":"Ghosts","floor":19,"gold_loss":0},{"damage_healed":0,"gold_gain":0,"player_choice":"3 cards matched","damage_taken":0,"max_hp_gain":0,"max_hp_loss":0,"event_name":"Match and Keep!","floor":20,"gold_loss":0,"cards_obtained":["TheCursedMod:Stretching","Mind Blast","Doubt"]},{"damage_healed":0,"gold_gain":0,"player_choice":"Inject Mutagens","damage_taken":0,"relics_obtained":["MutagenicStrength"],"max_hp_gain":0,"max_hp_loss":0,"event_name":"Drug Dealer","floor":22,"gold_loss":0},{"damage_healed":0,"gold_gain":0,"player_choice":"Shed Blood","damage_taken":20,"max_hp_gain":5,"max_hp_loss":0,"event_name":"Forgotten Altar","floor":24,"gold_loss":0},{"cards_removed":["Doubt"],"damage_healed":0,"gold_gain":0,"player_choice":"Gave Gold","damage_taken":0,"max_hp_gain":0,"max_hp_loss":0,"event_name":"Beggar","floor":25,"gold_loss":75}],"is_beta":false,"boss_relics":[{"not_picked":["Tiny House","TheCursedMod:BlackMagicAdvanced"],"picked":"Calling Bell"}],"items_purged_floors":[],"is_endless":false,"potions_floor_spawned":[3,5,11,13,14],"killed_by":"Gremlin Leader","ascension_level":0}}