{"host":"y89x8uui45kcjy42","time":1608597439,"event":{"mods":["2.2 Compatiblity","BaseMod","CapriCore","Colored Map","Colored Powertips","Custom Start","Friendly Minions","Highlight Path","Keyboard Shortcuts","Minty Spire (QoL Compilation)","Relic Stats","Slay the Relics Exporter","StSLib","SuperFastMode","Waifu the Spire"],"gold_per_floor":[109,109,30,49,64,94,94,126,126,153,153,185,46,46,46,124,124,137,222,222,222,111,111,146,178,205,205,205,235,235,261,261,336,336,348,108,68,79,79,79,89,123,202,202,214,239,239,269,269,269,269],"floor_reached":50,"playtime":1247,"items_purged":["Strike_P","Defend_P","FearNoEvil"],"score":1577,"play_id":"441892fa-1286-4350-b088-fc22fb5874d6","local_time":"20201222093719","is_ascension_mode":true,"campfire_choices":[{"data":"FlurryOfBlows","floor":7,"key":"SMITH"},{"data":"Indignation","floor":11,"key":"SMITH"},{"floor":15,"key":"RECALL"},{"data":"MasterReality","floor":23,"key":"SMITH"},{"data":"Tantrum","floor":27,"key":"SMITH"},{"data":"TalkToTheHand","floor":28,"key":"SMITH"},{"data":"Vigilance","floor":30,"key":"SMITH"},{"data":"TalkToTheHand","floor":32,"key":"SMITH"},{"data":"BattleHymn","floor":40,"key":"SMITH"},{"data":"MentalFortress","floor":47,"key":"SMITH"},{"data":"Finesse+1","floor":49,"key":"PURGE"}],"circlet_count":0,"master_deck":["Eruption+1","Vigilance+1","Indignation+1","FlurryOfBlows+1","InnerPeace+1","FlurryOfBlows+1","Tantrum+1","BattleHymn+1","TalkToTheHand+1","TalkToTheHand+1","Omniscience+1","MentalFortress+1"],"relics":["HolyWater","Oddly Smooth Stone","Vajra","Singing Bowl","The Courier","Membership Card","Lantern","Toxic Egg 2","Orichalcum","Medical Kit","SacredBark","Potion Belt","TheAbacus","Bronze Scales","Question Card","Du-Vu Doll","Red Mask","Art of War","Potion Belt","Coffee Dripper","Pear","PreservedInsect","Bag of Preparation","StrikeDummy","WingedGreaves","Peace Pipe","Ancient Tea Set"],"acts_visited":["Exordium","TheCity","TheBeyond"],"potions_floor_usage":[],"damage_taken":[{"damage":0,"enemies":"2 Louse","floor":1,"turns":2},{"damage":0,"enemies":"Jaw Worm","floor":4,"turns":1},{"damage":0,"enemies":"Small Slimes","floor":5,"turns":1},{"damage":16,"enemies":"3 Sentries","floor":6,"turns":6},{"damage":11,"enemies":"Lagavulin","floor":8,"turns":3},{"damage":16,"enemies":"3 Sentries","floor":10,"turns":6},{"damage":0,"enemies":"Lagavulin","floor":12,"turns":3},{"damage":0,"enemies":"Slime Boss","floor":16,"turns":4},{"damage":5,"enemies":"2 Thieves","floor":18,"turns":2},{"damage":24,"enemies":"Slavers","floor":24,"turns":4},{"damage":10,"enemies":"Masked Bandits","floor":25,"turns":2},{"damage":0,"enemies":"Gremlin Leader","floor":29,"turns":2},{"damage":11,"enemies":"Slavers","floor":31,"turns":2},{"damage":10,"enemies":"Collector","floor":33,"turns":5},{"damage":28,"enemies":"3 Darklings","floor":35,"turns":3},{"damage":34,"enemies":"3 Shapes","floor":38,"turns":3},{"damage":60,"enemies":"Sphere and 2 Shapes","floor":41,"turns":4},{"damage":0,"enemies":"Giant Head","floor":42,"turns":3},{"damage":74,"enemies":"4 Shapes","floor":45,"turns":2},{"damage":0,"enemies":"Mind Bloom Boss Battle","floor":46,"turns":3},{"damage":0,"enemies":"Reptomancer","floor":48,"turns":2},{"damage":66,"enemies":"Awakened One","floor":50,"turns":3}],"seed_played":"5011780921825865870","potions_obtained":[{"floor":1,"key":"SteroidPotion"},{"floor":5,"key":"Energy Potion"},{"floor":10,"key":"DuplicationPotion"},{"floor":12,"key":"Strength Potion"},{"floor":18,"key":"DistilledChaos"},{"floor":24,"key":"BlessingOfTheForge"},{"floor":33,"key":"FearPotion"},{"floor":37,"key":"Regen Potion"},{"floor":37,"key":"Fire Potion"},{"floor":42,"key":"CultistPotion"}],"is_trial":false,"path_per_floor":["M","?","$","M","M","E","R","E","T","E","R","E","$","?","R","B",null,"M","$","?","?","$","R","E","?","T","R","R","E","R","E","R","B",null,"M","$","?","M","?","R","M","E","T","?","M","?","R","E","R","B"],"character_chosen":"WATCHER","items_purchased":["CarveReality","Medical Kit","Finesse+1","TheAbacus","Bronze Scales","BattleHymn","Question Card","Pear","PreservedInsect"],"campfire_rested":0,"item_purchase_floors":[3,13,13,19,19,19,22,36,36],"current_hp_per_floor":[61,43,43,43,43,29,29,20,20,57,57,57,57,57,57,57,68,63,63,63,63,63,63,41,33,33,33,33,35,35,24,24,14,62,36,46,46,14,102,102,44,46,46,46,63,63,63,65,65,0,0],"gold":269,"neow_bonus":"UPGRADE_CARD","is_daily":false,"chose_seed":false,"campfire_upgraded":9,"win_rate":0.0,"timestamp":1608597439,"path_taken":["M","?","$","M","M","E","R","E","T","E","R","E","$","?","R","BOSS","M","$","?","?","$","R","E","?","T","R","R","E","R","E","R","BOSS","M","$","?","?","?","R","?","E","T","?","M","?","R","E","R","BOSS"],"items_purchased_type":["Card","Relic","Card","Relic","Relic","Card","Relic","Relic","Relic"],"build_version":"2020-12-13","purchased_purges":3,"victory":false,"max_hp_per_floor":[68,68,68,68,68,70,70,72,72,72,72,72,72,72,72,72,72,72,72,72,72,72,72,74,76,76,76,76,78,78,78,78,78,78,80,90,90,92,102,102,104,106,106,101,103,103,103,105,105,105,105],"relic_stats":{"Peace Pipe":1,"TheAbacus":[72],"Singing Bowl":22,"counters":[22,66],"Bronze Scales":[102],"PreservedInsect":192,"Art of War":[0],"Bag of Preparation":[8],"Orichalcum":[30],"Medical Kit":[2],"Question Card":12,"obtain_stats":[{"Lantern":8,"Singing Bowl":2,"SacredBark":17,"Vajra":0,"Bag of Preparation":42,"Ancient Tea Set":48,"TheAbacus":19,"WingedGreaves":6,"Red Mask":25,"Toxic Egg 2":9,"Potion Belt":17,"Pear":36,"Oddly Smooth Stone":0,"The Courier":6,"PreservedInsect":36,"Orichalcum":10,"Medical Kit":13,"Question Card":22,"Du-Vu Doll":24,"Peace Pipe":46,"Bronze Scales":19,"HolyWater":0,"Art of War":29,"Coffee Dripper":34,"Membership Card":7,"PureWater":0,"StrikeDummy":43},{"Lantern":5,"Singing Bowl":1,"SacredBark":8,"Vajra":0,"Bag of Preparation":18,"Ancient Tea Set":21,"TheAbacus":9,"WingedGreaves":4,"Red Mask":11,"Toxic Egg 2":5,"Potion Belt":8,"Pear":15,"Oddly Smooth Stone":0,"The Courier":4,"PreservedInsect":15,"Orichalcum":6,"Medical Kit":7,"Question Card":9,"Du-Vu Doll":10,"Peace Pipe":20,"Bronze Scales":9,"HolyWater":0,"Art of War":12,"Coffee Dripper":14,"Membership Card":4,"PureWater":0,"StrikeDummy":18},{"Lantern":13,"Singing Bowl":2,"SacredBark":26,"Vajra":0,"Bag of Preparation":56,"Ancient Tea Set":63,"TheAbacus":28,"WingedGreaves":10,"Red Mask":34,"Toxic Egg 2":13,"Potion Belt":26,"Pear":46,"Oddly Smooth Stone":0,"The Courier":10,"PreservedInsect":46,"Orichalcum":19,"Medical Kit":22,"Question Card":28,"Du-Vu Doll":32,"Peace Pipe":61,"Bronze Scales":28,"HolyWater":0,"Art of War":36,"Coffee Dripper":43,"Membership Card":10,"PureWater":0,"StrikeDummy":56}]},"card_choices":[{"not_picked":["EmptyFist","JustLucky"],"picked":"FearNoEvil","floor":1},{"not_picked":["Swivel","Protect"],"picked":"Indignation","floor":4},{"not_picked":["EmptyMind","ThirdEye"],"picked":"FlurryOfBlows","floor":5},{"not_picked":["FollowUp","Perseverance","Crescendo"],"picked":"Singing Bowl","floor":6},{"not_picked":["EmptyBody","FlyingSleeves","Sanctity"],"picked":"Singing Bowl","floor":8},{"not_picked":["SandsOfTime","Devotion"],"picked":"InnerPeace+1","floor":10},{"not_picked":["BowlingBash","Halt+1"],"picked":"FlurryOfBlows","floor":12},{"not_picked":["Scrawl+1","Judgement+1"],"picked":"MasterReality","floor":16},{"not_picked":["TalkToTheHand","ThirdEye+1"],"picked":"Tantrum","floor":18},{"not_picked":["Prostrate+1","Protect+1","Study+1","InnerPeace+1"],"picked":"Singing Bowl","floor":24},{"not_picked":["Conclude","CutThroughFate","Consecrate","Sanctity+1"],"picked":"Singing Bowl","floor":25},{"not_picked":["ThirdEye+1","Judgement+1","Weave","SashWhip"],"picked":"Singing Bowl","floor":29},{"not_picked":["CrushJoints","ReachHeaven","Consecrate"],"picked":"TalkToTheHand","floor":31},{"not_picked":["Blasphemy+1","ConjureBlade+1","Wish+1"],"picked":"Omniscience+1","floor":33},{"not_picked":["Vengeance+1","LikeWater","CutThroughFate","WheelKick+1"],"picked":"Singing Bowl","floor":35},{"not_picked":["Worship+1","Wireheading+1","FollowUp+1","Vengeance+1"],"picked":"Singing Bowl","floor":38},{"not_picked":["Crescendo+1","CrushJoints","Prostrate+1","Consecrate"],"picked":"Singing Bowl","floor":41},{"not_picked":["LessonLearned","CutThroughFate","ThirdEye+1","EmptyBody+1"],"picked":"Singing Bowl","floor":42},{"not_picked":["ReachHeaven+1","SashWhip+1","Perseverance+1","Prostrate+1"],"picked":"Singing Bowl","floor":45},{"not_picked":["Nirvana","Prostrate+1","Wallop"],"picked":"MentalFortress","floor":46},{"not_picked":["ConjureBlade+1","JustLucky","FlurryOfBlows+1","Conclude"],"picked":"Singing Bowl","floor":48}],"player_experience":508748,"relics_obtained":[{"floor":6,"key":"The Courier"},{"floor":8,"key":"Lantern"},{"floor":9,"key":"Toxic Egg 2"},{"floor":10,"key":"Orichalcum"},{"floor":24,"key":"Du-Vu Doll"},{"floor":25,"key":"Red Mask"},{"floor":29,"key":"Art of War"},{"floor":31,"key":"Potion Belt"},{"floor":42,"key":"Bag of Preparation"},{"floor":43,"key":"StrikeDummy"},{"floor":46,"key":"Peace Pipe"},{"floor":48,"key":"Ancient Tea Set"}],"event_choices":[{"damage_healed":0,"gold_gain":0,"player_choice":"Success","damage_taken":18,"relics_obtained":["Singing Bowl"],"max_hp_gain":0,"max_hp_loss":0,"event_name":"Scrap Ooze","floor":2,"gold_loss":0},{"damage_healed":0,"gold_gain":0,"player_choice":"Grow","damage_taken":0,"max_hp_gain":0,"max_hp_loss":0,"event_name":"Living Wall","floor":14,"gold_loss":0,"cards_upgraded":["FlurryOfBlows"]},{"damage_healed":0,"gold_gain":0,"player_choice":"Read","damage_taken":0,"max_hp_gain":0,"max_hp_loss":0,"event_name":"The Library","floor":20,"gold_loss":0,"cards_obtained":["TalkToTheHand"]},{"cards_removed":["CarveReality"],"damage_healed":0,"gold_gain":0,"player_choice":"Elegance","damage_taken":0,"max_hp_gain":0,"max_hp_loss":0,"event_name":"Back to Basics","floor":21,"gold_loss":0},{"damage_healed":0,"gold_gain":0,"player_choice":"Fought Bandits","damage_taken":0,"max_hp_gain":0,"max_hp_loss":0,"event_name":"Masked Bandits","floor":25,"gold_loss":0},{"damage_healed":0,"gold_gain":0,"player_choice":"Bought 3 Potions","damage_taken":0,"max_hp_gain":0,"max_hp_loss":0,"event_name":"The Woman in Blue","floor":37,"gold_loss":0},{"cards_removed":["MasterReality"],"damage_healed":78,"gold_gain":0,"player_choice":"Offered Rare","damage_taken":0,"max_hp_gain":10,"max_hp_loss":0,"event_name":"Bonfire Elementals","floor":39,"gold_loss":0},{"damage_healed":0,"gold_gain":0,"player_choice":"Max HP","damage_taken":0,"max_hp_gain":0,"max_hp_loss":5,"event_name":"Winding Halls","floor":44,"gold_loss":0},{"damage_healed":0,"gold_gain":0,"player_choice":"Fight","damage_taken":0,"max_hp_gain":0,"max_hp_loss":0,"event_name":"MindBloom","floor":46,"gold_loss":0}],"is_beta":false,"boss_relics":[{"not_picked":["Cursed Key","Runic Pyramid"],"picked":"SacredBark"},{"not_picked":["Fusion Hammer","Velvet Choker","Pandora\u0027s Box"]}],"items_purged_floors":[13,19,36],"is_endless":false,"potions_floor_spawned":[1,5,6,10,12,16,18,24,33,42,45,46],"killed_by":"Awakened One","ascension_level":20}}