{"host":"hoz3ngw650fbea07","time":1608651490,"event":{"mods":["AchievementEnabler","Aspiration","BaseMod","Better Altar","Better Match","Better Note","Better Sensory Stone","Better Skull","Better Third Choice","BetterRewards","CCEM","Clawfect","Colored Map","Conspire","Downfall","GifTheSpireLib","Halation","Highlight Path","Hubris","Infinite Spire","Minty Spire (QoL Compilation)","Permanent Neow","StSLib","Unceasing Turn Reminder","Waifu the Spire","everything is the same but u backflip on backflip","slay the spire mod where everything is the same but ironclad has a cowboy hat"],"gold_per_floor":[99,112,126,126,142,142,142,172,185,185,185,213,138,154,168,268,268,268,282,297,297,297,297,297],"floor_reached":22,"playtime":943,"items_purged":["Pain"],"score":206,"play_id":"867b6117-78e9-4d60-8a93-388b7d23f888","local_time":"20201222083810","is_ascension_mode":true,"campfire_choices":[{"data":"Slimebound:Split","floor":1.0,"key":"SMITH"},{"data":"Slimebound:PressTheAttack","floor":6.0,"key":"SMITH"},{"data":"Slimebound:MinionMaster","floor":13.0,"key":"SMITH"},{"data":"Slimebound:Darklings","floor":18,"key":"SMITH"}],"circlet_count":0,"master_deck":["Slimebound:Strike_Slimebound","Slimebound:Strike_Slimebound","Slimebound:Strike_Slimebound","Slimebound:Tackle","Slimebound:Defend_Slimebound","Slimebound:Defend_Slimebound","Slimebound:Defend_Slimebound","Slimebound:Defend_Slimebound","Slimebound:Split+1","Slimebound:CorrosiveSpit","Slimebound:MinionMaster+1","Slimebound:PressTheAttack+1","Slimebound:SplitBruiser","Slimebound:OozeBath","Slimebound:Darklings+1","Slimebound:Gluttony+1"],"relics":["Slimebound:AbsorbEndCombat","Mercury Hourglass","CCEMRelics:GrindingGear","Pen Nib","downfall:HeartBlessingGreen","Coffee Dripper","Black Star","Centennial Puzzle"],"acts_visited":["Exordium","TheCity"],"potions_floor_usage":[15,16,20],"damage_taken":[{"damage":12.0,"enemies":"2 Louse","floor":2.0,"turns":2.0},{"damage":20.0,"enemies":"infinitespire:Voidling","floor":3.0,"turns":3.0},{"damage":9.0,"enemies":"Small Slimes","floor":5.0,"turns":3.0},{"damage":16.0,"enemies":"Gremlin Nob","floor":8.0,"turns":3.0},{"damage":14.0,"enemies":"Exordium Wildlife","floor":9.0,"turns":4.0},{"damage":34.0,"enemies":"3 Sentries","floor":12.0,"turns":4.0},{"damage":12.0,"enemies":"conspire:2 RoseBushes","floor":14.0,"turns":3.0},{"damage":13,"enemies":"Red Slaver","floor":15,"turns":4},{"damage":61,"enemies":"downfall:Ironclad","floor":16,"turns":6},{"damage":45,"enemies":"Shell Parasite","floor":19,"turns":3},{"damage":40,"enemies":"Spheric Guardian","floor":20,"turns":4},{"damage":22,"enemies":"Centurion and Healer","floor":22,"turns":3}],"seed_played":"-6149774328649004629","potions_obtained":[{"floor":2.0,"key":"Energy Potion"},{"floor":3.0,"key":"DuplicationPotion"},{"floor":5.0,"key":"champ:CounterPotion"},{"floor":12.0,"key":"Guardian:BlockOnCardUsePotion"},{"floor":15,"key":"Regen Potion"},{"floor":19,"key":"Explosive Potion"}],"is_trial":false,"path_per_floor":["R","M","M","?","M","R","T","E","M","?","?","E","R","M","M","B",null,"R","M","M","AVR","M"],"character_chosen":"SLIMEBOUND","items_purchased":[],"campfire_rested":0,"item_purchase_floors":[],"current_hp_per_floor":[60,56,50,53,54,54,54,48,46,60,60,40,40,42,39,15,60,60,45,17,17,0,0,0],"gold":297,"neow_bonus":"THREE_RARE_CARDS","is_daily":false,"chose_seed":false,"campfire_upgraded":4,"win_rate":0.0,"timestamp":1608651490,"path_taken":["R","M","M","?","M","R","T","E","?","?","?","E","R","M","M","BOSS","R","M","M","AVR","M"],"items_purchased_type":[],"build_version":"2020-12-13","purchased_purges":1,"victory":false,"max_hp_per_floor":[60,60,60,60,60,60,60,60,60,60,60,60,60,60,60,60,60,60,60,60,60,60,60,60],"card_choices":[{"not_picked":["Slimebound:DouseInSlime","Slimebound:SlimeSlap"],"picked":"Slimebound:MinionMaster","floor":0.0},{"not_picked":["Slimebound:ServeAndProtect","Slimebound:FirmFortitude"],"picked":"Slimebound:PressTheAttack","floor":2.0},{"not_picked":["Slimebound:ItLooksTasty","Slimebound:FinishingTackle","Slimebound:Recollect"],"picked":"SKIP","floor":3.0},{"not_picked":["Slimebound:Schlurp","Slimebound:ServeAndProtect","Slimebound:SlimeTap"],"picked":"SKIP","floor":5.0},{"not_picked":["Slimebound:DivideAndConquer","Slimebound:LeechingTouch","Slimebound:Grow"],"picked":"SKIP","floor":8.0},{"not_picked":["Slimebound:Repurpose","Slimebound:SlimeSpikes"],"picked":"Slimebound:SplitBruiser","floor":9.0},{"not_picked":["Slimebound:Repurpose","Slimebound:FinishingTackle","Slimebound:PressTheAttack"],"picked":"SKIP","floor":12.0},{"not_picked":["Slimebound:Prepare","Slimebound:SlimeTap","Slimebound:DisruptingSlam"],"picked":"SKIP","floor":14.0},{"not_picked":["Slimebound:Repurpose","Slimebound:SlimeSpikes"],"picked":"Slimebound:OozeBath","floor":15},{"not_picked":["Slimebound:DuplicatedForm","Slimebound:TagTeam"],"picked":"Slimebound:Darklings","floor":16},{"not_picked":["Slimebound:ViciousTackle","Slimebound:SplitMire","Slimebound:HungryTackle"],"picked":"SKIP","floor":19},{"not_picked":["Slimebound:SamplingLick","Slimebound:ItLooksTasty"],"picked":"Slimebound:Gluttony+1","floor":20}],"player_experience":119148,"relics_obtained":[{"floor":7.0,"key":"Mercury Hourglass"},{"floor":8.0,"key":"CCEMRelics:GrindingGear"},{"floor":12.0,"key":"Pen Nib"}],"event_choices":[{"damage_healed":3.0,"max_hp_gain":0.0,"max_hp_loss":0.0,"gold_gain":0.0,"event_name":"betterSkull:BetterSkull","player_choice":"LEAVE ","floor":4.0,"gold_loss":0.0,"damage_taken":0.0,"cards_upgraded":[],"relics_obtained":[]},{"damage_healed":20.0,"max_hp_gain":0.0,"max_hp_loss":0.0,"gold_gain":0.0,"event_name":"Big Fish","player_choice":"Banana","floor":10.0,"gold_loss":0.0,"damage_taken":0.0}],"is_beta":false,"boss_relics":[{"not_picked":["aspiration:FutureDiary","halation:Yufonium"],"picked":"Coffee Dripper"}],"items_purged_floors":[21],"is_endless":false,"potions_floor_spawned":[2,3,5,12,15,19],"killed_by":"Centurion and Healer","ascension_level":1}}