{"host":"a1eatafr7pisesky","time":1608642285,"event":{"mods":["BaseMod","Colored Map","DeckTracker","Highlight Path","Keyboard Shortcuts","Minty Spire (QoL Compilation)","Permanent Neow","Random Character Button","StSLib","SuperFastMode","everything is the same but u backflip on backflip"],"gold_per_floor":[111,123,123,138,152,185,147,192,252,282,294,316,25,38,38,137,137,149,49,49,69,69,69,104,104,104,138,149,161,195,213,213,317,317,333,333,360,379,429,429,448,448,448,448,462,337,364,378,378,378],"floor_reached":51,"playtime":1921,"items_purged":["Strike_P","Defend_P","Defend_P"],"score":1064,"play_id":"db2ff203-e6ba-452c-be60-8c84cd03e129","local_time":"20201222220445","is_ascension_mode":true,"campfire_choices":[{"floor":15.0,"key":"REST"},{"data":"Prostrate","floor":23.0,"key":"SMITH"},{"data":"MentalFortress","floor":32.0,"key":"SMITH"},{"data":"MentalFortress","floor":40,"key":"SMITH"},{"data":"Worship","floor":42,"key":"SMITH"},{"data":"Vault","floor":44,"key":"SMITH"},{"data":"EmptyMind","floor":49,"key":"SMITH"}],"circlet_count":0,"master_deck":["Strike_P","Defend_P+1","Defend_P+1","Eruption+1","Vigilance","Prostrate","EmptyMind+1","Tantrum+1","Worship+1","Halt","TalkToTheHand+1","MentalFortress+1","Brilliance","Prostrate+1","SignatureMove","MentalFortress+1","Wallop+1","Prostrate+1","CutThroughFate+1","Vault+1","Prostrate","WheelKick"],"relics":["HolyWater","MawBank","InkBottle","Potion Belt","Coffee Dripper","Akabeko","Oddly Smooth Stone","Pen Nib","MealTicket","Whetstone","Lizard Tail","Du-Vu Doll"],"acts_visited":["Exordium","TheCity","TheBeyond"],"potions_floor_usage":[50,50,50],"damage_taken":[{"damage":0.0,"enemies":"2 Louse","floor":1.0,"turns":1.0},{"damage":19.0,"enemies":"Jaw Worm","floor":2.0,"turns":2.0},{"damage":0.0,"enemies":"Cultist","floor":4.0,"turns":4.0},{"damage":6.0,"enemies":"Looter","floor":5.0,"turns":2.0},{"damage":0.0,"enemies":"Gremlin Nob","floor":6.0,"turns":2.0},{"damage":23.0,"enemies":"3 Sentries","floor":8.0,"turns":7.0},{"damage":0.0,"enemies":"Blue Slaver","floor":10.0,"turns":6.0},{"damage":1.0,"enemies":"Exordium Wildlife","floor":12.0,"turns":4.0},{"damage":6.0,"enemies":"Large Slime","floor":14.0,"turns":7.0},{"damage":0.0,"enemies":"Slime Boss","floor":16.0,"turns":4.0},{"damage":10.0,"enemies":"2 Thieves","floor":18.0,"turns":4.0},{"damage":0.0,"enemies":"Spheric Guardian","floor":21.0,"turns":3.0},{"damage":4.0,"enemies":"Gremlin Leader","floor":24.0,"turns":4.0},{"damage":0.0,"enemies":"Slavers","floor":27.0,"turns":4.0},{"damage":23.0,"enemies":"Snake Plant","floor":28.0,"turns":3.0},{"damage":0.0,"enemies":"Centurion and Healer","floor":29.0,"turns":3.0},{"damage":20.0,"enemies":"Gremlin Leader","floor":30.0,"turns":5.0},{"damage":0.0,"enemies":"Chosen and Byrds","floor":31.0,"turns":3.0},{"damage":1.0,"enemies":"Collector","floor":33.0,"turns":5.0},{"damage":1,"enemies":"3 Darklings","floor":35,"turns":5},{"damage":0,"enemies":"Orb Walker","floor":38,"turns":2},{"damage":6,"enemies":"Mind Bloom Boss Battle","floor":39,"turns":4},{"damage":0,"enemies":"Spire Growth","floor":41,"turns":3},{"damage":23,"enemies":"Transient","floor":45,"turns":5},{"damage":12,"enemies":"Nemesis","floor":47,"turns":6},{"damage":0,"enemies":"Jaw Worm Horde","floor":48,"turns":3},{"damage":53,"enemies":"Time Eater","floor":50,"turns":10}],"seed_played":"2524492251238307127","potions_obtained":[{"floor":5.0,"key":"DistilledChaos"},{"floor":6.0,"key":"Strength Potion"},{"floor":12.0,"key":"Strength Potion"},{"floor":18.0,"key":"DuplicationPotion"},{"floor":20.0,"key":"Regen Potion"},{"floor":20.0,"key":"LiquidBronze"},{"floor":20.0,"key":"ColorlessPotion"},{"floor":27.0,"key":"AttackPotion"},{"floor":28.0,"key":"AttackPotion"},{"floor":29.0,"key":"EssenceOfSteel"},{"floor":30.0,"key":"FearPotion"},{"floor":39,"key":"Weak Potion"},{"floor":45,"key":"Swift Potion"}],"is_trial":false,"path_per_floor":["M","M","?","M","M","E","?","E","T","M","?","M","$","M","R","B",null,"M","$","?","M","$","R","E","?","T","E","M","M","E","M","R","B",null,"M","?","T","M","?","R","M","R","T","R","M","$","E","M","R","B",null],"character_chosen":"WATCHER","items_purchased":["MentalFortress","Brilliance"],"campfire_rested":1,"item_purchase_floors":[13,13],"current_hp_per_floor":[72,53,39,39,33,33,33,10,10,10,10,9,9,3,24,24,72,62,62,62,62,62,62,58,58,58,58,35,35,24,24,24,23,72,71,68,68,68,62,62,62,62,62,62,39,54,42,42,42,27],"gold":378,"neow_bonus":"UPGRADE_CARD","is_daily":false,"chose_seed":false,"campfire_upgraded":6,"win_rate":0.0,"timestamp":1608642285,"path_taken":["M","M","?","M","M","E","?","E","T","M","?","M","$","?","R","BOSS","M","$","?","?","$","R","E","?","T","E","M","M","E","M","R","BOSS","M","?","?","M","?","R","?","R","T","R","M","$","E","M","R","BOSS"],"items_purchased_type":["Card","Card"],"build_version":"2020-12-13","purchased_purges":3,"victory":true,"max_hp_per_floor":[72,72,72,72,72,72,72,72,72,72,72,72,72,72,72,72,72,72,72,72,72,72,72,72,72,72,72,72,72,72,72,72,72,72,72,68,68,68,68,68,68,68,68,68,68,68,68,68,68,68],"card_choices":[{"not_picked":["EmptyFist","ThirdEye"],"picked":"Prostrate","floor":1.0},{"not_picked":["SignatureMove","BowlingBash"],"picked":"EmptyMind","floor":2.0},{"not_picked":["BattleHymn","Study"],"picked":"Tantrum","floor":4.0},{"not_picked":["FlurryOfBlows","EmptyFist"],"picked":"Worship","floor":5.0},{"not_picked":["PathToVictory","Perseverance"],"picked":"Halt","floor":6.0},{"not_picked":["ForeignInfluence","Perseverance","Blasphemy"],"picked":"SKIP","floor":8.0},{"not_picked":["FlyingSleeves","Tantrum","JustLucky"],"picked":"SKIP","floor":10.0},{"not_picked":["Indignation","Fasting2"],"picked":"TalkToTheHand","floor":12.0},{"not_picked":["TalkToTheHand","EmptyMind","Crescendo"],"picked":"SKIP","floor":14.0},{"not_picked":["BowlingBash+1","PathToVictory"],"picked":"Prostrate","floor":18.0},{"not_picked":["Crescendo","ClearTheMind","FollowUp"],"picked":"SKIP","floor":21.0},{"not_picked":["Crescendo","ForeignInfluence"],"picked":"SignatureMove","floor":24.0},{"not_picked":["Weave","Protect"],"picked":"MentalFortress","floor":27.0},{"not_picked":["Prostrate","Halt"],"picked":"Wallop+1","floor":28.0},{"not_picked":["JustLucky","SignatureMove"],"picked":"Prostrate+1","floor":29.0},{"not_picked":["BattleHymn","ReachHeaven"],"picked":"CutThroughFate+1","floor":30.0},{"not_picked":["Vengeance","Wireheading","Evaluate+1"],"picked":"SKIP","floor":31.0},{"not_picked":["MasterReality","SpiritShield"],"picked":"Vault","floor":33.0},{"not_picked":["Perseverance","SashWhip","Collect+1"],"picked":"SKIP","floor":35},{"not_picked":["LikeWater+1","EmptyBody","EmptyFist"],"picked":"SKIP","floor":38},{"not_picked":["EmptyBody+1","BowlingBash"],"picked":"Prostrate","floor":39},{"not_picked":["InnerPeace+1","ForeignInfluence"],"picked":"WheelKick","floor":41},{"not_picked":["Conclude+1","PathToVictory+1","BattleHymn+1"],"picked":"SKIP","floor":45},{"not_picked":["FollowUp+1","Meditate","DevaForm"],"picked":"SKIP","floor":47},{"not_picked":["ClearTheMind+1","ForeignInfluence+1","WheelKick+1"],"picked":"SKIP","floor":48}],"player_experience":230018,"relics_obtained":[{"floor":6.0,"key":"MawBank"},{"floor":8.0,"key":"InkBottle"},{"floor":9.0,"key":"Potion Belt"},{"floor":24.0,"key":"Akabeko"},{"floor":26.0,"key":"Oddly Smooth Stone"},{"floor":27.0,"key":"Pen Nib"},{"floor":30.0,"key":"MealTicket"},{"floor":37,"key":"Whetstone"},{"floor":39,"key":"Lizard Tail"},{"floor":47,"key":"Du-Vu Doll"}],"event_choices":[{"damage_healed":0.0,"max_hp_gain":0.0,"max_hp_loss":0.0,"gold_gain":0.0,"event_name":"Shining Light","player_choice":"Entered Light","floor":3.0,"gold_loss":0.0,"damage_taken":14.0,"cards_upgraded":["Defend_P","Defend_P"]},{"cards_removed":["Strike_P"],"damage_healed":0.0,"max_hp_gain":0.0,"max_hp_loss":0.0,"gold_gain":0.0,"event_name":"The Cleric","player_choice":"Card Removal","floor":7.0,"gold_loss":50.0,"damage_taken":0.0},{"cards_removed":["Strike_P"],"damage_healed":0.0,"max_hp_gain":0.0,"max_hp_loss":0.0,"gold_gain":0.0,"event_name":"Living Wall","player_choice":"Forget","floor":11.0,"gold_loss":0.0,"damage_taken":0.0},{"damage_healed":0.0,"max_hp_gain":0.0,"max_hp_loss":0.0,"gold_gain":0.0,"event_name":"Lab","player_choice":"Got Potions","floor":20.0,"gold_loss":0.0,"damage_taken":0.0},{"damage_healed":0.0,"max_hp_gain":0.0,"max_hp_loss":0.0,"gold_gain":0.0,"event_name":"Vampires","player_choice":"Ignored","floor":25.0,"gold_loss":0.0,"damage_taken":0.0},{"damage_healed":0,"gold_gain":0,"player_choice":"Max HP","damage_taken":0,"max_hp_gain":0,"max_hp_loss":4,"event_name":"Winding Halls","floor":36,"gold_loss":0},{"damage_healed":0,"gold_gain":0,"player_choice":"Fight","damage_taken":0,"max_hp_gain":0,"max_hp_loss":0,"event_name":"MindBloom","floor":39,"gold_loss":0}],"is_beta":false,"boss_relics":[{"not_picked":["Cursed Key","Snecko Eye"],"picked":"Coffee Dripper"},{"not_picked":["Fusion Hammer","Philosopher\u0027s Stone"],"picked":"HolyWater"}],"items_purged_floors":[13,19,46],"is_endless":false,"potions_floor_spawned":[5,6,12,18,27,28,29,30,39,45,48],"ascension_level":4}}