{"host":"x5a6cvihdukvwm3n","time":1608630390,"event":{"mods":["AlwaysNeverKeys","Aspiration","BaseMod","Beaked The Cultist","BetterRewards","Colored Map","Colored Powertips","Conspire","Curses Come First","Downfall","Friendly Minions","GifTheSpireLib","Gremlin Mod","Halation","Highlight Path","Hubris","Minty Spire (QoL Compilation)","Replay The Spire","Shop Mod","StSLib","Stuff the Spire","SuperFastMode","Synergy Search","Td1madao Mod","The Bladedancer","The Construct","The Disciple","The Jungle","The Servant 0.9.4","vexMod"],"gold_per_floor":[112,124,134,151,2,27,27,47,47,75,85,85,85,85,101,129,129,230,230,249,249,261,261,0,0,0,0,0,0,29,47,47,47],"floor_reached":32,"playtime":3283,"items_purged":[],"score":322,"play_id":"d0684af7-39d4-41a8-9ada-d744b319636d","local_time":"20201222104630","is_ascension_mode":true,"campfire_choices":[{"data":"beaked:Ceremony","floor":7,"key":"SMITH"},{"data":"beaked:RitualOfBody","floor":17,"key":"SMITH"},{"data":"beaked:Ceremony","floor":25,"key":"SMITH"},{"floor":27,"key":"REST"},{"floor":29,"key":"RECALL"}],"circlet_count":0,"master_deck":["beaked:Strike_Y","beaked:Strike_Y","beaked:Strike_Y","beaked:Strike_Y","beaked:Defend_Y","beaked:Defend_Y","beaked:Defend_Y","beaked:Defend_Y","beaked:Ceremony+1","beaked:Ceremony+1","beaked:Ceremony+1","beaked:BraceForImpact","beaked:StickSmack","ReplayTheSpireMod:Wings of Steel","beaked:WarriorSpirit","beaked:BloodRitual","beaked:SurvivalInstinct","beaked:BloodForTheGods","beaked:SacrificialScars","beaked:RitualOfBody+1","beaked:LiftOff+1","beaked:DesperateSwing+1","beaked:Windmill+1","beaked:BraceForImpact","beaked:StunningBlow+1","beaked:RitualOfBody+1"],"relics":["beaked:MendingPlumage","Philosopher\u0027s Stone","conspire:SeveredTorchhead","conspire:TreasureMap","StuffTheSpire:Rhapsscallions","Pet Ghost","Molten Egg 2","Astrolabe","MerchantsRug","halation:Thesaurus","Oddly Smooth Stone","StuffTheSpire:Experiment12","Kunai"],"acts_visited":["Exordium","TheCity"],"potions_floor_usage":[6,6,11,23],"damage_taken":[{"damage":10,"enemies":"Cultist","floor":1,"turns":4},{"damage":17,"enemies":"Jaw Worm","floor":2,"turns":6},{"damage":12,"enemies":"Small Slimes","floor":3,"turns":5},{"damage":13,"enemies":"Red Slaver","floor":4,"turns":5},{"damage":22,"enemies":"3 Sentries","floor":6,"turns":9},{"damage":29,"enemies":"Exordium Wildlife","floor":8,"turns":6},{"damage":0,"enemies":"Lagavulin","floor":10,"turns":9},{"damage":28,"enemies":"Large Slime","floor":11,"turns":6},{"damage":36,"enemies":"Blue Slaver","floor":15,"turns":4},{"damage":30,"enemies":"Replay:BlueRogue","floor":16,"turns":6},{"damage":51,"enemies":"Fading Forest","floor":18,"turns":11},{"damage":28,"enemies":"Chosen","floor":20,"turns":21},{"damage":3,"enemies":"conspire:FuzzyDice","floor":22,"turns":9},{"damage":35,"enemies":"3 Cultists","floor":23,"turns":4},{"damage":58,"enemies":"Replay:Snechameleon","floor":30,"turns":16},{"damage":68,"enemies":"Snake Plant","floor":31,"turns":10},{"damage":66,"enemies":"Cultist and Chosen","floor":32,"turns":6}],"seed_played":"-8893348094196988299","potions_obtained":[{"floor":2,"key":"EssenceOfSteel"},{"floor":3,"key":"SkillPotion"},{"floor":4,"key":"SteroidPotion"},{"floor":11,"key":"SmokeBomb"},{"floor":15,"key":"Doom Potion"},{"floor":20,"key":"Elixir"},{"floor":31,"key":"Doom Potion"}],"is_trial":false,"path_per_floor":["M","M","M","M","$","E","R","M","T","E","M","?","PTL","PTL","M","E","R","B",null,"M","?","M","M","$","R","?","R","T","R","E","M","M"],"character_chosen":"BEAKED_THE_CULTIST","items_purchased":["conspire:TreasureMap","MerchantsRug","halation:Thesaurus"],"campfire_rested":1,"item_purchase_floors":[5,24,24],"current_hp_per_floor":[42,43,49,50,50,49,49,43,43,56,56,56,56,56,32,46,46,32,58,60,60,60,29,29,29,29,47,47,47,62,37,0,0],"gold":47,"neow_bonus":"DOUBLE_BOSS_RELIC","is_daily":false,"chose_seed":false,"campfire_upgraded":3,"win_rate":0.0,"timestamp":1608630390,"path_taken":["M","?","M","M","$","E","R","M","T","E","M","?","PTL","PTL","?","E","R","BOSS","M","?","M","?","$","R","?","R","T","R","E","?","M"],"items_purchased_type":["Relic","Relic","Relic"],"build_version":"2020-12-13","purchased_purges":0,"victory":false,"max_hp_per_floor":[50,50,50,50,50,56,56,56,56,56,56,56,56,56,56,56,56,58,58,60,60,60,60,60,60,60,60,60,60,62,62,62,62],"card_choices":[{"not_picked":["beaked:TuckingFeathers","beaked:CursingBlood","beaked:Daydream"],"picked":"SKIP","floor":1},{"not_picked":["beaked:Tweet","beaked:Redirect"],"picked":"beaked:BraceForImpact","floor":2},{"not_picked":["beaked:Struggle","beaked:Mantra"],"picked":"beaked:StickSmack","floor":3},{"not_picked":["beaked:DigDeep","beaked:BloodForTheGods"],"picked":"ReplayTheSpireMod:Wings of Steel","floor":4},{"not_picked":["beaked:DigDeeper","beaked:LiftOff","beaked:Cower"],"picked":"SKIP","floor":6},{"not_picked":["beaked:Resilience","beaked:CursingBlood"],"picked":"beaked:WarriorSpirit","floor":8},{"not_picked":["beaked:MimicWarrior","beaked:Brace"],"picked":"beaked:BloodRitual","floor":10},{"not_picked":["beaked:CursingBlood","beaked:Tradeoff"],"picked":"beaked:SurvivalInstinct","floor":11},{"not_picked":["beaked:Flinch","beaked:Pecker+1"],"picked":"beaked:SacrificialScars","floor":15},{"not_picked":["beaked:Devastation","beaked:Resilience"],"picked":"beaked:RitualOfBody","floor":16},{"not_picked":["beaked:FullHouse","beaked:Brainwash"],"picked":"beaked:SacrificialScars","floor":18},{"not_picked":["beaked:WindBringer+1","beaked:Poke+1"],"picked":"beaked:Windmill+1","floor":20},{"not_picked":["beaked:StickSmack+1","beaked:Poke+1"],"picked":"beaked:BraceForImpact","floor":22},{"not_picked":["ReplayTheSpireMod:Wings of Steel","beaked:WarriorSpirit"],"picked":"beaked:StunningBlow+1","floor":30},{"not_picked":["beaked:BraceForImpact+1","beaked:Insight+1"],"picked":"beaked:RitualOfBody+1","floor":31}],"player_experience":283810,"relics_obtained":[{"floor":6,"key":"StuffTheSpire:Rhapsscallions"},{"floor":9,"key":"Pet Ghost"},{"floor":10,"key":"Molten Egg 2"},{"floor":16,"key":"aspiration:HiddenCompartment"},{"floor":28,"key":"StuffTheSpire:Experiment12"},{"floor":30,"key":"Kunai"}],"event_choices":[{"damage_healed":0,"gold_gain":0,"player_choice":"2 cards matched","damage_taken":0,"max_hp_gain":0,"max_hp_loss":0,"event_name":"Match and Keep!","floor":12,"gold_loss":0,"cards_obtained":["beaked:BloodForTheGods","beaked:FeelMyPain"]},{"cards_removed":["beaked:SacrificialDive"],"damage_healed":0,"gold_gain":0,"player_choice":"Purged","damage_taken":0,"max_hp_gain":0,"max_hp_loss":0,"event_name":"Purifier","floor":21,"gold_loss":0},{"damage_healed":0,"gold_gain":0,"player_choice":"Forge","damage_taken":0,"max_hp_gain":0,"max_hp_loss":0,"event_name":"Accursed Blacksmith","floor":26,"gold_loss":0,"cards_upgraded":["beaked:Ceremony"]}],"is_beta":false,"boss_relics":[{"not_picked":["StuffTheSpire:RunicHypercube","StuffTheSpire:RunicConfusion"],"picked":"Astrolabe"}],"items_purged_floors":[],"is_endless":false,"potions_floor_spawned":[2,3,4,11,15,20,23,31],"killed_by":"Cultist and Chosen","ascension_level":1}}