{"host":"28bpuzdckreop5i0","time":1608648136,"event":{"mods":["BaseMod","BetterRewards","Challenge The Spire","Defuse TimeMaze Blight","Downfall","Energized Spire","Googly Eyes","Hubris","Lobotomy","Mimic Mod","Minty Spire (QoL Compilation)","Relic Stats","Replay The Spire","Spicy Shops","StSLib","The Awakened One except there are too many feathers","The Cursed","The Hierophant","The IronCluck","Thieving Mod","Transform Curses","Wandering Minibosses","slay the spire mod where everything is the same but ironclad has a cowboy hat"],"gold_per_floor":[111,111,124,140,66,66,16,16,64,92,58,58,98,118,118,222,222,240,260,359,379,419,419,419,419,419],"floor_reached":25,"playtime":1123,"items_purged":[],"score":374,"play_id":"3b9987be-6d7f-4ad6-bb03-f651ba47410f","local_time":"20201222084216","is_ascension_mode":false,"campfire_choices":[{"data":"Demonic Infusion","floor":6,"key":"SMITH"},{"data":"Bash","floor":8,"key":"SMITH"},{"data":"Clash","floor":15,"key":"SMITH"},{"data":"hubris:ReadiedAction","floor":23,"key":"SMITH"}],"circlet_count":0,"master_deck":["Strike_R","Strike_R","Strike_R","Strike_R","Strike_R","Defend_R","Defend_R","Defend_R","Defend_R","Bash+1","Scorched","Evolve","Murderer","Demonic Infusion+1","BeautyBeast","hubris:CleavingFinish","hubris:ReadiedAction+1","Sword Boomerang","True Grit","SpiderBud","Iron Wave","Iron Wave","Parasite","WhitesApple","ReplayTheSpireMod:Muscle Training","Porccubus","Clash+1","Parasite","GreedKing","Offering","Parasite","Scarecrow","Rampage+1","Parasite","Pummel+1","Carnage+1","Parasite","Bloodbath","Demonic Infusion+1"],"relics":["Burning Blood","CogitoBucket","Pet Ghost","Tiny Chest","Eternal Feather","Oddly Smooth Stone","LuminousBracelet","Philosopher\u0027s Stone","Golden Egg"],"acts_visited":["Exordium","TheCity"],"potions_floor_usage":[16],"damage_taken":[{"damage":3,"enemies":"Small Slimes","floor":1,"turns":4},{"damage":6,"enemies":"Jaw Worm","floor":3,"turns":3},{"damage":8,"enemies":"2 Louse","floor":4,"turns":3},{"damage":20,"enemies":"3 Sentries","floor":10,"turns":5},{"damage":5,"enemies":"Exordium Wildlife","floor":13,"turns":7},{"damage":16,"enemies":"Exordium Wildlife","floor":14,"turns":2},{"damage":67,"enemies":"Hexaghost","floor":16,"turns":9},{"damage":13,"enemies":"Spheric Guardian","floor":18,"turns":3},{"damage":38,"enemies":"Chosen","floor":19,"turns":5},{"damage":15,"enemies":"Centurion and Healer","floor":21,"turns":5},{"damage":47,"enemies":"Chosen and Byrds","floor":22,"turns":5},{"damage":45,"enemies":"Slavers","floor":25,"turns":2}],"seed_played":"-1480156543551151516","potions_obtained":[{"floor":3,"key":"sneckomod:MuddlingPotion"},{"floor":14,"key":"PowerPotion"},{"floor":18,"key":"Flashbang"},{"floor":21,"key":"Energy Potion"}],"is_trial":false,"path_per_floor":["M","?","M","M","$","R","$","R","T","E","$","?","MIM","M","R","B",null,"M","M","?","M","MIM","R","?","E"],"character_chosen":"IRONCLAD","items_purchased":["hubris:ReadiedAction","Sword Boomerang","True Grit","Iron Wave"],"campfire_rested":0,"item_purchase_floors":[5,5,7,11],"current_hp_per_floor":[80,68,68,66,66,66,66,66,66,52,52,72,73,78,93,76,95,88,70,70,64,33,54,35,0,0],"gold":419,"neow_bonus":"","is_daily":false,"chose_seed":false,"campfire_upgraded":4,"win_rate":0.0,"timestamp":1608648136,"path_taken":["M","?","M","M","$","R","$","R","T","E","$","?","?","M","R","BOSS","M","M","?","M","?","R","?","E"],"items_purchased_type":["Card","Card","Card","Card"],"build_version":"2020-12-13","purchased_purges":0,"victory":false,"max_hp_per_floor":[80,80,80,80,80,80,80,80,80,80,80,80,80,95,95,95,95,95,95,95,95,95,95,100,100,100],"relic_stats":{"counters":[37,146],"Tiny Chest":1,"Eternal Feather":36,"obtain_stats":[{"Golden Egg":22,"Oddly Smooth Stone":13,"LuminousBracelet":14,"Eternal Feather":10,"Replay:Mystery Machine":9,"Burning Blood":0,"Pet Ghost":2,"Blood Vial":9,"Yang_Lob":21,"CogitoBucket":0,"hubris:AstralHammer":2,"Ooze Armor":17,"Tiny Chest":7,"hubris:PeanutButter":20,"Philosopher\u0027s Stone":17,"BehaviorAdjustment":12,"Membership Card":11,"Replay:Bottled Eggs":11,"ChangeAnything":13,"Unceasing Top":2},{"Golden Egg":36,"Oddly Smooth Stone":29,"LuminousBracelet":31,"Eternal Feather":28,"Replay:Mystery Machine":5,"Burning Blood":0,"Pet Ghost":25,"Blood Vial":16,"Yang_Lob":35,"CogitoBucket":0,"hubris:AstralHammer":11,"Ooze Armor":20,"Tiny Chest":14,"hubris:PeanutButter":22,"Philosopher\u0027s Stone":32,"BehaviorAdjustment":7,"Membership Card":16,"Replay:Bottled Eggs":5,"ChangeAnything":18,"Unceasing Top":1},{"Golden Egg":144,"Oddly Smooth Stone":114,"LuminousBracelet":117,"Eternal Feather":107,"Replay:Mystery Machine":18,"Burning Blood":0,"Pet Ghost":96,"Blood Vial":67,"Yang_Lob":139,"CogitoBucket":0,"hubris:AstralHammer":46,"Ooze Armor":83,"Tiny Chest":57,"hubris:PeanutButter":90,"Philosopher\u0027s Stone":126,"BehaviorAdjustment":26,"Membership Card":67,"Replay:Bottled Eggs":18,"ChangeAnything":71,"Unceasing Top":5}],"Burning Blood":162},"card_choices":[{"not_picked":["MeatLantern","FairyFestival"],"picked":"Scorched","floor":1},{"not_picked":["Armaments","Pommel Strike"],"picked":"Evolve","floor":1},{"not_picked":["CrumblingArmor","Bloodbath"],"picked":"Murderer","floor":3},{"not_picked":["Body Slam","Heavy Blade"],"picked":"Demonic Infusion","floor":3},{"not_picked":["MHz","GreedKing"],"picked":"BeautyBeast","floor":4},{"not_picked":["Thunderclap","Clothesline"],"picked":"hubris:CleavingFinish","floor":4},{"not_picked":["Scarecrow","PunishingBird"],"picked":"SpiderBud","floor":10},{"not_picked":["Armaments","Rage","Feel No Pain"],"picked":"SKIP","floor":10},{"not_picked":["BlueStar","ShyLook"],"picked":"WhitesApple","floor":13},{"not_picked":["Sword Boomerang","Heavy Blade"],"picked":"ReplayTheSpireMod:Muscle Training","floor":13},{"not_picked":["CherryBlossoms","Wellcheers"],"picked":"Porccubus","floor":14},{"not_picked":["Metallicize","Thunderclap"],"picked":"Clash","floor":14},{"not_picked":["NakedNest","Freischutz"],"picked":"GreedKing","floor":16},{"not_picked":["Exhume","Brutality"],"picked":"Offering","floor":16},{"not_picked":["ShyLook","FieryBird"],"picked":"Scarecrow","floor":18},{"not_picked":["Flex+1","Headbutt+1"],"picked":"Rampage+1","floor":18},{"not_picked":["MHz","Alriune"],"picked":"Yin","floor":19},{"not_picked":["Dark Embrace","ReplayTheSpireMod:LeadingStrike"],"picked":"Pummel+1","floor":19},{"not_picked":["hubris:ReadiedAction","Seeing Red"],"picked":"Carnage+1","floor":21},{"not_picked":["LittleHelper","Variant"],"picked":"Bloodbath","floor":22},{"not_picked":["ReplayTheSpireMod:Strike From Hell","Headbutt"],"picked":"Demonic Infusion","floor":22}],"player_experience":870895,"relics_obtained":[{"floor":9,"key":"Tiny Chest"},{"floor":10,"key":"Eternal Feather"},{"floor":13,"key":"Oddly Smooth Stone"},{"floor":22,"key":"Golden Egg"}],"event_choices":[{"damage_healed":0,"gold_gain":0,"player_choice":"Success","damage_taken":12,"relics_obtained":["Pet Ghost"],"max_hp_gain":0,"max_hp_loss":0,"event_name":"Scrap Ooze","floor":2,"gold_loss":0},{"damage_healed":20,"gold_gain":0,"player_choice":"Healed and dodged fight","damage_taken":0,"max_hp_gain":0,"max_hp_loss":0,"event_name":"Mushrooms","floor":12,"gold_loss":0,"cards_obtained":["Parasite"]},{"damage_healed":0,"gold_gain":99,"player_choice":"Stole From Cult","damage_taken":0,"max_hp_gain":0,"max_hp_loss":0,"event_name":"Nest","floor":20,"gold_loss":0},{"damage_healed":0,"gold_gain":0,"player_choice":"Shed Blood","damage_taken":24,"max_hp_gain":5,"max_hp_loss":0,"event_name":"Forgotten Altar","floor":24,"gold_loss":0}],"is_beta":false,"boss_relics":[{"not_picked":["Cursed Key","Mark of Pain"],"picked":"Philosopher\u0027s Stone"}],"items_purged_floors":[],"is_endless":false,"potions_floor_spawned":[3,14,18,21],"killed_by":"Slavers","ascension_level":0}}