{"host":"jksa5rawk3m4gilz","time":1608633182,"event":{"mods":["BaseMod","Colored Map","Highlight Path","Minty Spire (QoL Compilation)","Quick Restart"],"gold_per_floor":[118,134,134,134,151,182,182,201,201,215,249,249,277,82,82,156,156,171,188,0,0,0,0,0,0],"floor_reached":24,"playtime":942,"items_purged":[],"score":394,"play_id":"10aa43fe-80b0-486b-8873-b2ac35b6a2e4","local_time":"20201222113302","is_ascension_mode":true,"campfire_choices":[{"floor":7,"key":"REST"},{"data":"TalkToTheHand","floor":12,"key":"SMITH"},{"data":"Apotheosis","floor":15,"key":"SMITH"},{"data":"Indignation","floor":23,"key":"SMITH"}],"circlet_count":0,"master_deck":["AscendersBane","Strike_P+1","Strike_P+1","Strike_P+1","Strike_P+1","Defend_P+1","Defend_P+1","Defend_P+1","Defend_P+1","Eruption","Vigilance","Wallop+1","Tantrum","TalkToTheHand+1","FlyingSleeves","Wallop","Apotheosis+1","Devotion","Indignation+1"],"relics":["PureWater","NeowsBlessing","CultistMask","MealTicket","Meat on the Bone","Bronze Scales"],"acts_visited":["Exordium","TheCity"],"potions_floor_usage":[11,13],"damage_taken":[{"damage":0,"enemies":"2 Louse","floor":1,"turns":1},{"damage":0,"enemies":"Cultist","floor":2,"turns":1},{"damage":0,"enemies":"Jaw Worm","floor":5,"turns":1},{"damage":18,"enemies":"Lagavulin","floor":6,"turns":5},{"damage":3,"enemies":"2 Fungi Beasts","floor":8,"turns":3},{"damage":0,"enemies":"Blue Slaver","floor":10,"turns":2},{"damage":0,"enemies":"Gremlin Nob","floor":11,"turns":2},{"damage":1,"enemies":"3 Sentries","floor":13,"turns":5},{"damage":56,"enemies":"Hexaghost","floor":16,"turns":6},{"damage":23,"enemies":"2 Thieves","floor":18,"turns":4},{"damage":10,"enemies":"3 Byrds","floor":19,"turns":4},{"damage":73,"enemies":"Slavers","floor":24,"turns":2}],"seed_played":"3207060415736589752","potions_obtained":[{"floor":1,"key":"SpeedPotion"},{"floor":2,"key":"ColorlessPotion"},{"floor":5,"key":"SteroidPotion"},{"floor":16,"key":"BlessingOfTheForge"},{"floor":18,"key":"SpeedPotion"}],"is_trial":false,"path_per_floor":["M","M","?","?","M","E","R","M","T","M","E","R","E","$","R","B",null,"M","M","?","?","?","R","E"],"character_chosen":"WATCHER","items_purchased":["Apotheosis"],"campfire_rested":1,"item_purchase_floors":[14],"current_hp_per_floor":[65,65,51,51,51,33,54,51,51,51,51,51,50,65,65,21,59,48,38,38,38,62,62,0,0],"gold":0,"neow_bonus":"THREE_ENEMY_KILL","is_daily":false,"chose_seed":false,"campfire_upgraded":3,"win_rate":0.0,"timestamp":1608633182,"path_taken":["M","M","?","?","M","E","R","M","T","?","E","R","E","$","R","BOSS","M","M","?","?","?","R","E"],"items_purchased_type":["Card"],"build_version":"2020-12-13","purchased_purges":0,"victory":false,"max_hp_per_floor":[72,72,72,72,72,72,72,72,72,72,72,72,72,72,72,72,72,72,72,72,72,72,72,72,72],"card_choices":[{"not_picked":["MentalFortress","Pray"],"picked":"Wallop","floor":1},{"not_picked":["Prostrate","Wireheading"],"picked":"Tantrum","floor":2},{"not_picked":["Pray","ThirdEye","Consecrate"],"picked":"SKIP","floor":5},{"not_picked":["Conclude","Wallop"],"picked":"TalkToTheHand","floor":6},{"not_picked":["JustLucky","Alpha"],"picked":"FlyingSleeves","floor":8},{"not_picked":["Sanctity","Prostrate","InnerPeace"],"picked":"SKIP","floor":10},{"not_picked":["CutThroughFate","ReachHeaven"],"picked":"Wallop","floor":11},{"not_picked":["EmptyBody","CutThroughFate","Protect"],"picked":"SKIP","floor":13},{"not_picked":["LessonLearned","SpiritShield"],"picked":"Devotion","floor":16},{"not_picked":["Adaptation","Vengeance","CrushJoints"],"picked":"SKIP","floor":18},{"not_picked":["FlurryOfBlows","Wallop"],"picked":"Indignation","floor":19}],"player_experience":2050822,"relics_obtained":[{"floor":6,"key":"MealTicket"},{"floor":9,"key":"Meat on the Bone"},{"floor":13,"key":"Bronze Scales"}],"event_choices":[{"damage_healed":0,"gold_gain":0,"player_choice":"Entered Light","damage_taken":14,"max_hp_gain":0,"max_hp_loss":0,"event_name":"Shining Light","floor":3,"gold_loss":0,"cards_upgraded":["Wallop","Strike_P"]},{"damage_healed":0,"gold_gain":0,"player_choice":"Trade","damage_taken":0,"relics_obtained":["CultistMask"],"max_hp_gain":0,"max_hp_loss":0,"event_name":"FaceTrader","floor":4,"gold_loss":0},{"damage_healed":0,"gold_gain":0,"player_choice":"Paid Fearfully","damage_taken":0,"max_hp_gain":0,"max_hp_loss":0,"event_name":"Masked Bandits","floor":20,"gold_loss":188},{"damage_healed":0,"gold_gain":0,"player_choice":"Simplicity","damage_taken":0,"max_hp_gain":0,"max_hp_loss":0,"event_name":"Back to Basics","floor":21,"gold_loss":0,"cards_upgraded":["Strike_P","Strike_P","Strike_P","Defend_P","Defend_P","Defend_P","Defend_P"]},{"damage_healed":24,"gold_gain":0,"player_choice":"Heal","damage_taken":0,"max_hp_gain":0,"max_hp_loss":0,"event_name":"The Library","floor":22,"gold_loss":0}],"is_beta":false,"boss_relics":[{"not_picked":["Pandora\u0027s Box","Coffee Dripper","Runic Dome"]}],"items_purged_floors":[],"is_endless":false,"potions_floor_spawned":[1,2,5,10,16,18],"killed_by":"Slavers","ascension_level":13}}