{"host":"Feanor","time":1608668059,"event":{"mods":["BaseMod","Colored Map","Colored Powertips","Highlight Path","Minty Spire (QoL Compilation)","Relic Stats"],"gold_per_floor":[114,125,50,70,83,114,114,114,114,114,133,158,308,308,308,386,386,386,386,386,386,386,386,386,386,386,386,386,11,11,11,11,11,11,11,11,11,11,11,11,11,11,11,11,11,11,11,11,11,11,11,11],"floor_reached":51,"playtime":10753,"items_purged":["Strike_R"],"score":1620,"play_id":"90d67e87-b920-4ce2-aa6d-2afaf3b6612d","local_time":"20201222211419","is_ascension_mode":true,"campfire_choices":[{"data":"Pain","floor":8.0,"key":"PURGE"},{"data":"Immolate","floor":10.0,"key":"SMITH"},{"floor":15.0,"key":"REST"},{"data":"Strike_R","floor":24.0,"key":"PURGE"},{"data":"Strike_R","floor":27.0,"key":"PURGE"},{"data":"Evolve","floor":32.0,"key":"SMITH"},{"floor":41.0,"key":"REST"},{"data":"Decay","floor":44.0,"key":"PURGE"},{"floor":49.0,"key":"RECALL"}],"circlet_count":0,"master_deck":["AscendersBane","Strike_R+1","Strike_R+1","Defend_R+1","Defend_R+1","Defend_R+1","Defend_R+1","Bash","Perfected Strike","Wild Strike","Immolate+1","Headbutt","Exhume","Exhume","Shockwave","Pommel Strike","Seeing Red+1","Evolve+1","Disarm","Dark Shackles","Exhume","Shrug It Off+1","Battle Trance+1","True Grit"],"relics":["Busted Crown","Peace Pipe","WarpedTongs","Dead Branch","The Courier","Ectoplasm","Happy Flower","Tiny Chest","Eternal Feather","OrangePellets","Cursed Key","Ginger","Gambling Chip","Frozen Egg 2","Bird Faced Urn"],"acts_visited":["Exordium","TheCity","TheBeyond"],"potions_floor_usage":[],"damage_taken":[{"damage":12.0,"enemies":"Small Slimes","floor":1.0,"turns":3.0},{"damage":0.0,"enemies":"Cultist","floor":2.0,"turns":2.0},{"damage":2.0,"enemies":"2 Louse","floor":4.0,"turns":2.0},{"damage":6.0,"enemies":"Looter","floor":5.0,"turns":3.0},{"damage":20.0,"enemies":"Lagavulin","floor":6.0,"turns":7.0},{"damage":1.0,"enemies":"Exordium Wildlife","floor":11.0,"turns":3.0},{"damage":5.0,"enemies":"3 Sentries","floor":12.0,"turns":3.0},{"damage":37.0,"enemies":"Hexaghost","floor":16.0,"turns":7.0},{"damage":16.0,"enemies":"Shell Parasite","floor":18.0,"turns":3.0},{"damage":0.0,"enemies":"3 Byrds","floor":20.0,"turns":4.0},{"damage":1.0,"enemies":"3 Cultists","floor":21.0,"turns":3.0},{"damage":9.0,"enemies":"Shelled Parasite and Fungi","floor":22.0,"turns":2.0},{"damage":0.0,"enemies":"Gremlin Leader","floor":23.0,"turns":3.0},{"damage":4.0,"enemies":"Book of Stabbing","floor":25.0,"turns":3.0},{"damage":0.0,"enemies":"Centurion and Healer","floor":30.0,"turns":1.0},{"damage":38.0,"enemies":"Collector","floor":33.0,"turns":8.0},{"damage":30.0,"enemies":"3 Shapes","floor":35.0,"turns":3.0},{"damage":0.0,"enemies":"3 Darklings","floor":36.0,"turns":2.0},{"damage":4.0,"enemies":"Mind Bloom Boss Battle","floor":37.0,"turns":6.0},{"damage":15.0,"enemies":"Sphere and 2 Shapes","floor":39.0,"turns":4.0},{"damage":0.0,"enemies":"Nemesis","floor":40.0,"turns":9.0},{"damage":6.0,"enemies":"Giant Head","floor":42.0,"turns":3.0},{"damage":17.0,"enemies":"Spire Growth","floor":46.0,"turns":3.0},{"damage":4.0,"enemies":"Nemesis","floor":47.0,"turns":7.0},{"damage":6.0,"enemies":"4 Shapes","floor":48.0,"turns":6.0},{"damage":32.0,"enemies":"Donu and Deca","floor":50.0,"turns":7.0},{"damage":33,"enemies":"Time Eater","floor":51,"turns":2}],"seed_played":"446143790037254849","potions_obtained":[{"floor":4.0,"key":"GamblersBrew"},{"floor":16.0,"key":"Fruit Juice"},{"floor":18.0,"key":"SkillPotion"},{"floor":22.0,"key":"AttackPotion"},{"floor":23.0,"key":"Energy Potion"},{"floor":36.0,"key":"FearPotion"},{"floor":39.0,"key":"DuplicationPotion"},{"floor":40.0,"key":"DistilledChaos"},{"floor":47.0,"key":"Swift Potion"}],"is_trial":false,"path_per_floor":["M","M","$","M","M","E","?","R","T","R","M","E","?","?","R","B",null,"M","?","M","M","M","E","R","E","T","R","?","$","M","?","R","B",null,"M","M","?","$","M","E","R","E","T","R","T","M","E","M","R","B","B"],"character_chosen":"IRONCLAD","items_purchased":["Immolate","Disarm","OrangePellets","Dark Shackles","Block Potion"],"campfire_rested":2,"item_purchase_floors":[3,29,29,29,29],"current_hp_per_floor":[56,56,56,54,48,28,28,28,28,28,27,22,22,22,44,7,58,42,42,42,41,32,32,37,33,33,42,42,42,42,42,54,16,64,34,34,30,30,15,15,51,45,45,57,57,40,36,40,52,28,0,0],"gold":11,"neow_bonus":"BOSS_RELIC","is_daily":false,"chose_seed":false,"campfire_upgraded":2,"win_rate":0.0,"timestamp":1608668059,"path_taken":["M","M","$","M","M","E","?","R","T","R","?","E","?","?","R","BOSS","M","?","M","M","?","E","R","E","T","R","?","$","M","?","R","BOSS","M","M","?","$","M","E","R","E","T","R","?","?","E","M","R","BOSS","BOSS"],"items_purchased_type":["Card","Card","Relic","Card","Potion"],"build_version":"2020-12-18","purchased_purges":1,"victory":false,"max_hp_per_floor":[75,75,75,75,75,75,75,75,75,75,75,75,75,75,75,75,75,75,75,75,75,75,75,80,80,80,80,80,80,80,80,80,80,80,80,80,80,80,80,80,80,80,80,80,80,80,80,80,80,80,80,80],"relic_stats":{"Happy Flower":[21],"counters":[27,109],"Dead Branch":[212],"Eternal Feather":57,"Ginger":[2],"Cursed Key":1,"WarpedTongs":[90],"Peace Pipe":6,"OrangePellets":[14],"Busted Crown":54,"Gambling Chip":[18],"Bird Faced Urn":[22],"Tiny Chest":1,"Ectoplasm":466,"obtain_stats":[{"Happy Flower":23,"Dead Branch":9,"Eternal Feather":26,"The Courier":12,"Ginger":37,"Frozen Egg 2":42,"Cursed Key":34,"Burning Blood":0,"WarpedTongs":7,"Peace Pipe":6,"OrangePellets":29,"Busted Crown":0,"Gambling Chip":40,"Bird Faced Urn":47,"Tiny Chest":25,"Ectoplasm":17},{"Happy Flower":13,"Dead Branch":5,"Eternal Feather":14,"The Courier":7,"Ginger":19,"Frozen Egg 2":22,"Cursed Key":16,"Burning Blood":0,"WarpedTongs":5,"Peace Pipe":5,"OrangePellets":14,"Busted Crown":0,"Gambling Chip":21,"Bird Faced Urn":24,"Tiny Chest":14,"Ectoplasm":8},{"Happy Flower":45,"Dead Branch":17,"Eternal Feather":48,"The Courier":23,"Ginger":68,"Frozen Egg 2":84,"Cursed Key":57,"Burning Blood":0,"WarpedTongs":17,"Peace Pipe":17,"OrangePellets":48,"Busted Crown":0,"Gambling Chip":81,"Bird Faced Urn":94,"Tiny Chest":48,"Ectoplasm":30}]},"card_choices":[{"not_picked":[],"picked":"Perfected Strike","floor":1.0},{"not_picked":[],"picked":"Wild Strike","floor":2.0},{"not_picked":["Cleave"],"picked":"SKIP","floor":4.0},{"not_picked":["Iron Wave"],"picked":"SKIP","floor":5.0},{"not_picked":["Whirlwind"],"picked":"SKIP","floor":6.0},{"not_picked":[],"picked":"Headbutt","floor":11.0},{"not_picked":[],"picked":"Exhume","floor":12.0},{"not_picked":[],"picked":"Exhume","floor":16.0},{"not_picked":["Thunderclap"],"picked":"SKIP","floor":18.0},{"not_picked":["Heavy Blade"],"picked":"SKIP","floor":20.0},{"not_picked":[],"picked":"Pommel Strike","floor":21.0},{"not_picked":[],"picked":"Seeing Red+1","floor":22.0},{"not_picked":["Pummel"],"picked":"SKIP","floor":23.0},{"not_picked":["Thunderclap"],"picked":"SKIP","floor":25.0},{"not_picked":["Heavy Blade"],"picked":"SKIP","floor":30.0},{"not_picked":[],"picked":"Exhume","floor":33.0},{"not_picked":[],"picked":"Shrug It Off+1","floor":35.0},{"not_picked":["Hemokinesis+1"],"picked":"SKIP","floor":36.0},{"not_picked":[],"picked":"Battle Trance+1","floor":37.0},{"not_picked":["Anger"],"picked":"SKIP","floor":39.0},{"not_picked":["Heavy Blade"],"picked":"SKIP","floor":40.0},{"not_picked":["Headbutt"],"picked":"SKIP","floor":42.0},{"not_picked":[],"picked":"True Grit","floor":46.0},{"not_picked":["Reckless Charge"],"picked":"SKIP","floor":47.0},{"not_picked":["Armaments"],"picked":"SKIP","floor":48.0}],"player_experience":1227768,"relics_obtained":[{"floor":6.0,"key":"Peace Pipe"},{"floor":9.0,"key":"Dead Branch"},{"floor":12.0,"key":"The Courier"},{"floor":23.0,"key":"Happy Flower"},{"floor":25.0,"key":"Tiny Chest"},{"floor":26.0,"key":"Eternal Feather"},{"floor":37.0,"key":"Ginger"},{"floor":40.0,"key":"Gambling Chip"},{"floor":42.0,"key":"Frozen Egg 2"},{"floor":47.0,"key":"Bird Faced Urn"}],"event_choices":[{"damage_healed":0.0,"max_hp_gain":0.0,"max_hp_loss":0.0,"gold_gain":0.0,"event_name":"Accursed Blacksmith","player_choice":"Rummage","floor":7.0,"gold_loss":0.0,"damage_taken":0.0,"relics_obtained":["WarpedTongs"],"cards_obtained":["Pain"]},{"damage_healed":0.0,"max_hp_gain":0.0,"max_hp_loss":0.0,"gold_gain":150.0,"event_name":"Liars Game","player_choice":"AGREE","floor":13.0,"gold_loss":0.0,"damage_taken":0.0,"cards_obtained":["Doubt"]},{"cards_removed":["Doubt"],"damage_healed":0.0,"max_hp_gain":0.0,"max_hp_loss":0.0,"gold_gain":0.0,"event_name":"Living Wall","player_choice":"Forget","floor":14.0,"gold_loss":0.0,"damage_taken":0.0},{"damage_healed":0.0,"max_hp_gain":0.0,"max_hp_loss":0.0,"gold_gain":0.0,"event_name":"Match and Keep!","player_choice":"1 cards matched","floor":19.0,"gold_loss":0.0,"damage_taken":0.0,"cards_obtained":["Shockwave"]},{"damage_healed":0.0,"max_hp_gain":0.0,"max_hp_loss":0.0,"gold_gain":0.0,"event_name":"The Library","player_choice":"Read","floor":28.0,"gold_loss":0.0,"damage_taken":0.0,"cards_obtained":["Evolve"]},{"damage_healed":0.0,"max_hp_gain":0.0,"max_hp_loss":0.0,"gold_gain":0.0,"event_name":"Back to Basics","player_choice":"Simplicity","floor":31.0,"gold_loss":0.0,"damage_taken":0.0,"cards_upgraded":["Strike_R","Strike_R","Defend_R","Defend_R","Defend_R","Defend_R"]},{"damage_healed":0.0,"max_hp_gain":0.0,"max_hp_loss":0.0,"gold_gain":0.0,"event_name":"MindBloom","player_choice":"Fight","floor":37.0,"gold_loss":0.0,"damage_taken":0.0}],"is_beta":true,"boss_relics":[{"not_picked":["Mark of Pain","Tiny House"],"picked":"Ectoplasm"},{"not_picked":["Calling Bell","Snecko Eye"],"picked":"Cursed Key"}],"items_purged_floors":[29],"is_endless":false,"potions_floor_spawned":[4,16,18,22,23,36,39,40,47],"killed_by":"Time Eater","ascension_level":20}}