{"host":"lmshf3swj20gmdor","time":1608655221,"event":{"mods":["Aspiration","Astrologer","BaseMod","Conspire","Downfall","Hubris","Mad Scientist","Marisa????????","Minty Spire (QoL Compilation)","Replay The Spire","Spikes Relics","StSLib","Synergy Search","The Construct"],"gold_per_floor":[361,130,205,220,120,153,153,153,178,178,204,379,399,399,399,498,498,514,23,23,0,0],"floor_reached":21,"playtime":554,"items_purged":["Guardian:Strike_Guardian","Slimebound:Split"],"score":244,"play_id":"58e6ab1c-e8ae-4bef-b92e-2971c478ad51","local_time":"20201222164021","is_ascension_mode":true,"campfire_choices":[{"floor":7,"key":"REST"},{"data":"Consume","floor":10,"key":"SMITH"},{"floor":15,"key":"REST"}],"circlet_count":0,"master_deck":["Strike_B","Strike_B","Strike_B","Strike_B","Defend_B","Defend_B","Defend_B","Defend_B","Zap","Dualcast","Cold Snap","Conserve Battery","Consume+1","Lockon","Doubt","Echo Form","White Noise+1","Self Repair"],"relics":["Cracked Core","ReplayTheSpireMod:TigerMarble","Lantern","Bronze Scales","aspiration:Lifesprig","Odd Mushroom","Black Star","aspiration:Nostalgia","m_ChemicalBlood","Iron Hammer"],"acts_visited":["Exordium","TheCity"],"potions_floor_usage":[16],"damage_taken":[{"damage":6,"enemies":"Jaw Worm","floor":1,"turns":3},{"damage":6,"enemies":"Small Slimes","floor":4,"turns":4},{"damage":40,"enemies":"Gremlin Nob","floor":6,"turns":5},{"damage":16,"enemies":"Lagavulin","floor":11,"turns":5},{"damage":8,"enemies":"The Mushroom Lair","floor":13,"turns":4},{"damage":40,"enemies":"Fading Forest","floor":16,"turns":11},{"damage":11,"enemies":"Spheric Guardian","floor":18,"turns":3},{"damage":52,"enemies":"2 Thieves","floor":21,"turns":3}],"seed_played":"4201228827085522035","potions_obtained":[{"floor":4,"key":"Elixir"},{"floor":13,"key":"SkillPotion"},{"floor":16,"key":"Swift Potion"},{"floor":18,"key":"SteroidPotion"}],"is_trial":false,"path_per_floor":["M","$","?","M","$","E","R","?","T","R","E","?","?","?","R","B",null,"M","$","?","M"],"character_chosen":"DEFECT","items_purchased":["ReplayTheSpireMod:TigerMarble","aspiration:Nostalgia","Self Repair","Iron Hammer"],"campfire_rested":2,"item_purchase_floors":[2,19,19,19],"current_hp_per_floor":[66,66,55,53,53,13,35,35,35,35,19,19,11,11,33,1,57,46,46,46,0,0],"gold":0,"neow_bonus":"TWO_FIFTY_GOLD","is_daily":false,"chose_seed":false,"campfire_upgraded":1,"win_rate":0.0,"timestamp":1608655221,"path_taken":["M","$","?","M","$","E","R","?","T","R","E","?","?","?","R","BOSS","M","$","?","M"],"items_purchased_type":["Relic","Relic","Card","Relic"],"build_version":"2020-12-13","purchased_purges":2,"victory":false,"max_hp_per_floor":[75,75,75,75,75,75,75,75,75,75,75,75,75,75,75,75,75,75,75,75,75,75],"card_choices":[{"not_picked":["Coolheaded","Panic Button"],"picked":"Cold Snap","floor":1},{"not_picked":["Turbo","Aggregate"],"picked":"Conserve Battery","floor":4},{"not_picked":["BootSequence","Hologram"],"picked":"Consume","floor":6},{"not_picked":["Barrage","Compile Driver"],"picked":"Lockon","floor":11},{"not_picked":["All For One","Seek"],"picked":"Echo Form","floor":16},{"not_picked":["Coolheaded","Conserve Battery+1"],"picked":"White Noise+1","floor":18}],"player_experience":859304,"relics_obtained":[{"floor":6,"key":"Lantern"},{"floor":9,"key":"Bronze Scales"},{"floor":11,"key":"aspiration:Lifesprig"},{"floor":13,"key":"Odd Mushroom"}],"event_choices":[{"damage_healed":0,"gold_gain":75,"player_choice":"Gather Gold","damage_taken":11,"max_hp_gain":0,"max_hp_loss":0,"event_name":"World of Goop","floor":3,"gold_loss":0},{"damage_healed":0,"gold_gain":0,"player_choice":"Disagree","damage_taken":0,"max_hp_gain":0,"max_hp_loss":0,"event_name":"conspire:LoneGhost","floor":8,"gold_loss":0},{"damage_healed":0,"gold_gain":175,"player_choice":"AGREE","damage_taken":0,"max_hp_gain":0,"max_hp_loss":0,"event_name":"Liars Game","floor":12,"gold_loss":0,"cards_obtained":["Doubt"]},{"damage_healed":0,"gold_gain":0,"player_choice":"Fought Mushrooms","damage_taken":0,"max_hp_gain":0,"max_hp_loss":0,"event_name":"Mushrooms","floor":13,"gold_loss":0},{"damage_healed":0,"gold_gain":0,"player_choice":"Ignored","damage_taken":0,"max_hp_gain":0,"max_hp_loss":0,"event_name":"Shining Light","floor":14,"gold_loss":0}],"is_beta":false,"boss_relics":[{"not_picked":["hubris:VirtuousBlindfold","Runic Dome"],"picked":"Black Star"}],"items_purged_floors":[2,5],"is_endless":false,"potions_floor_spawned":[4,13,16,18],"killed_by":"2 Thieves","ascension_level":7}}