{"host":"zig6x0mxqzam82fb","time":1608595330,"event":{"mods":["BaseMod","Block Reminder","Colored Map","Colored Powertips","Minty Spire (QoL Compilation)","Relic Stats"],"gold_per_floor":[119,134,134,134,66,66,95,111,111,127,127,155,155,165,165,269,269,285,298,50,50,70,70,103,118,166,26,26,61,78,90,90,190,190,200,0,11,11,29,29,61,72,72,90,101,0,0,11,11,11],"floor_reached":51,"playtime":2993,"items_purged":["Regret","Strike_B"],"score":901,"play_id":"81ff2878-eabc-49ff-a3f3-73b41990ac83","local_time":"20201221190210","is_ascension_mode":true,"campfire_choices":[{"data":"Stack","floor":6,"key":"SMITH"},{"floor":11,"key":"REST"},{"floor":13,"key":"REST"},{"data":"Double Energy","floor":15,"key":"SMITH"},{"floor":23,"key":"REST"},{"floor":28,"key":"REST"},{"floor":32,"key":"REST"},{"floor":40,"key":"REST"},{"floor":49,"key":"REST"}],"circlet_count":0,"master_deck":["Strike_B","Strike_B","Defend_B","Defend_B","Defend_B","Defend_B","Zap+1","Dualcast","Stack+1","Leap","Capacitor+1","Tempest","Loop+1","Double Energy+1","Self Repair+1","Stack","Machine Learning+1","Streamline","Consume","Bandage Up","Capacitor+1","Static Discharge+1","Defragment+1","Storm+1","Self Repair+1","Conserve Battery","Genetic Algorithm+1","Echo Form+1","Conserve Battery+1","Hello World+1","Leap","Auto Shields+1","Storm+1","Self Repair+1","Normality","Force Field","Lockon","Stack+1"],"relics":["Runic Dome","Frozen Egg 2","Bird Faced Urn","Bottled Tornado","Letter Opener","Velvet Choker","PreservedInsect","Bag of Preparation","Sundial","Cursed Key","Shovel","Bottled Lightning","Red Mask"],"acts_visited":["Exordium","TheCity","TheBeyond"],"potions_floor_usage":[7,12,18,24,25,33,37,39,39,50,50],"damage_taken":[{"damage":1,"enemies":"2 Louse","floor":1,"turns":3},{"damage":0,"enemies":"Cultist","floor":2,"turns":4},{"damage":34,"enemies":"Lagavulin","floor":7,"turns":7},{"damage":0,"enemies":"Small Slimes","floor":8,"turns":3},{"damage":12,"enemies":"Blue Slaver","floor":10,"turns":4},{"damage":20,"enemies":"3 Sentries","floor":12,"turns":6},{"damage":17,"enemies":"Looter","floor":14,"turns":3},{"damage":95,"enemies":"Slime Boss","floor":16,"turns":10},{"damage":24,"enemies":"2 Thieves","floor":18,"turns":3},{"damage":30,"enemies":"3 Byrds","floor":19,"turns":4},{"damage":32,"enemies":"Snake Plant","floor":22,"turns":5},{"damage":32,"enemies":"Gremlin Leader","floor":24,"turns":4},{"damage":2,"enemies":"Snecko","floor":25,"turns":3},{"damage":34,"enemies":"Slavers","floor":29,"turns":3},{"damage":29,"enemies":"Shelled Parasite and Fungi","floor":30,"turns":2},{"damage":7,"enemies":"Sentry and Sphere","floor":31,"turns":3},{"damage":10,"enemies":"Automaton","floor":33,"turns":6},{"damage":71,"enemies":"3 Shapes","floor":35,"turns":3},{"damage":17,"enemies":"Orb Walker","floor":37,"turns":3},{"damage":32,"enemies":"Writhing Mass","floor":39,"turns":3},{"damage":51,"enemies":"Reptomancer","floor":41,"turns":3},{"damage":19,"enemies":"Sphere and 2 Shapes","floor":42,"turns":3},{"damage":18,"enemies":"Spire Growth","floor":44,"turns":4},{"damage":37,"enemies":"Transient","floor":45,"turns":5},{"damage":14,"enemies":"4 Shapes","floor":48,"turns":3},{"damage":54,"enemies":"Donu and Deca","floor":50,"turns":8}],"seed_played":"8775197291694089114","potions_obtained":[{"floor":1,"key":"ColorlessPotion"},{"floor":2,"key":"BlessingOfTheForge"},{"floor":8,"key":"FairyPotion"},{"floor":16,"key":"ColorlessPotion"},{"floor":22,"key":"FocusPotion"},{"floor":24,"key":"FocusPotion"},{"floor":31,"key":"PowerPotion"},{"floor":35,"key":"Strength Potion"},{"floor":42,"key":"BlessingOfTheForge"},{"floor":45,"key":"Swift Potion"}],"is_trial":false,"path_per_floor":["M","M","?","?","$","R","E","M","T","M","R","E","R","M","R","B",null,"M","M","$","?","M","R","E","M","T","$","R","E","M","M","R","B",null,"M","$","M","$","M","R","E","M","T","M","M","?","?","M","R","B",null],"character_chosen":"DEFECT","items_purchased":["Capacitor+1","Bandage Up","Capacitor+1","Storm+1","Hello World+1","Regen Potion","Energy Potion"],"campfire_rested":7,"item_purchase_floors":[5,20,20,27,36,36,36],"current_hp_per_floor":[74,74,74,74,74,74,40,40,40,30,52,36,58,57,57,11,59,39,27,27,27,19,41,33,47,47,47,69,61,48,59,75,75,75,10,10,30,30,24,46,37,32,32,42,51,51,51,53,75,61],"gold":11,"neow_bonus":"BOSS_RELIC","is_daily":false,"chose_seed":false,"campfire_upgraded":2,"win_rate":0.0,"timestamp":1608595330,"path_taken":["M","M","?","?","$","R","E","M","T","?","R","E","R","M","R","BOSS","M","M","$","?","M","R","E","M","T","$","R","E","M","M","R","BOSS","M","$","?","$","M","R","E","M","T","M","M","?","?","M","R","BOSS"],"items_purchased_type":["Card","Card","Card","Card","Card","Potion","Potion"],"build_version":"2020-12-13","purchased_purges":2,"victory":true,"max_hp_per_floor":[75,75,75,75,75,75,75,75,75,75,75,75,75,75,75,75,75,75,75,75,75,75,75,75,75,75,75,75,75,75,75,75,75,75,75,75,75,75,75,75,75,75,75,75,75,75,75,75,75,75],"relic_stats":{"Shovel":0,"counters":[26,107],"Sundial":[0],"Bird Faced Urn":[236],"PreservedInsect":98,"Bag of Preparation":[26],"Letter Opener":[281],"Cursed Key":1,"obtain_stats":[{"Velvet Choker":17,"PreservedInsect":24,"Bag of Preparation":26,"Letter Opener":12,"Frozen Egg 2":3,"Bottled Tornado":9,"Cursed Key":34,"Runic Dome":0,"Shovel":41,"Sundial":29,"Bird Faced Urn":7,"Red Mask":46,"Bottled Lightning":43,"Cracked Core":0},{"Velvet Choker":8,"PreservedInsect":12,"Bag of Preparation":13,"Letter Opener":6,"Frozen Egg 2":2,"Bottled Tornado":4,"Cursed Key":17,"Runic Dome":0,"Shovel":21,"Sundial":14,"Bird Faced Urn":3,"Red Mask":24,"Bottled Lightning":22,"Cracked Core":0},{"Velvet Choker":39,"PreservedInsect":55,"Bag of Preparation":58,"Letter Opener":26,"Frozen Egg 2":7,"Bottled Tornado":17,"Cursed Key":72,"Runic Dome":0,"Shovel":84,"Sundial":61,"Bird Faced Urn":14,"Red Mask":96,"Bottled Lightning":87,"Cracked Core":0}]},"card_choices":[{"not_picked":["Compile Driver","Recycle"],"picked":"Stack","floor":1},{"not_picked":["Beam Cell","Doom and Gloom"],"picked":"Leap","floor":2},{"not_picked":["Redo","Undo"],"picked":"Tempest","floor":7},{"not_picked":["Rebound","Steam"],"picked":"Loop+1","floor":8},{"not_picked":["Skim","Streamline"],"picked":"Double Energy","floor":10},{"not_picked":["Reprogram","Turbo"],"picked":"Self Repair+1","floor":12},{"not_picked":["Rebound","Barrage"],"picked":"Stack","floor":14},{"not_picked":["Multi-Cast","Core Surge"],"picked":"Machine Learning+1","floor":16},{"not_picked":["Gash+1","Darkness"],"picked":"Streamline","floor":18},{"not_picked":["Leap","Rebound"],"picked":"Consume","floor":19},{"not_picked":["Darkness","Gash"],"picked":"Static Discharge+1","floor":22},{"not_picked":["Barrage+1","Beam Cell+1"],"picked":"Thunder Strike","floor":24},{"not_picked":["Conserve Battery","Tempest"],"picked":"Defragment+1","floor":25},{"not_picked":["BootSequence+1","Doom and Gloom"],"picked":"Self Repair+1","floor":29},{"not_picked":["Turbo+1","Blizzard"],"picked":"Conserve Battery","floor":30},{"not_picked":["Leap","Beam Cell"],"picked":"Genetic Algorithm+1","floor":31},{"not_picked":["Electrodynamics+1","Core Surge"],"picked":"Echo Form+1","floor":33},{"not_picked":["Recycle","Go for the Eyes+1"],"picked":"Conserve Battery+1","floor":35},{"not_picked":["Rip and Tear+1","Steam"],"picked":"Leap","floor":37},{"not_picked":["Genetic Algorithm","Turbo+1"],"picked":"Auto Shields+1","floor":39},{"not_picked":["Defragment+1","Hyperbeam"],"picked":"Storm+1","floor":41},{"not_picked":["Hologram","Redo+1"],"picked":"Self Repair+1","floor":42},{"not_picked":["Streamline","Skim"],"picked":"Force Field","floor":44},{"not_picked":["Hologram+1","Rebound+1"],"picked":"Lockon","floor":45},{"not_picked":["Rebound","Barrage+1"],"picked":"Stack+1","floor":48}],"player_experience":291778,"relics_obtained":[{"floor":7,"key":"Bird Faced Urn"},{"floor":9,"key":"Bottled Tornado"},{"floor":12,"key":"Letter Opener"},{"floor":24,"key":"PreservedInsect"},{"floor":26,"key":"Bag of Preparation"},{"floor":29,"key":"Sundial"},{"floor":41,"key":"Shovel"},{"floor":43,"key":"Bottled Lightning"}],"event_choices":[{"damage_healed":0,"gold_gain":0,"player_choice":"Box","damage_taken":0,"relics_obtained":["Frozen Egg 2"],"max_hp_gain":0,"max_hp_loss":0,"event_name":"Big Fish","floor":3,"gold_loss":0,"cards_obtained":["Regret"]},{"damage_healed":0,"gold_gain":0,"player_choice":"Upgraded","damage_taken":0,"max_hp_gain":0,"max_hp_loss":0,"event_name":"Upgrade Shrine","floor":4,"gold_loss":0,"cards_upgraded":["Zap"]},{"cards_removed":["Strike_B"],"damage_healed":0,"gold_gain":0,"player_choice":"Purged","damage_taken":0,"max_hp_gain":0,"max_hp_loss":0,"event_name":"Purifier","floor":21,"gold_loss":0},{"damage_healed":0,"gold_gain":0,"player_choice":"Paid","damage_taken":0,"relics_obtained":["Red Mask"],"max_hp_gain":0,"max_hp_loss":0,"event_name":"Tomb of Lord Red Mask","floor":46,"gold_loss":101},{"cards_removed":["Thunder Strike"],"damage_healed":0,"gold_gain":0,"player_choice":"Removed Attack","damage_taken":0,"max_hp_gain":0,"max_hp_loss":0,"event_name":"Falling","floor":47,"gold_loss":0}],"is_beta":false,"boss_relics":[{"not_picked":["Astrolabe","SlaversCollar"],"picked":"Velvet Choker"},{"not_picked":["Philosopher\u0027s Stone","Tiny House"],"picked":"Cursed Key"}],"items_purged_floors":[20,27],"is_endless":false,"potions_floor_spawned":[1,2,8,16,22,24,31,35,42,45],"ascension_level":5}}