{"host":"69rply1jf2d1wbmp","time":1608642714,"event":{"mods":["BaseMod","Minty Spire (QoL Compilation)","Quick Restart"],"gold_per_floor":[12,12,26,37,53,87,87,118,118,118,118,144,175,216,228,338,350,378,404,376,404,448,460,460],"floor_reached":23,"playtime":821,"items_purged":[],"score":221,"play_id":"be1df4a1-b8f6-44ae-b3ff-9e5f39750ab5","local_time":"20201222081154","is_ascension_mode":false,"campfire_choices":[{"floor":7,"key":"REST"},{"data":"Zap","floor":11,"key":"SMITH"},{"floor":15,"key":"REST"}],"circlet_count":0,"master_deck":["Strike_B","Strike_B","Defend_B","Defend_B","Defend_B","Zap+1","Dualcast","Sweeping Beam","Rip and Tear","Leap","Streamline","Loop","Ball Lightning","Machine Learning","Conserve Battery","Loop","Biased Cognition","Conserve Battery","Leap","FTL+1"],"relics":["Cracked Core","Darkstone Periapt","Dream Catcher","Pantograph","Bottled Lightning","MawBank","Eternal Feather","Empty Cage","Red Mask"],"acts_visited":["Exordium","TheCity"],"potions_floor_usage":[12,14,14,14,21,21,22],"damage_taken":[{"damage":1,"enemies":"Cultist","floor":1,"turns":4},{"damage":0,"enemies":"Small Slimes","floor":3,"turns":2},{"damage":1,"enemies":"2 Louse","floor":4,"turns":2},{"damage":1,"enemies":"Looter","floor":5,"turns":3},{"damage":44,"enemies":"3 Sentries","floor":6,"turns":8},{"damage":9,"enemies":"Gremlin Nob","floor":8,"turns":4},{"damage":22,"enemies":"3 Sentries","floor":12,"turns":6},{"damage":13,"enemies":"Exordium Wildlife","floor":13,"turns":4},{"damage":6,"enemies":"Lagavulin","floor":14,"turns":4},{"damage":46,"enemies":"Hexaghost","floor":16,"turns":9},{"damage":19,"enemies":"3 Byrds","floor":18,"turns":5},{"damage":15,"enemies":"Shell Parasite","floor":19,"turns":4},{"damage":8,"enemies":"Snake Plant","floor":21,"turns":4},{"damage":35,"enemies":"Masked Bandits","floor":22,"turns":4},{"damage":28,"enemies":"Book of Stabbing","floor":23,"turns":3}],"seed_played":"970353612361420511","potions_obtained":[{"floor":6,"key":"SpeedPotion"},{"floor":8,"key":"Dexterity Potion"},{"floor":12,"key":"FocusPotion"},{"floor":13,"key":"DistilledChaos"},{"floor":20,"key":"SneckoOil"},{"floor":20,"key":"AttackPotion"},{"floor":20,"key":"Weak Potion"}],"is_trial":false,"path_per_floor":["M","T","M","M","M","E","R","E","T","?","R","E","M","E","R","B",null,"M","M","?","M","?","E"],"character_chosen":"DEFECT","items_purchased":[],"campfire_rested":2,"item_purchase_floors":[],"current_hp_per_floor":[88,88,88,87,86,42,68,59,59,52,52,30,17,11,46,25,89,70,55,55,47,12,0,0],"gold":460,"neow_bonus":"TWENTY_PERCENT_HP_BONUS","is_daily":false,"chose_seed":false,"campfire_upgraded":1,"win_rate":0.0,"timestamp":1608642714,"path_taken":["M","?","M","M","M","E","R","E","T","?","R","E","M","E","R","BOSS","M","M","?","?","?","E"],"items_purchased_type":[],"build_version":"2020-12-13","purchased_purges":0,"victory":false,"max_hp_per_floor":[89,89,89,89,89,89,89,89,89,89,89,89,89,89,89,89,89,89,89,89,89,89,89,89],"card_choices":[{"not_picked":["Hologram","Blizzard"],"picked":"Sweeping Beam","floor":1},{"not_picked":["Beam Cell","Chaos"],"picked":"Rip and Tear","floor":3},{"not_picked":["Go for the Eyes","Stack"],"picked":"Leap","floor":4},{"not_picked":["Sweeping Beam","Leap"],"picked":"Streamline","floor":5},{"not_picked":["Consume","Barrage"],"picked":"Loop","floor":6},{"not_picked":["Barrage","Redo"],"picked":"Ball Lightning","floor":7},{"not_picked":["Heatsinks","Sweeping Beam"],"picked":"Machine Learning","floor":8},{"not_picked":["Compile Driver","Go for the Eyes","Redo"],"picked":"SKIP","floor":12},{"not_picked":["Aggregate","Blizzard"],"picked":"Conserve Battery","floor":13},{"not_picked":["Steam","Double Energy","Reinforced Body"],"picked":"SKIP","floor":14},{"not_picked":["Hologram","Conserve Battery"],"picked":"Loop","floor":15},{"not_picked":["Hyperbeam","Fission"],"picked":"Biased Cognition","floor":16},{"not_picked":["Reinforced Body","Rebound"],"picked":"Conserve Battery","floor":18},{"not_picked":["Darkness","Ball Lightning"],"picked":"Leap","floor":19},{"not_picked":["Recycle","Turbo"],"picked":"FTL+1","floor":21}],"player_experience":381737,"relics_obtained":[{"floor":2,"key":"Darkstone Periapt"},{"floor":6,"key":"Dream Catcher"},{"floor":8,"key":"Pantograph"},{"floor":9,"key":"Bottled Lightning"},{"floor":12,"key":"MawBank"},{"floor":14,"key":"Eternal Feather"},{"floor":22,"key":"Red Mask"}],"event_choices":[{"cards_removed":["Strike_B"],"damage_healed":0,"gold_gain":0,"player_choice":"Card Removal","damage_taken":7,"max_hp_gain":0,"max_hp_loss":0,"event_name":"Golden Wing","floor":10,"gold_loss":0},{"damage_healed":0,"gold_gain":0,"player_choice":"Bought 3 Potions","damage_taken":0,"max_hp_gain":0,"max_hp_loss":0,"event_name":"The Woman in Blue","floor":20,"gold_loss":0},{"damage_healed":0,"gold_gain":0,"player_choice":"Fought Bandits","damage_taken":0,"max_hp_gain":0,"max_hp_loss":0,"event_name":"Masked Bandits","floor":22,"gold_loss":0}],"is_beta":false,"boss_relics":[{"not_picked":["Busted Crown","Snecko Eye"],"picked":"Empty Cage"}],"items_purged_floors":[],"is_endless":false,"potions_floor_spawned":[6,8,12,13],"killed_by":"Book of Stabbing","ascension_level":0}}