{"host":"v86vpwf004p2esb7","time":1608599155,"event":{"mods":["AchievementEnabler","BaseMod","BetterRewards","Colored Powertips","Minty Spire (QoL Compilation)","Quick Restart","StSLib","Transform Curses"],"gold_per_floor":[117,117,142,158,174,218,218,132,156,202,226,241,241,256,256,386,386,381,394,176,176,176,189,230,246,293,337,436,436,436,436,436,436,436],"floor_reached":33,"playtime":1368,"items_purged":[],"score":437,"play_id":"d2c0f764-9017-4b25-85aa-82e61889199a","local_time":"20201221170555","daily_mods":["Heirloom"],"is_ascension_mode":false,"campfire_choices":[{"floor":7.0,"key":"REST"},{"floor":13.0,"key":"REST"},{"data":"Loop","floor":15.0,"key":"SMITH"},{"floor":29,"key":"REST"},{"data":"Electrodynamics","floor":32,"key":"SMITH"}],"circlet_count":0,"master_deck":["Strike_B","Strike_B","Strike_B","Strike_B","Defend_B","Defend_B","Defend_B","Defend_B","Zap+1","Dualcast","Double Energy","Loop+1","White Noise","Ball Lightning","Ball Lightning","Hello World","Tempest","Blizzard","Cold Snap","Creative AI","White Noise","Glacier","Defragment","Core Surge","Turbo+1","Ball Lightning","Electrodynamics+1","Consume","Tempest+1","Cold Snap+1","Redo","Loop","Amplify"],"relics":["FrozenCore","Ice Cream","Bloody Idol","Regal Pillow","DataDisk","Anchor","Orrery","Kunai","War Paint","Juzu Bracelet","Bag of Marbles"],"acts_visited":["Exordium","TheCity"],"potions_floor_usage":[33],"damage_taken":[{"damage":1.0,"enemies":"Cultist","floor":1.0,"turns":3.0},{"damage":1.0,"enemies":"Jaw Worm","floor":3.0,"turns":3.0},{"damage":0.0,"enemies":"Small Slimes","floor":4.0,"turns":3.0},{"damage":19.0,"enemies":"Exordium Thugs","floor":5.0,"turns":3.0},{"damage":34.0,"enemies":"Gremlin Nob","floor":6.0,"turns":5.0},{"damage":12.0,"enemies":"Large Slime","floor":11.0,"turns":4.0},{"damage":1.0,"enemies":"3 Louse","floor":12.0,"turns":2.0},{"damage":1.0,"enemies":"Exordium Wildlife","floor":14.0,"turns":4.0},{"damage":0.0,"enemies":"Slime Boss","floor":16.0,"turns":3.0},{"damage":8.0,"enemies":"2 Thieves","floor":18.0,"turns":4.0},{"damage":0.0,"enemies":"Spheric Guardian","floor":19.0,"turns":6.0},{"damage":28.0,"enemies":"Cultist and Chosen","floor":23.0,"turns":7.0},{"damage":4.0,"enemies":"Gremlin Leader","floor":24.0,"turns":5.0},{"damage":0.0,"enemies":"3 Cultists","floor":25.0,"turns":4.0},{"damage":14,"enemies":"Book of Stabbing","floor":27,"turns":3},{"damage":61,"enemies":"Automaton","floor":33,"turns":6}],"seed_played":"7558910326225755049","potions_obtained":[{"floor":1.0,"key":"LiquidBronze"},{"floor":3.0,"key":"SpeedPotion"},{"floor":5.0,"key":"SkillPotion"},{"floor":18.0,"key":"Weak Potion"},{"floor":24.0,"key":"Strength Potion"}],"is_trial":true,"path_per_floor":["M","?","M","M","M","E","R","$","T","T","M","M","R","M","R","B",null,"M","M","$","?","T","M","E","M","T","E","?","R","?","?","R","B"],"character_chosen":"DEFECT","items_purchased":["Ball Lightning","Hello World","Defragment","Orrery"],"campfire_rested":3,"item_purchase_floors":[8,8,20,20],"current_hp_per_floor":[74,56,55,55,36,2,39,39,39,39,27,26,63,62,62,62,75,67,67,67,67,67,39,35,35,35,21,21,58,58,58,58,0,0],"gold":436,"neow_bonus":"","is_daily":false,"chose_seed":false,"campfire_upgraded":2,"win_rate":0.0,"timestamp":1608599155,"path_taken":["M","?","M","M","M","E","R","$","T","?","M","M","R","M","R","BOSS","M","M","$","?","?","M","E","M","T","E","?","R","?","?","R","BOSS"],"items_purchased_type":["Card","Card","Card","Relic"],"build_version":"2020-12-13","purchased_purges":0,"victory":false,"max_hp_per_floor":[75,75,75,75,75,75,75,75,75,75,75,75,75,75,75,75,75,75,75,75,75,75,75,75,75,75,75,75,75,75,75,75,75,75],"card_choices":[{"not_picked":["Auto Shields","Go for the Eyes"],"picked":"Double Energy","floor":1.0},{"not_picked":["Hologram","Stack"],"picked":"Loop","floor":3.0},{"not_picked":["Rip and Tear","Leap"],"picked":"White Noise","floor":4.0},{"not_picked":["Sunder","Steam","Steam Power"],"picked":"SKIP","floor":5.0},{"not_picked":["Heatsinks","Steam"],"picked":"Ball Lightning","floor":6.0},{"not_picked":["Conserve Battery","Blizzard"],"picked":"Tempest","floor":11.0},{"not_picked":["Turbo","Meteor Strike"],"picked":"Blizzard","floor":12.0},{"not_picked":["Turbo","Aggregate"],"picked":"Cold Snap","floor":14.0},{"not_picked":["All For One","Machine Learning"],"picked":"Creative AI","floor":16.0},{"not_picked":["Conserve Battery","Stack"],"picked":"White Noise","floor":18.0},{"not_picked":["Blizzard","Sweeping Beam"],"picked":"Glacier","floor":19.0},{"not_picked":["Skim","Scrape+1"],"picked":"Core Surge","floor":20.0},{"not_picked":["Leap+1","Streamline+1"],"picked":"Turbo+1","floor":20.0},{"not_picked":["Doom and Gloom","Hologram"],"picked":"Ball Lightning","floor":20.0},{"not_picked":["Ball Lightning+1","Force Field"],"picked":"Electrodynamics","floor":20.0},{"not_picked":["Recycle+1","Conserve Battery"],"picked":"Consume","floor":20.0},{"not_picked":["Redo","Static Discharge"],"picked":"Cold Snap+1","floor":23.0},{"not_picked":["Undo+1","Blizzard"],"picked":"Redo","floor":24.0},{"not_picked":["Leap","Gash+1"],"picked":"Loop","floor":25.0},{"not_picked":["Beam Cell","Gash"],"picked":"Amplify","floor":27}],"player_experience":243338,"relics_obtained":[{"floor":6.0,"key":"Regal Pillow"},{"floor":9.0,"key":"DataDisk"},{"floor":10.0,"key":"Anchor"},{"floor":22.0,"key":"Kunai"},{"floor":24.0,"key":"War Paint"},{"floor":26.0,"key":"Juzu Bracelet"},{"floor":27,"key":"Bag of Marbles"}],"event_choices":[{"damage_healed":0.0,"max_hp_gain":0.0,"max_hp_loss":0.0,"gold_gain":0.0,"event_name":"Golden Idol","player_choice":"Take Damage","floor":2.0,"gold_loss":0.0,"damage_taken":18.0,"relics_obtained":["Golden Idol"]},{"damage_healed":0.0,"max_hp_gain":0.0,"max_hp_loss":0.0,"gold_gain":0.0,"event_name":"The Library","player_choice":"Read","floor":21.0,"gold_loss":0.0,"damage_taken":0.0,"cards_obtained":["Tempest"]},{"damage_healed":0,"gold_gain":99,"player_choice":"Stole From Cult","damage_taken":0,"max_hp_gain":0,"max_hp_loss":0,"event_name":"Nest","floor":28,"gold_loss":0},{"damage_healed":0,"gold_gain":0,"player_choice":"Gave Idol","damage_taken":0,"relics_obtained":["Bloody Idol"],"max_hp_gain":0,"max_hp_loss":0,"event_name":"Forgotten Altar","floor":30,"relics_lost":["Golden Idol"],"gold_loss":0},{"damage_healed":0,"gold_gain":0,"player_choice":"Ignored","damage_taken":0,"max_hp_gain":0,"max_hp_loss":0,"event_name":"Ghosts","floor":31,"gold_loss":0}],"is_beta":false,"boss_relics":[{"not_picked":["Coffee Dripper","Astrolabe"],"picked":"FrozenCore"}],"items_purged_floors":[],"is_endless":true,"potions_floor_spawned":[1,3,5,18,24],"killed_by":"Automaton","ascension_level":0}}