{"host":"c3kh4y5z2xx8jyu6","time":1608643023,"event":{"mods":["AchievementEnabler","BaseMod","Colored Powertips","Downfall","Hermit","Hubris","Lobotomy","Marisa????????","Minty Spire (QoL Compilation)","READ ME - Guardian Mod","Replay The Spire","Shop Mod","StSLib","Td1madao Mod","The Bug Knight","The Cursed","The Disciple","The Hierophant","The Jungle","The Necromancer","The Runesmith","The Servant 0.9.4"],"gold_per_floor":[117,117,132,132,142,171,171,205,205,240,252,280,296,314,314,413,413,413,413,270,270,270,270,270,56,56,56,56,56,6,6,6,6,6,6,6,6],"floor_reached":36,"playtime":1717,"items_purged":["Hallucinations"],"score":503,"play_id":"fa7021c9-1777-4bad-bfb0-c1642b6c9585","local_time":"20201222151703","is_ascension_mode":true,"campfire_choices":[{"floor":7,"key":"REST"},{"floor":15,"key":"REST"},{"floor":29,"key":"REST"},{"data":"Blood_Is_Power","floor":32,"key":"SMITH"}],"circlet_count":0,"master_deck":["Strike_W+1","Strike_W","Strike_W","Strike_W","Defend_W","Defend_W","Defend_W","Defend_W","Negative_Energy_Arrows","Bone_Wall","Bone_Prison","Death_Knell","Spectral_Armor","Consume_Illness","Blood_Is_Power","Strike_from_Beyond","Consume_Illness","Summon_Vampire_Lady","Blood_Is_Power+1","Bones_to_Steel","Skeleton_Dragon","Blood_Whip+1","Violent_Necrosis","Negative_Energy_Shield+1","Blood_Shield","Bone_Armory","Bone_Armory","Bone_Shift+1","Spectral_Walk","Negative_Energy_Mist","Cloudkill","Bone_Armor+1"],"relics":["Vampire_Amulet","NlothsMask","Bronze Scales","Pen Nib","HollowMod:LifeEnderRelic","Ancient Tea Set","Ectoplasm","Red Mask","Dream Catcher","Ring of Peace","Ring of Hypnosis","ReplayTheSpireMod:Shallot","Oddly Smooth Stone","Smiling Mask","hubris:Towel","Shuriken","Velvet Choker"],"acts_visited":["Exordium","TheCity","TheBeyond"],"potions_floor_usage":[16,16,36],"damage_taken":[{"damage":4,"enemies":"Cultist","floor":1,"turns":6},{"damage":5,"enemies":"2 Louse","floor":3,"turns":4},{"damage":5,"enemies":"Jaw Worm","floor":5,"turns":3},{"damage":49,"enemies":"HollowMod:MossKnight","floor":6,"turns":16},{"damage":25,"enemies":"Lagavulin","floor":8,"turns":9},{"damage":2,"enemies":"HollowMod:MossKnight","floor":10,"turns":6},{"damage":2,"enemies":"2 Fungi Beasts","floor":11,"turns":5},{"damage":18,"enemies":"3 Sentries","floor":12,"turns":9},{"damage":5,"enemies":"Blue Slaver","floor":13,"turns":4},{"damage":5,"enemies":"3 Louse","floor":14,"turns":4},{"damage":24,"enemies":"Slime Boss","floor":16,"turns":8},{"damage":7,"enemies":"Chosen","floor":18,"turns":6},{"damage":22,"enemies":"Masked Bandits","floor":19,"turns":5},{"damage":17,"enemies":"Snecko","floor":21,"turns":6},{"damage":38,"enemies":"HollowMod:Nosk","floor":23,"turns":11},{"damage":9,"enemies":"Snake Plant","floor":24,"turns":4},{"damage":29,"enemies":"Shelled Parasite and Fungi","floor":28,"turns":7},{"damage":10,"enemies":"Slavers","floor":31,"turns":7},{"damage":57,"enemies":"Champ","floor":33,"turns":13},{"damage":52,"enemies":"3 Shapes","floor":35,"turns":8},{"damage":70,"enemies":"2 Orb Walkers","floor":36,"turns":6}],"seed_played":"-5027929024439938496","potions_obtained":[{"floor":3,"key":"Guardian:BlockOnCardUsePotion"},{"floor":5,"key":"DuplicationPotion"},{"floor":10,"key":"EssenceOfSteel"},{"floor":18,"key":"SteroidPotion"},{"floor":21,"key":"GamblersBrew"}],"is_trial":false,"path_per_floor":["M","?","M","?","M","E","R","E","T","E","M","E","M","M","R","B",null,"M","?","$","M","?","E","M","$","T","?","M","R","$","E","R","B",null,"M","?"],"character_chosen":"NECROMANCER","items_purchased":["Dream Catcher","Oddly Smooth Stone","Bone_Armory"],"campfire_rested":3,"item_purchase_floors":[20,25,25],"current_hp_per_floor":[66,66,65,65,62,21,47,27,27,27,29,17,14,15,41,21,89,84,71,71,65,65,65,73,73,73,73,66,89,89,85,85,51,89,49,0,0],"gold":6,"neow_bonus":"TWENTY_PERCENT_HP_BONUS","is_daily":false,"chose_seed":false,"campfire_upgraded":1,"win_rate":0.0,"timestamp":1608643023,"path_taken":["M","?","?","?","M","E","R","E","T","E","M","E","M","M","R","BOSS","M","?","$","M","?","E","M","$","T","?","M","R","?","E","R","BOSS","M","?"],"items_purchased_type":["Relic","Relic","Card"],"build_version":"2020-12-13","purchased_purges":1,"victory":false,"max_hp_per_floor":[89,89,89,89,89,89,89,89,89,89,89,89,89,89,89,89,89,89,89,89,89,89,89,89,89,89,89,89,89,89,89,89,89,89,89,89,89],"card_choices":[{"not_picked":["Finger_Of_Death","Vampiric_Strike"],"picked":"Bone_Prison","floor":1},{"not_picked":["Necromantic_Selection","Blood_Whip"],"picked":"Death_Knell","floor":3},{"not_picked":["Whirlwind_of_Bones","Blood_Whip"],"picked":"Spectral_Armor","floor":5},{"not_picked":["Negative_Energy_Javelin","Requiem"],"picked":"Consume_Illness","floor":6},{"not_picked":["Bone_Shift","Death_March_Dance"],"picked":"Blood_Is_Power","floor":8},{"not_picked":["Bone_Bullets","Vampiric_Strike"],"picked":"Strike_from_Beyond","floor":10},{"not_picked":["Deaths_Shadow","Blood_for_Blood"],"picked":"Consume_Illness","floor":11},{"not_picked":["Bone_Prison","Negative_Energy_Shield"],"picked":"Summon_Vampire_Lady","floor":12},{"not_picked":["Bone_Armor","Blood_Whip"],"picked":"Blood_Is_Power","floor":13},{"not_picked":["Exploit","Life_Drain"],"picked":"Bones_to_Steel","floor":14},{"not_picked":["Grasp_Heart","Blood_Magic"],"picked":"Skeleton_Dragon","floor":16},{"not_picked":["Necromantic_Selection","Bone_Bullets"],"picked":"Blood_Whip+1","floor":18},{"not_picked":["Bones_to_Steel","Death_March_Dance"],"picked":"Violent_Necrosis","floor":19},{"not_picked":["Negative_Energy_Javelin+1","Blood_Whip"],"picked":"Negative_Energy_Shield+1","floor":21},{"not_picked":["Grasp_Heart","Bone_Spikes","Finger_Of_Death"],"picked":"SKIP","floor":23},{"not_picked":["Life_Tap","Stop_Heart"],"picked":"Blood_Shield","floor":24},{"not_picked":["Pandemic","Bone_Spikes"],"picked":"Bone_Shift+1","floor":28},{"not_picked":["Negative_Energy_Mist","Strike_from_Beyond"],"picked":"Spectral_Walk","floor":29},{"not_picked":["Negative_Energy_Sphere","Life_Drain"],"picked":"Negative_Energy_Mist","floor":31},{"not_picked":["Negative_Energy_Bomb","Blood_Wake"],"picked":"Cloudkill","floor":33},{"not_picked":["Negative_Energy_Shield+1","Bone_Bullets"],"picked":"Bone_Armor+1","floor":35}],"player_experience":201071,"relics_obtained":[{"floor":6,"key":"Bronze Scales"},{"floor":8,"key":"Pen Nib"},{"floor":10,"key":"HollowMod:LifeEnderRelic"},{"floor":12,"key":"Ancient Tea Set"},{"floor":19,"key":"Red Mask"},{"floor":22,"key":"Ring of Peace"},{"floor":22,"key":"Ring of Hypnosis"},{"floor":23,"key":"ReplayTheSpireMod:Shallot"},{"floor":26,"key":"Smiling Mask"},{"floor":31,"key":"Shuriken"}],"event_choices":[{"damage_healed":0,"gold_gain":0,"player_choice":"Trade","damage_taken":0,"relics_obtained":["NlothsMask"],"max_hp_gain":0,"max_hp_loss":0,"event_name":"FaceTrader","floor":2,"gold_loss":0},{"damage_healed":0,"gold_gain":0,"player_choice":"Fought Bandits","damage_taken":0,"max_hp_gain":0,"max_hp_loss":0,"event_name":"Masked Bandits","floor":19,"gold_loss":0},{"damage_healed":0,"gold_gain":0,"player_choice":"Fight","damage_taken":0,"max_hp_gain":0,"max_hp_loss":0,"event_name":"Mysterious Sphere","floor":36,"gold_loss":0}],"is_beta":false,"boss_relics":[{"not_picked":["Astrolabe","Replay:Bronze Core"],"picked":"Ectoplasm"},{"not_picked":["Cursed Key","hubris:GrandSneckoEye"],"picked":"Velvet Choker"}],"items_purged_floors":[30],"is_endless":false,"potions_floor_spawned":[3,5,10,11,12,13,18,21,24,33],"killed_by":"2 Orb Walkers","ascension_level":2}}