{"host":"kdt6w7ix8lwe69i9","time":1608654693,"event":{"mods":["Bartender","BaseMod","Downfall","Fiend Mod","Jorbs\u0027s Wanderer Trilogy","Minty Spire (QoL Compilation)","Reimu（博丽灵梦）","Robot Space Explorer","StSLib","The Cursed","The Disciple","The Dragon Tamer","The Druid","The Elementalist","The Forsaken","The Gatherer","The Judge","TheBandit"],"gold_per_floor":[110,110,123,134,104,104,16,16,42,78,3,24,24,50,50,162,171,192,192,192,192,192,192,35,35,58,84,107,116,76,100,100,100,100],"floor_reached":33,"playtime":2449,"items_purged":["stsjorbsmod:Amnesia"],"score":239,"play_id":"80a025d0-640c-4af4-898c-672617e9bdec","local_time":"20201222113133","is_ascension_mode":false,"campfire_choices":[{"floor":6,"key":"REST"},{"floor":8,"key":"REST"},{"floor":13,"key":"REST"},{"floor":15,"key":"REST"},{"data":"elementalist:Cyclone","floor":23,"key":"SMITH"},{"floor":32,"key":"REST"}],"circlet_count":0,"master_deck":["elementalist:Strike+Elemblue","elementalist:Defend_Elemblue","elementalist:Defend_Elemblue","elementalist:Defend_Elemblue","elementalist:Defend_Elemblue","elementalist:Defend_Elemblue","elementalist:Firestrike","elementalist:Earthstrike","elementalist:Waterstrike","elementalist:Airstrike","elementalist:Crystal_Chalk","expansioncontent:StudyTheSpire","elementalist:Stone_to_Mud","elementalist:Fission_Lance","elementalist:Momentum","elementalist:Flame","elementalist:Momentum","elementalist:Sidereal_Form","elementalist:Monument","elementalist:Prepared_Sand","elementalist:Emberveil","elementalist:Gaian_Form","elementalist:Heavensfall","CurseOfTheBell","elementalist:Cauterize","elementalist:Cyclone+1","elementalist:Gaian_Form","elementalist:Sidereal_Form","Necronomicurse"],"relics":["elementalistmod:MagusStaff","elementalistmod:YellowCirclet","Kunai","CeramicFish","Art of War","Akabeko","Calling Bell","Protect_Vest","InkBottle","Torii","elementalistmod:GreenCirclet","MealTicket","Tiny Chest","Necronomicon","ZunR:ReiMu","Bag of Preparation"],"acts_visited":["Exordium","TheCity"],"potions_floor_usage":[3,10,16],"damage_taken":[{"damage":6,"enemies":"2 Louse","floor":1,"turns":2},{"damage":22,"enemies":"Jaw Worm","floor":3,"turns":8},{"damage":5,"enemies":"Cultist","floor":4,"turns":5},{"damage":3,"enemies":"Looter","floor":5,"turns":4},{"damage":44,"enemies":"3 Sentries","floor":10,"turns":9},{"damage":3,"enemies":"2 Fungi Beasts","floor":12,"turns":4},{"damage":55,"enemies":"Hexaghost","floor":16,"turns":13},{"damage":6,"enemies":"Shell Parasite","floor":18,"turns":7},{"damage":0,"enemies":"Spheric Guardian","floor":27,"turns":3},{"damage":25,"enemies":"Snecko","floor":28,"turns":8},{"damage":61,"enemies":"Automaton","floor":33,"turns":6}],"seed_played":"-1062738164383441437","potions_obtained":[{"floor":1,"key":"ColorlessPotion"},{"floor":3,"key":"Explosive Potion"},{"floor":12,"key":"Swift Potion"},{"floor":16,"key":"FearPotion"}],"is_trial":false,"path_per_floor":["M","?","M","M","M","R","$","R","T","E","$","M","R","T","R","B",null,"M","?","?","?","?","R","$","$","T","M","M","?","?","T","R","B"],"character_chosen":"THE_ELEMENTALIST","items_purchased":["elementalist:Momentum","elementalist:Sidereal_Form","MealTicket"],"campfire_rested":5,"item_purchase_floors":[7,7,24],"current_hp_per_floor":[64,52,30,25,22,43,43,64,64,20,20,17,38,38,59,4,70,64,64,64,51,51,51,51,66,66,66,41,25,25,25,47,0,0],"gold":100,"neow_bonus":"RANDOM_COLORLESS_2","is_daily":false,"chose_seed":false,"campfire_upgraded":1,"win_rate":0.0,"timestamp":1608654693,"path_taken":["M","?","M","M","M","R","$","R","T","E","$","M","R","?","R","BOSS","M","?","?","?","?","R","?","$","T","M","?","?","?","?","R","BOSS"],"items_purchased_type":["Card","Card","Relic"],"build_version":"2020-12-13","purchased_purges":1,"victory":false,"max_hp_per_floor":[70,70,70,70,70,70,70,70,70,70,70,70,70,70,70,70,70,70,70,70,75,75,75,75,75,75,75,75,75,75,75,75,75,75],"card_choices":[{"not_picked":["expansioncontent:Corrupt","Transmutation"],"picked":"expansioncontent:StudyTheSpire","floor":0},{"not_picked":["elementalist:Cauterize","elementalist:Overheat"],"picked":"elementalist:Stone_to_Mud","floor":1},{"not_picked":["elementalist:Monument","elementalist:Caution"],"picked":"elementalist:Fission_Lance","floor":3},{"not_picked":["elementalist:Spout","elementalist:Stone_to_Mud"],"picked":"elementalist:Momentum","floor":4},{"not_picked":["elementalist:Prepared_Sand","elementalist:Stone_to_Mud"],"picked":"elementalist:Flame","floor":5},{"not_picked":["elementalist:Caution","elementalist:Breeze"],"picked":"elementalist:Prepared_Sand","floor":10},{"not_picked":["elementalist:Flame","elementalist:Breeze"],"picked":"elementalist:Emberveil","floor":12},{"not_picked":["elementalist:Burning_Soul","elementalist:Multification"],"picked":"elementalist:Heavensfall","floor":16},{"not_picked":["elementalist:Pressurize","elementalist:Monument"],"picked":"elementalist:Cauterize","floor":18},{"not_picked":["elementalist:Magma_Shot+1","elementalist:Stone_to_Mud"],"picked":"elementalist:Gaian_Form","floor":27},{"not_picked":["elementalist:Ignition","elementalist:Impact"],"picked":"elementalist:Sidereal_Form","floor":28}],"player_experience":1572796,"relics_obtained":[{"floor":9,"key":"CeramicFish"},{"floor":10,"key":"Art of War"},{"floor":14,"key":"Akabeko"},{"floor":17,"key":"Protect_Vest"},{"floor":17,"key":"InkBottle"},{"floor":17,"key":"Torii"},{"floor":26,"key":"Tiny Chest"},{"floor":29,"key":"Necronomicon"},{"floor":31,"key":"Bag of Preparation"}],"event_choices":[{"damage_healed":0,"gold_gain":0,"player_choice":"Success","damage_taken":12,"relics_obtained":["Kunai"],"max_hp_gain":0,"max_hp_loss":0,"event_name":"Scrap Ooze","floor":2,"gold_loss":0},{"damage_healed":0,"gold_gain":0,"player_choice":"Ignored","damage_taken":0,"max_hp_gain":0,"max_hp_loss":0,"event_name":"Vampires","floor":19,"gold_loss":0},{"damage_healed":0,"gold_gain":0,"player_choice":"Shed Blood","damage_taken":18,"max_hp_gain":5,"max_hp_loss":0,"event_name":"Forgotten Altar","floor":21,"gold_loss":0},{"damage_healed":0,"gold_gain":0,"player_choice":"Obtained Book","damage_taken":16,"max_hp_gain":0,"max_hp_loss":0,"event_name":"Cursed Tome","floor":29,"gold_loss":0},{"damage_healed":0,"gold_gain":0,"player_choice":"Keep O-miki","damage_taken":0,"relics_obtained":["ZunR:ReiMu"],"max_hp_gain":0,"max_hp_loss":0,"event_name":"ZunEvent","floor":30,"gold_loss":40}],"is_beta":false,"boss_relics":[{"not_picked":["Ectoplasm","Black Star"],"picked":"Calling Bell"}],"items_purged_floors":[11],"is_endless":false,"potions_floor_spawned":[1,3,12,16],"killed_by":"Automaton","ascension_level":0}}