{"host":"3uh4svysx4b5eexl","time":1608658227,"event":{"mods":["AchievementEnabler","Aspiration","BaseMod","Better Third Choice","BetterRewards","Colored Powertips","Downfall","Minty Spire (QoL Compilation)","Quick Restart","Shop Mod","StSLib"],"gold_per_floor":[111,131,146,146,146,146,146,146],"floor_reached":7,"playtime":182,"items_purged":[],"score":43,"play_id":"1e120bb3-4365-4293-bdf4-6ca9a04f17c8","local_time":"20201222183027","is_ascension_mode":true,"campfire_choices":[{"data":"Neutralize","floor":6.0,"key":"SMITH"}],"circlet_count":1,"master_deck":["Strike_G","Strike_G","Strike_G","Strike_G","Strike_G","Defend_G","Defend_G","Defend_G","Defend_G","Defend_G","Survivor","Neutralize+1","Flying Knee","Poisoned Stab"],"relics":["Ring of the Snake","Circlet","NeowsBlessing","Question Card","Golden Idol"],"acts_visited":["Exordium"],"potions_floor_usage":[],"damage_taken":[{"damage":0.0,"enemies":"Cultist","floor":1.0,"turns":1.0},{"damage":2.0,"enemies":"2 Louse","floor":2.0,"turns":1.0},{"damage":2.0,"enemies":"Jaw Worm","floor":3.0,"turns":1.0},{"damage":0,"enemies":"Lagavulin","floor":7,"turns":1}],"seed_played":"5961339534732161068","potions_obtained":[{"floor":2.0,"key":"SteroidPotion"}],"is_trial":false,"path_per_floor":["M","M","M","?","$","R","E"],"character_chosen":"THE_SILENT","items_purchased":[],"campfire_rested":0,"item_purchase_floors":[],"current_hp_per_floor":[70,70,70,53,53,53,53,53],"gold":146,"neow_bonus":"THREE_ENEMY_KILL","is_daily":false,"chose_seed":false,"campfire_upgraded":1,"win_rate":0.0,"timestamp":1608658227,"path_taken":["M","M","?","?","$","R","E"],"items_purchased_type":[],"build_version":"2020-12-13","purchased_purges":0,"victory":false,"max_hp_per_floor":[70,70,70,70,70,70,70,70],"card_choices":[{"not_picked":["Crippling Poison","Dodge and Roll"],"picked":"Flying Knee","floor":1.0},{"not_picked":["Noxious Fumes","Underhanded Strike","Prepared"],"picked":"Poisoned Stab","floor":2.0},{"not_picked":["Outmaneuver","Flying Knee","Blade Dance","Prepared"],"picked":"SKIP","floor":3.0}],"player_experience":389153,"relics_obtained":[{"floor":1.0,"key":"Question Card"}],"event_choices":[{"damage_healed":0.0,"max_hp_gain":0.0,"max_hp_loss":0.0,"gold_gain":0.0,"event_name":"Golden Idol","player_choice":"Take Damage","floor":4.0,"gold_loss":0.0,"damage_taken":17.0,"relics_obtained":["Golden Idol"]}],"is_beta":false,"boss_relics":[],"items_purged_floors":[],"is_endless":false,"potions_floor_spawned":[2],"killed_by":"Lagavulin","ascension_level":1}}