{"host":"i0avyit1s6jb1siw","time":1608652990,"event":{"mods":["BaseMod","DeckTracker","Dota2Spire","Highlight Path","Minty Spire (QoL Compilation)","Quick Restart","Replay The Spire","StSLib","SuperFastMode"],"gold_per_floor":[116,116,116,41,51,51,80,80,159,176,189,189,209,209,209,286,286,296,314,324,79,96,128,128,138,138,165,65,117,160,35,35,181,181,222,222,258,296,146,219,282,353,427,427,490,420,476,554,554,580,646,646,646,83,173,221],"floor_reached":57,"playtime":2596,"items_purged":["Strike_G","Strike_G","Strike_G","Strike_G","Strike_G"],"score":2479,"play_id":"25651fa1-3de7-4162-879f-84a318dfebf4","local_time":"20201222170310","is_ascension_mode":true,"campfire_choices":[{"data":"Neutralize","floor":6,"key":"SMITH"},{"data":"Infinite Blades","floor":8,"key":"SMITH"},{"data":"Distraction","floor":12,"key":"SMITH"},{"data":"Concentrate","floor":15,"key":"SMITH"},{"data":"Adrenaline","floor":32,"key":"SMITH"},{"floor":44,"key":"REST"},{"floor":49,"key":"RECALL"},{"floor":53,"key":"REST"}],"circlet_count":0,"master_deck":["AscendersBane","Defend_G","Defend_G","Defend_G","Defend_G","Defend_G","Survivor","Neutralize+1","Backstab","Leg Sweep","Infinite Blades+1","Distraction+1","Concentrate+1","ReplayTheSpireMod:Speed Training","Footwork","PiercingWail","Crippling Poison+1","Adrenaline+1","PiercingWail+1","Footwork","Parasite"],"relics":["Ring of the Snake","Happy Flower","Dead Branch","Paper Crane","Odd Mushroom","Philosopher\u0027s Stone","Lee\u0027s Waffle","Dota2Spire:MagicBottle","Ninja Scroll","Replay:Bandana","Toy Ornithopter","Black Star","Bag of Marbles","Dota2Spire:HandOfMidas","Pet Ghost","Quantum Egg","Kunai","Dota2Spire:LotusOrb","Ginger","OrangePellets","Dota2Spire:UrnOfShadows","Unceasing Top","Nunchaku"],"acts_visited":["Exordium","TheCity","TheBeyond","TheEnding"],"potions_floor_usage":[7,16,27,33,40,42,47,50,56,56],"damage_taken":[{"damage":8,"enemies":"Jaw Worm","floor":1,"turns":6},{"damage":0,"enemies":"2 Louse","floor":5,"turns":4},{"damage":58,"enemies":"Gremlin Nob","floor":7,"turns":8},{"damage":0,"enemies":"Cultist","floor":10,"turns":2},{"damage":0,"enemies":"Looter","floor":11,"turns":2},{"damage":2,"enemies":"The Mushroom Lair","floor":13,"turns":3},{"damage":3,"enemies":"Hexaghost","floor":16,"turns":6},{"damage":0,"enemies":"Chosen","floor":18,"turns":7},{"damage":1,"enemies":"Shell Parasite","floor":19,"turns":4},{"damage":5,"enemies":"Snake Plant","floor":20,"turns":6},{"damage":0,"enemies":"3 Cultists","floor":22,"turns":4},{"damage":6,"enemies":"Gremlin Leader","floor":23,"turns":6},{"damage":13,"enemies":"Centurion and Healer","floor":25,"turns":9},{"damage":0,"enemies":"Slavers","floor":27,"turns":5},{"damage":1,"enemies":"Snecko","floor":29,"turns":4},{"damage":1,"enemies":"Book of Stabbing","floor":30,"turns":6},{"damage":15,"enemies":"Champ","floor":33,"turns":11},{"damage":0,"enemies":"3 Darklings","floor":35,"turns":1},{"damage":4,"enemies":"Orb Walker","floor":37,"turns":4},{"damage":9,"enemies":"Spire Growth","floor":38,"turns":4},{"damage":9,"enemies":"Reptomancer","floor":40,"turns":6},{"damage":15,"enemies":"3 Darklings","floor":41,"turns":5},{"damage":8,"enemies":"Nemesis","floor":42,"turns":9},{"damage":6,"enemies":"4 Shapes","floor":45,"turns":5},{"damage":12,"enemies":"Reptomancer","floor":47,"turns":4},{"damage":0,"enemies":"Writhing Mass","floor":48,"turns":3},{"damage":3,"enemies":"Time Eater","floor":50,"turns":4},{"damage":35,"enemies":"Replay:Hell Engine","floor":51,"turns":8},{"damage":4,"enemies":"Shield and Spear","floor":55,"turns":5},{"damage":38,"enemies":"The Heart","floor":56,"turns":10}],"seed_played":"-4545833593369995148","potions_obtained":[{"floor":1,"key":"GhostInAJar"},{"floor":3,"key":"FairyPotion"},{"floor":10,"key":"SkillPotion"},{"floor":13,"key":"SneckoOil"},{"floor":18,"key":"Poison Potion"},{"floor":23,"key":"SpeedPotion"},{"floor":29,"key":"DistilledChaos"},{"floor":30,"key":"Block Potion"},{"floor":37,"key":"SkillPotion"},{"floor":40,"key":"Swift Potion"},{"floor":45,"key":"Fruit Juice"},{"floor":47,"key":"Ancient Potion"}],"is_trial":false,"path_per_floor":["M","?","?","$","M","R","E","R","T","M","M","R","?","?","R","B",null,"M","M","M","$","M","E","?","M","T","E","$","M","E","$","R","B",null,"M","?","M","M","$","E","M","E","T","R","M","?","E","M","R","B","B",null,"R","$","E","B",null],"character_chosen":"THE_SILENT","items_purchased":["Footwork","Lee\u0027s Waffle","OrangePellets","Dota2Spire:UrnOfShadows","PowerPotion"],"campfire_rested":2,"item_purchase_floors":[21,21,54,54,54],"current_hp_per_floor":[51,56,56,56,56,56,21,21,21,21,21,21,19,19,19,16,57,57,56,51,78,78,72,72,59,59,59,59,58,57,57,57,47,70,70,60,56,47,47,43,28,25,25,48,42,42,40,40,40,51,16,66,83,83,79,60],"gold":221,"neow_bonus":"RANDOM_COMMON_RELIC","is_daily":false,"chose_seed":false,"campfire_upgraded":5,"win_rate":0.0,"timestamp":1608652990,"path_taken":["M","?","?","$","M","R","E","R","T","?","M","R","?","?","R","BOSS","M","M","M","$","M","E","?","M","T","E","$","M","E","$","R","BOSS","M","?","M","M","$","E","M","E","T","R","M","?","E","M","R","BOSS","BOSS","R","$","E","BOSS"],"items_purchased_type":["Card","Relic","Relic","Relic","Potion"],"build_version":"2020-12-13","purchased_purges":5,"victory":true,"max_hp_per_floor":[66,71,71,71,71,71,71,71,71,71,71,71,71,71,71,71,71,71,71,71,78,78,78,78,78,78,78,78,78,78,78,78,78,78,78,78,78,78,78,78,78,78,78,78,78,78,83,83,83,83,83,83,83,83,83,83],"card_choices":[{"not_picked":["All Out Attack","ReplayTheSpireMod:Speed Training"],"picked":"Backstab","floor":1},{"not_picked":["Catalyst","Hidden Blade"],"picked":"Leg Sweep","floor":5},{"not_picked":["Prepared","Underhanded Strike"],"picked":"Infinite Blades","floor":7},{"not_picked":["Bane","Deflect"],"picked":"Distraction","floor":10},{"not_picked":["Deflect","Poisoned Stab","Prepared"],"picked":"SKIP","floor":11},{"not_picked":["Backflip","Bane"],"picked":"Concentrate","floor":13},{"not_picked":["Noxious Fumes","Slice"],"picked":"ReplayTheSpireMod:Speed Training","floor":18},{"not_picked":["Sucker Punch","Blade Dance","Flying Knee"],"picked":"SKIP","floor":19},{"not_picked":["Concentrate","ReplayTheSpireMod:The Works","Deadly Poison"],"picked":"SKIP","floor":20},{"not_picked":["Deflect+1","Poison Darts","Sucker Punch"],"picked":"SKIP","floor":22},{"not_picked":["ReplayTheSpireMod:Shiv Toss","Acrobatics"],"picked":"PiercingWail","floor":23},{"not_picked":["Toxin Wave","Slice"],"picked":"Crippling Poison+1","floor":25},{"not_picked":["Underhanded Strike","Quick Slash","Outmaneuver"],"picked":"SKIP","floor":27},{"not_picked":["Heel Hook","Flying Knee","PiercingWail"],"picked":"SKIP","floor":29},{"not_picked":["Backflip","Cloak And Dagger+1"],"picked":"Adrenaline","floor":30},{"not_picked":["Dodge and Roll","ReplayTheSpireMod:The Works"],"picked":"PiercingWail+1","floor":35},{"not_picked":["Cloak And Dagger","Toxin Wave","Quick Slash"],"picked":"SKIP","floor":37},{"not_picked":["Acrobatics","Sucker Punch","Flying Knee"],"picked":"SKIP","floor":38},{"not_picked":["Blade Dance","Unload","Bullet Time"],"picked":"SKIP","floor":40},{"not_picked":["Blade Dance","Dagger Spray","Noxious Fumes"],"picked":"SKIP","floor":41},{"not_picked":["Underhanded Strike","Bane"],"picked":"Footwork","floor":42},{"not_picked":["ReplayTheSpireMod:Shiv Toss+1","Quick Slash","Backflip"],"picked":"SKIP","floor":45},{"not_picked":["All Out Attack","Backflip","Sucker Punch"],"picked":"SKIP","floor":47},{"not_picked":["ReplayTheSpireMod:Scrap Shanks","Sucker Punch","Dodge and Roll"],"picked":"SKIP","floor":48},{"not_picked":["Quick Slash","Unload","Cloak And Dagger"],"picked":"SKIP","floor":55}],"player_experience":2101816,"relics_obtained":[{"floor":7,"key":"Dead Branch"},{"floor":9,"key":"Paper Crane"},{"floor":13,"key":"Odd Mushroom"},{"floor":23,"key":"Dota2Spire:MagicBottle"},{"floor":26,"key":"Ninja Scroll"},{"floor":27,"key":"Replay:Bandana"},{"floor":30,"key":"Toy Ornithopter"},{"floor":40,"key":"Bag of Marbles"},{"floor":40,"key":"Dota2Spire:HandOfMidas"},{"floor":42,"key":"Pet Ghost"},{"floor":42,"key":"Quantum Egg"},{"floor":47,"key":"Dota2Spire:LotusOrb"},{"floor":47,"key":"Ginger"},{"floor":55,"key":"Unceasing Top"},{"floor":55,"key":"Nunchaku"}],"event_choices":[{"damage_healed":0,"gold_gain":0,"player_choice":"Donut","damage_taken":0,"max_hp_gain":5,"max_hp_loss":0,"event_name":"Big Fish","floor":2,"gold_loss":0},{"damage_healed":0,"gold_gain":0,"player_choice":"Got Potions","damage_taken":0,"max_hp_gain":0,"max_hp_loss":0,"event_name":"Lab","floor":3,"gold_loss":0},{"damage_healed":0,"gold_gain":0,"player_choice":"Fought Mushrooms","damage_taken":0,"max_hp_gain":0,"max_hp_loss":0,"event_name":"Mushrooms","floor":13,"gold_loss":0},{"damage_healed":0,"gold_gain":0,"player_choice":"Memory 3","damage_taken":10,"max_hp_gain":0,"max_hp_loss":0,"event_name":"SensoryStone","floor":36,"gold_loss":0},{"damage_healed":0,"gold_gain":0,"player_choice":"Paid Gold","damage_taken":0,"relics_obtained":["Kunai"],"max_hp_gain":0,"max_hp_loss":0,"event_name":"WeMeetAgain","floor":46,"gold_loss":70}],"is_beta":false,"boss_relics":[{"not_picked":["Replay:Ancient Bell","Busted Crown"],"picked":"Philosopher\u0027s Stone"},{"not_picked":["Sozu","Painkiller Herb"],"picked":"Black Star"}],"items_purged_floors":[4,28,31,39,54],"is_endless":false,"potions_floor_spawned":[1,10,13,18,23,29,30,37,40,45,47,48],"ascension_level":20}}