{"host":"ju66gn9zov5ov15o","time":1608675058,"event":{"mods":["2.2 Compatiblity","Act Like it!","BaseMod","Downfall","GifTheSpireLib","Minty Spire (QoL Compilation)","Pale of the Ancients","StSLib"],"gold_per_floor":[0,11,11,26,126,136,159,159,172,184,200,212,212,237,250,348,348,273,290,304,324,344,344,344,29,29,29,29],"floor_reached":26,"playtime":1383,"items_purged":[],"score":239,"play_id":"c7930a0d-e5cc-40e6-9961-ed442af91011","local_time":"20201222231058","is_ascension_mode":false,"campfire_choices":[{"data":"champ:HoldFirm","floor":1,"key":"SMITH"},{"floor":18,"key":"RECALL"},{"floor":23,"key":"REST"}],"circlet_count":0,"master_deck":["champ:Defend","champ:Defend","champ:Defend","champ:Execute","champ:Taunt","champ:HoldFirm+1","champ:HeavySlash","champ:DeathBlow","champ:ShieldWall+1","champ:Circumvent","champ:DefensiveShout","champ:RisingSlash","champ:RisingSlash","champ:FaceSlap","champ:ShieldSlam","champ:PerfectedStrike+1","champ:FlashCut+1","champ:ViciousMockery+1","champ:EnGarde+1","champ:FanOfKnives+1","champ:Duel","champ:CrownThrow"],"relics":["champ:ChampionCrown","Mercury Hourglass","Astrolabe","downfall:HeartBlessingBlue","Smiling Mask","TungstenRod"],"acts_visited":["Exordium","TheCity"],"potions_floor_usage":[14,14,16,16,16],"damage_taken":[{"damage":12,"enemies":"Jaw Worm","floor":2,"turns":6},{"damage":0,"enemies":"2 Louse","floor":4,"turns":3},{"damage":5,"enemies":"Cultist","floor":6,"turns":5},{"damage":17,"enemies":"Blue Slaver","floor":9,"turns":4},{"damage":8,"enemies":"Lots of Slimes","floor":10,"turns":7},{"damage":25,"enemies":"Red Slaver","floor":11,"turns":7},{"damage":13,"enemies":"Blue Slaver","floor":12,"turns":4},{"damage":16,"enemies":"Gremlin Nob","floor":14,"turns":4},{"damage":12,"enemies":"Gremlin Gang","floor":15,"turns":3},{"damage":30,"enemies":"downfall:Watcher","floor":16,"turns":9},{"damage":33,"enemies":"Chosen","floor":19,"turns":6},{"damage":8,"enemies":"Shell Parasite","floor":20,"turns":4},{"damage":23,"enemies":"Snake Plant","floor":21,"turns":5},{"damage":41,"enemies":"3 Cultists","floor":22,"turns":6},{"damage":13,"enemies":"downfall:FleeingMerchant","floor":25,"turns":4},{"damage":60,"enemies":"Gremlin Leader","floor":26,"turns":3}],"seed_played":"-3500304656189077355","potions_obtained":[{"floor":4,"key":"ColorlessPotion"},{"floor":6,"key":"Fire Potion"},{"floor":12,"key":"Explosive Potion"},{"floor":14,"key":"champ:CounterPotion"},{"floor":15,"key":"BlessingOfTheForge"},{"floor":19,"key":"champ:CounterPotion"},{"floor":22,"key":"SteroidPotion"}],"is_trial":false,"path_per_floor":["R","M","?","M","?","M","T","?","M","M","M","M","?","E","M","B",null,"R","M","M","M","M","R","T","$","E"],"character_chosen":"THE_CHAMP","items_purchased":["TungstenRod"],"campfire_rested":1,"item_purchase_floors":[25],"current_hp_per_floor":[90,89,94,94,94,94,94,94,87,79,73,70,70,54,42,30,95,105,85,77,57,26,57,57,57,0,0,0],"gold":29,"neow_bonus":"TRANSFORM_TWO_CARDS","is_daily":false,"chose_seed":false,"campfire_upgraded":1,"win_rate":0.0,"timestamp":1608675058,"path_taken":["R","M","?","M","?","M","T","?","M","?","M","M","?","E","M","BOSS","R","M","M","M","?","R","T","?","E"],"items_purchased_type":["Relic"],"build_version":"2020-12-13","purchased_purges":0,"victory":false,"max_hp_per_floor":[90,90,95,95,95,95,95,95,95,95,95,95,95,95,95,95,95,105,105,105,105,105,105,105,105,105,105,105],"card_choices":[{"not_picked":["champ:SkillfulDodge","champ:PerfectedStrike"],"picked":"champ:DeathBlow","floor":2},{"not_picked":["champ:BerserkersShout","champ:DefensiveShout"],"picked":"champ:ShieldWall","floor":4},{"not_picked":["champ:BerserkersShout","champ:Haymaker","champ:EndlessRage"],"picked":"SKIP","floor":6},{"not_picked":["champ:Encircle","champ:GladiatorStyle","champ:PerfectForm"],"picked":"SKIP","floor":9},{"not_picked":["champ:FanOfKnives","champ:Backstep"],"picked":"champ:Circumvent","floor":10},{"not_picked":["champ:BerserkersShout","champ:Encircle"],"picked":"champ:DefensiveShout","floor":11},{"not_picked":["champ:Backstep","champ:Duel"],"picked":"champ:RisingSlash","floor":12},{"not_picked":["champ:FocusedGladiator","champ:BerserkersShout"],"picked":"champ:RisingSlash","floor":14},{"not_picked":["champ:GutPunch","champ:DefensiveShout"],"picked":"champ:FaceSlap","floor":15},{"not_picked":["champ:MurderStrike","champ:StrikeOfGenius"],"picked":"champ:ShieldSlam","floor":16},{"not_picked":["champ:CrookedStrike","champ:FlashCut+1"],"picked":"champ:EnGarde+1","floor":19},{"not_picked":["champ:GladiatorsShout","champ:PerfectedStrike"],"picked":"champ:FanOfKnives+1","floor":20},{"not_picked":["champ:StanceDance","champ:EnragedBash"],"picked":"champ:Duel","floor":21},{"not_picked":["champ:EnGarde","champ:Backstep"],"picked":"champ:CrownThrow","floor":22},{"not_picked":["champ:Circumvent+1","champ:ViciousMockery","champ:StanceDance"],"picked":"SKIP","floor":25}],"player_experience":189400,"relics_obtained":[{"floor":14,"key":"Mercury Hourglass"},{"floor":24,"key":"Smiling Mask"}],"event_choices":[{"damage_healed":0,"gold_gain":0,"player_choice":"Donut","damage_taken":0,"max_hp_gain":5,"max_hp_loss":0,"event_name":"Big Fish","floor":3,"gold_loss":0},{"damage_healed":0,"gold_gain":0,"player_choice":"Ignored","damage_taken":0,"max_hp_gain":0,"max_hp_loss":0,"event_name":"NoteForYourself","floor":8,"gold_loss":0},{"damage_healed":0,"gold_gain":0,"player_choice":"Upgraded","damage_taken":0,"max_hp_gain":0,"max_hp_loss":0,"event_name":"Upgrade Shrine","floor":13,"gold_loss":0,"cards_upgraded":["champ:ShieldWall"]}],"is_beta":false,"boss_relics":[{"not_picked":["Ectoplasm","SlaversCollar"],"picked":"Astrolabe"}],"items_purged_floors":[],"is_endless":false,"potions_floor_spawned":[4,6,12,14,15,19,22],"killed_by":"Gremlin Leader","ascension_level":0}}