{"host":"kh6fvhxn285ncg0o","time":1608611640,"event":{"mods":["Act Like it!","BaseMod","Colored Map","Friendly Minions","Keyboard Shortcuts","Minty Spire (QoL Compilation)","Quick Restart","Relic Stats","StSLib","SuperFastMode"],"gold_per_floor":[57,57,109,34,34,34,89,128,128,128,128,128,166,253,253,357,357,396,311,311,311,5,5,16,16,16,58,118,157,233,300,300,396,396,481,115,115,165,180,213,213,264,264,357,357,399,399,399,399,399,424,424,424,19,50,50],"floor_reached":57,"playtime":2147,"items_purged":["Strike_R","Clash","Strike_R","HandOfGreed+1"],"score":3071,"play_id":"969edeca-ad31-4f8d-ad9c-a97afd7bab50","local_time":"20201222133400","is_ascension_mode":true,"campfire_choices":[{"data":"HandOfGreed","floor":6.0,"key":"SMITH"},{"data":"Body Slam","floor":10.0,"key":"SMITH"},{"floor":12.0,"key":"REST"},{"data":"Strike_R","floor":15.0,"key":"PURGE"},{"data":"Rage","floor":23.0,"key":"SMITH"},{"data":"Havoc","floor":25.0,"key":"SMITH"},{"floor":32,"key":"REST"},{"data":"Defend_R","floor":41,"key":"PURGE"},{"data":"Defend_R","floor":47,"key":"PURGE"},{"floor":49,"key":"RECALL"},{"data":"Battle Trance","floor":53,"key":"PURGE"}],"circlet_count":0,"master_deck":["AscendersBane","Defend_R+1","Bash","Disarm+1","Body Slam+1","Battle Trance","Offering","Shockwave","Havoc+1","Rage+1","Pommel Strike+1","Dual Wield+1","Fiend Fire","Dropkick","Finesse","Master of Strategy","Dark Embrace","Seeing Red","Burning Pact","Feel No Pain"],"relics":["Burning Blood","Bird Faced Urn","Peace Pipe","Shuriken","Runic Pyramid","Regal Pillow","Toolbox","Question Card","Strawberry","Bottled Lightning","Runic Dome","OrangePellets","FossilizedHelix","Molten Egg 2","The Courier","Sundial","Gremlin Horn"],"acts_visited":["Exordium","TheCity","TheBeyond","TheEnding"],"potions_floor_usage":[31,33,56,56],"damage_taken":[{"damage":1.0,"enemies":"Small Slimes","floor":1.0,"turns":3.0},{"damage":0.0,"enemies":"2 Louse","floor":3.0,"turns":3.0},{"damage":32.0,"enemies":"Gremlin Nob","floor":7.0,"turns":4.0},{"damage":0.0,"enemies":"Cultist","floor":8.0,"turns":2.0},{"damage":7.0,"enemies":"Exordium Thugs","floor":13.0,"turns":5.0},{"damage":8.0,"enemies":"3 Louse","floor":14.0,"turns":6.0},{"damage":0.0,"enemies":"The Guardian","floor":16.0,"turns":14.0},{"damage":9.0,"enemies":"Spheric Guardian","floor":18.0,"turns":3.0},{"damage":6.0,"enemies":"2 Thieves","floor":24.0,"turns":4.0},{"damage":0.0,"enemies":"Snake Plant","floor":27.0,"turns":4.0},{"damage":3.0,"enemies":"Book of Stabbing","floor":28.0,"turns":5.0},{"damage":36.0,"enemies":"Snecko","floor":29.0,"turns":5.0},{"damage":47.0,"enemies":"Slavers","floor":30.0,"turns":8.0},{"damage":7,"enemies":"Cultist and Chosen","floor":31,"turns":4},{"damage":10,"enemies":"Automaton","floor":33,"turns":7},{"damage":10,"enemies":"3 Shapes","floor":35,"turns":5},{"damage":0,"enemies":"Mind Bloom Boss Battle","floor":38,"turns":5},{"damage":0,"enemies":"3 Darklings","floor":39,"turns":2},{"damage":0,"enemies":"Reptomancer","floor":40,"turns":2},{"damage":0,"enemies":"Giant Head","floor":42,"turns":3},{"damage":0,"enemies":"Jaw Worm Horde","floor":44,"turns":3},{"damage":0,"enemies":"Spire Growth","floor":46,"turns":2},{"damage":22,"enemies":"Donu and Deca","floor":50,"turns":4},{"damage":33,"enemies":"Time Eater","floor":51,"turns":5},{"damage":16,"enemies":"Shield and Spear","floor":55,"turns":5},{"damage":27,"enemies":"The Heart","floor":56,"turns":5}],"seed_played":"-3015616832958797972","potions_obtained":[{"floor":3.0,"key":"LiquidBronze"},{"floor":13.0,"key":"SteroidPotion"},{"floor":27.0,"key":"FearPotion"},{"floor":30.0,"key":"Ancient Potion"},{"floor":31,"key":"FearPotion"},{"floor":33,"key":"DuplicationPotion"},{"floor":39,"key":"BlessingOfTheForge"},{"floor":46,"key":"SteroidPotion"}],"is_trial":false,"path_per_floor":["M","?","M","$","?","R","E","M","T","R","?","R","M","M","R","B",null,"M","?","?","?","$","R","M","R","T","M","E","M","E","M","R","B",null,"M","$","?","?","M","E","R","E","T","M","?","M","R","?","R","B","B",null,"R","$","E","B",null],"character_chosen":"IRONCLAD","items_purchased":["Rage","Toolbox","OrangePellets","Dropkick","Sundial","Feel No Pain"],"campfire_rested":2,"item_purchase_floors":[22,22,36,36,54,54],"current_hp_per_floor":[73,73,75,75,57,57,31,37,37,37,14,36,35,33,33,39,66,63,63,63,63,63,63,63,63,63,69,79,49,8,7,46,42,72,68,68,58,64,72,80,80,82,82,82,82,82,82,82,82,68,43,72,72,72,66,49],"gold":50,"neow_bonus":"RANDOM_COLORLESS_2","is_daily":false,"chose_seed":false,"campfire_upgraded":4,"win_rate":0.0,"timestamp":1608611640,"path_taken":["M","?","M","$","?","R","E","M","T","R","?","R","M","M","R","BOSS","M","?","?","?","$","R","?","R","T","M","E","M","E","M","R","BOSS","M","$","?","?","M","E","R","E","T","M","?","?","R","?","R","BOSS","BOSS","R","$","E","BOSS"],"items_purchased_type":["Card","Relic","Relic","Card","Relic","Card"],"build_version":"2020-12-13","purchased_purges":4,"victory":true,"max_hp_per_floor":[75,75,75,75,75,75,75,75,75,75,75,75,75,75,75,75,75,75,75,75,75,75,75,75,75,75,75,82,82,82,82,82,82,82,82,82,82,82,82,82,82,82,82,82,82,82,82,82,82,82,82,82,82,82,82,82],"relic_stats":{"Peace Pipe":4,"OrangePellets":[5],"Regal Pillow":15,"Gremlin Horn":[0,0],"counters":[26,118],"Shuriken":[78],"Sundial":[26],"Bird Faced Urn":[18],"Question Card":17,"obtain_stats":[{"Regal Pillow":19,"Gremlin Horn":55,"The Courier":42,"Question Card":26,"Burning Blood":0,"Peace Pipe":7,"Runic Dome":34,"OrangePellets":36,"Shuriken":9,"Sundial":54,"Bird Faced Urn":5,"Strawberry":28,"Toolbox":22,"Molten Egg 2":40,"Bottled Lightning":30,"FossilizedHelix":38,"Runic Pyramid":17},{"Regal Pillow":8,"Gremlin Horn":25,"The Courier":20,"Question Card":9,"Burning Blood":0,"Peace Pipe":3,"Runic Dome":15,"OrangePellets":16,"Shuriken":4,"Sundial":24,"Bird Faced Urn":2,"Strawberry":11,"Toolbox":8,"Molten Egg 2":19,"Bottled Lightning":13,"FossilizedHelix":17,"Runic Pyramid":7},{"Regal Pillow":40,"Gremlin Horn":113,"The Courier":94,"Question Card":44,"Burning Blood":0,"Peace Pipe":10,"Runic Dome":77,"OrangePellets":82,"Shuriken":12,"Sundial":108,"Bird Faced Urn":6,"Strawberry":53,"Toolbox":40,"Molten Egg 2":91,"Bottled Lightning":66,"FossilizedHelix":87,"Runic Pyramid":37}],"Burning Blood":134},"card_choices":[{"not_picked":["Mayhem","Master of Strategy"],"picked":"HandOfGreed","floor":0.0},{"not_picked":["Shrug It Off","Clothesline"],"picked":"Disarm","floor":1.0},{"not_picked":["Sword Boomerang","Warcry"],"picked":"Battle Trance","floor":3.0},{"not_picked":["Battle Trance","Clash"],"picked":"Body Slam","floor":8.0},{"not_picked":["Twin Strike","Sentinel"],"picked":"Battle Trance","floor":13.0},{"not_picked":["Flex","Carnage","Intimidate"],"picked":"SKIP","floor":14.0},{"not_picked":["Demon Form","Double Tap"],"picked":"Offering","floor":16.0},{"not_picked":["Inflame","Sentinel"],"picked":"Shockwave","floor":18.0},{"not_picked":["Iron Wave","Perfected Strike+1","Metallicize"],"picked":"SKIP","floor":24.0},{"not_picked":["Shrug It Off","Clothesline","Iron Wave"],"picked":"Pommel Strike+1","floor":27.0},{"not_picked":["Twin Strike","Clothesline","Fire Breathing"],"picked":"Dual Wield","floor":28.0},{"not_picked":["Thunderclap","Anger+1","Wild Strike","Reckless Charge"],"picked":"SKIP","floor":29.0},{"not_picked":["Twin Strike","Double Tap","Reaper","Thunderclap"],"picked":"SKIP","floor":30.0},{"not_picked":["Armaments","Intimidate","Body Slam","Wild Strike+1"],"picked":"SKIP","floor":31},{"not_picked":["Offering","Immolate","Impervious"],"picked":"Fiend Fire","floor":33},{"not_picked":["Iron Wave","Wild Strike","Heavy Blade+1","Thunderclap"],"picked":"SKIP","floor":35},{"not_picked":["Discovery","Jack Of All Trades","Thinking Ahead"],"picked":"Finesse","floor":37},{"not_picked":["Sadistic Nature","Jack Of All Trades","Secret Technique"],"picked":"Master of Strategy","floor":37},{"not_picked":["Thunderclap","Clash+1","Anger"],"picked":"Dark Embrace","floor":38},{"not_picked":["Clash","Heavy Blade+1","Havoc","Flex"],"picked":"SKIP","floor":39},{"not_picked":["Blood for Blood+1","True Grit+1","Sword Boomerang+1","Reckless Charge+1"],"picked":"SKIP","floor":40},{"not_picked":["Twin Strike+1","Rage","Clothesline+1"],"picked":"Seeing Red","floor":42},{"not_picked":["Rupture","Headbutt+1","Shrug It Off"],"picked":"Burning Pact","floor":44},{"not_picked":["Sentinel","Shockwave","Thunderclap+1","Dropkick+1"],"picked":"SKIP","floor":46},{"not_picked":["Body Slam+1","Fire Breathing","Clash+1","Heavy Blade+1"],"picked":"SKIP","floor":55}],"player_experience":3208362,"relics_obtained":[{"floor":7.0,"key":"Peace Pipe"},{"floor":9.0,"key":"Shuriken"},{"floor":26.0,"key":"Question Card"},{"floor":28.0,"key":"Strawberry"},{"floor":30.0,"key":"Bottled Lightning"},{"floor":38,"key":"FossilizedHelix"},{"floor":40,"key":"Molten Egg 2"},{"floor":42,"key":"The Courier"},{"floor":55,"key":"Gremlin Horn"}],"event_choices":[{"damage_healed":0.0,"max_hp_gain":0.0,"max_hp_loss":0.0,"gold_gain":0.0,"event_name":"The Cleric","player_choice":"Leave","floor":2.0,"gold_loss":0.0,"damage_taken":0.0},{"damage_healed":0.0,"max_hp_gain":0.0,"max_hp_loss":0.0,"gold_gain":0.0,"event_name":"Scrap Ooze","player_choice":"Success","floor":5.0,"gold_loss":0.0,"damage_taken":18.0,"relics_obtained":["Bird Faced Urn"]},{"damage_healed":0.0,"max_hp_gain":0.0,"max_hp_loss":0.0,"gold_gain":0.0,"event_name":"Shining Light","player_choice":"Entered Light","floor":11.0,"gold_loss":0.0,"damage_taken":23.0,"cards_upgraded":["Defend_R","Disarm"]},{"damage_healed":0.0,"max_hp_gain":0.0,"max_hp_loss":0.0,"gold_gain":0.0,"event_name":"Addict","player_choice":"Obtained Relic","floor":19.0,"gold_loss":85.0,"damage_taken":0.0,"relics_obtained":["Regal Pillow"]},{"damage_healed":0.0,"max_hp_gain":0.0,"max_hp_loss":0.0,"gold_gain":0.0,"cards_transformed":["Strike_R","Strike_R"],"event_name":"Drug Dealer","player_choice":"Became Test Subject","floor":20.0,"gold_loss":0.0,"damage_taken":0.0,"cards_obtained":["Clash","Havoc"]},{"damage_healed":0.0,"max_hp_gain":0.0,"max_hp_loss":0.0,"gold_gain":0.0,"event_name":"N\u0027loth","player_choice":"Ignored","floor":21.0,"gold_loss":0.0,"damage_taken":0.0},{"damage_healed":0,"gold_gain":0,"player_choice":"Memory 3","damage_taken":10,"max_hp_gain":0,"max_hp_loss":0,"event_name":"SensoryStone","floor":37,"gold_loss":0},{"damage_healed":0,"gold_gain":0,"player_choice":"Fight","damage_taken":0,"max_hp_gain":0,"max_hp_loss":0,"event_name":"MindBloom","floor":38,"gold_loss":0},{"cards_removed":["Defend_R"],"damage_healed":0,"gold_gain":0,"player_choice":"Purged","damage_taken":0,"max_hp_gain":0,"max_hp_loss":0,"event_name":"Purifier","floor":45,"gold_loss":0},{"damage_healed":0,"gold_gain":0,"player_choice":"Forge","damage_taken":0,"max_hp_gain":0,"max_hp_loss":0,"event_name":"Accursed Blacksmith","floor":48,"gold_loss":0,"cards_upgraded":["Dual Wield"]}],"is_beta":false,"boss_relics":[{"not_picked":["Runic Cube","Philosopher\u0027s Stone"],"picked":"Runic Pyramid"},{"not_picked":["SacredBark","Coffee Dripper"],"picked":"Runic Dome"}],"items_purged_floors":[4,22,36,54],"is_endless":false,"potions_floor_spawned":[3,13,14,27,30,31,33,39,42,46],"ascension_level":20}}