{"host":"28p8ce41sjwa6lzf","time":1608646599,"event":{"mods":["BaseMod","Colored Map","Colored Powertips","Highlight Path","Minty Spire (QoL Compilation)","Permanent Neow","Quick Restart","Random Character Button","Rare Cards Sparkle","Relic Stats","StSLib","Unceasing Turn Reminder"],"gold_per_floor":[110,185,165,181,201,201,228,228,306,456,472,4,22,32,32,106,106,125,139,139,139,152,152,152],"floor_reached":23,"playtime":1028,"items_purged":["Doubt"],"score":386,"play_id":"3dc8bdf9-2502-43f9-99a9-8ace479ed5b6","local_time":"20201222081639","is_ascension_mode":true,"campfire_choices":[{"data":"Unload","floor":6.0,"key":"SMITH"},{"floor":8.0,"key":"REST"},{"floor":15.0,"key":"REST"}],"circlet_count":0,"master_deck":["AscendersBane","Strike_G","Strike_G","Strike_G","Defend_G","Defend_G","Defend_G","Defend_G","Defend_G","Survivor","Neutralize","Unload+1","Bouncing Flask","Caltrops","Deadly Poison","Dagger Throw","Corpse Explosion","Riddle With Holes","Noxious Fumes","Apotheosis","Good Instincts","Dodge and Roll","Sucker Punch","Envenom","Distraction","Dash","Ghostly","Ghostly","Ghostly","Well Laid Plans"],"relics":["Ring of the Snake","Nunchaku","Question Card","Philosopher\u0027s Stone"],"acts_visited":["Exordium","TheCity"],"potions_floor_usage":[18],"damage_taken":[{"damage":2.0,"enemies":"Small Slimes","floor":1.0,"turns":3.0},{"damage":0.0,"enemies":"2 Louse","floor":4.0,"turns":2.0},{"damage":7.0,"enemies":"Cultist","floor":5.0,"turns":4.0},{"damage":37.0,"enemies":"3 Sentries","floor":7.0,"turns":11.0},{"damage":0.0,"enemies":"3 Louse","floor":11.0,"turns":2.0},{"damage":0.0,"enemies":"Exordium Wildlife","floor":13.0,"turns":2.0},{"damage":0.0,"enemies":"2 Fungi Beasts","floor":14.0,"turns":3.0},{"damage":22.0,"enemies":"The Guardian","floor":16.0,"turns":9.0},{"damage":13,"enemies":"Shell Parasite","floor":18,"turns":5},{"damage":18,"enemies":"Chosen","floor":19,"turns":4},{"damage":3,"enemies":"Snake Plant","floor":22,"turns":5},{"damage":24,"enemies":"Gremlin Leader","floor":23,"turns":6}],"seed_played":"3382454920264970822","potions_obtained":[{"floor":1.0,"key":"Weak Potion"},{"floor":3.0,"key":"GhostInAJar"},{"floor":7.0,"key":"Dexterity Potion"},{"floor":18,"key":"Ancient Potion"}],"is_trial":false,"path_per_floor":["M","?","?","M","M","R","E","R","T","?","M","$","M","M","R","B",null,"M","M","?","?","M","E"],"character_chosen":"THE_SILENT","items_purchased":["Noxious Fumes","Apotheosis","Good Instincts"],"campfire_rested":2,"item_purchase_floors":[12,12,12],"current_hp_per_floor":[57,46,46,46,39,39,2,20,20,20,20,20,20,20,38,16,49,36,18,18,18,15,0,0],"gold":152,"neow_bonus":"TRANSFORM_TWO_CARDS","is_daily":false,"chose_seed":false,"campfire_upgraded":1,"win_rate":0.0,"timestamp":1608646599,"path_taken":["M","?","?","?","M","R","E","R","T","?","M","$","M","M","R","BOSS","M","M","?","?","M","E"],"items_purchased_type":["Card","Card","Card"],"build_version":"2020-12-13","purchased_purges":1,"victory":false,"max_hp_per_floor":[60,60,60,60,60,60,60,60,60,60,60,60,60,60,60,60,60,60,60,60,30,30,30,30],"relic_stats":{"Nunchaku":[3],"counters":[12,56],"Question Card":7,"obtain_stats":[{"Nunchaku":7,"Philosopher\u0027s Stone":17,"Question Card":9,"Ring of the Snake":0},{"Nunchaku":4,"Philosopher\u0027s Stone":8,"Question Card":4,"Ring of the Snake":0},{"Nunchaku":20,"Philosopher\u0027s Stone":36,"Question Card":20,"Ring of the Snake":0}],"Ring of the Snake":[24]},"card_choices":[{"not_picked":["Slice","Deflect"],"picked":"Caltrops","floor":1.0},{"not_picked":["Backflip","Deflect"],"picked":"Deadly Poison","floor":4.0},{"not_picked":["Terror","Slice"],"picked":"Dagger Throw","floor":5.0},{"not_picked":["PiercingWail","Flying Knee"],"picked":"Corpse Explosion","floor":7.0},{"not_picked":["Slice","Dodge and Roll","Outmaneuver"],"picked":"Riddle With Holes","floor":11.0},{"not_picked":["Acrobatics","Quick Slash","Poisoned Stab"],"picked":"Dodge and Roll","floor":13.0},{"not_picked":["Bane","Slice","Underhanded Strike"],"picked":"Sucker Punch","floor":14.0},{"not_picked":["A Thousand Cuts","Corpse Explosion","Bullet Time"],"picked":"Envenom","floor":16.0},{"not_picked":["Deflect","Cloak And Dagger","Deadly Poison"],"picked":"Distraction","floor":18},{"not_picked":["Deflect","Choke","Dagger Spray"],"picked":"Dash","floor":19},{"not_picked":["Concentrate+1","Prepared","Envenom"],"picked":"Well Laid Plans","floor":22}],"player_experience":1009786,"relics_obtained":[{"floor":7.0,"key":"Nunchaku"},{"floor":9.0,"key":"Question Card"}],"event_choices":[{"damage_healed":0.0,"max_hp_gain":0.0,"max_hp_loss":0.0,"gold_gain":75.0,"event_name":"World of Goop","player_choice":"Gather Gold","floor":2.0,"gold_loss":0.0,"damage_taken":11.0},{"damage_healed":0.0,"max_hp_gain":0.0,"max_hp_loss":0.0,"gold_gain":0.0,"event_name":"The Woman in Blue","player_choice":"Bought 1 Potion","floor":3.0,"gold_loss":0.0,"damage_taken":0.0},{"damage_healed":0.0,"max_hp_gain":0.0,"max_hp_loss":0.0,"gold_gain":150.0,"event_name":"Liars Game","player_choice":"AGREE","floor":10.0,"gold_loss":0.0,"damage_taken":0.0,"cards_obtained":["Doubt"]},{"damage_healed":0,"gold_gain":0,"player_choice":"Ignored","damage_taken":0,"max_hp_gain":0,"max_hp_loss":0,"event_name":"Vampires","floor":20,"gold_loss":0},{"damage_healed":0,"gold_gain":0,"player_choice":"Became a Ghost","damage_taken":0,"max_hp_gain":0,"max_hp_loss":30,"event_name":"Ghosts","floor":21,"gold_loss":0,"cards_obtained":["Ghostly","Ghostly","Ghostly"]}],"is_beta":false,"boss_relics":[{"not_picked":["Tiny House","WristBlade"],"picked":"Philosopher\u0027s Stone"}],"items_purged_floors":[12],"is_endless":false,"potions_floor_spawned":[1,5,7,14,18],"killed_by":"Gremlin Leader","ascension_level":20}}