{"host":"ixbvfs3so5a39bhe","time":1608639348,"event":{"mods":["BaseMod","Minty Spire (QoL Compilation)","Quick Restart","StSLib"],"gold_per_floor":[116,116,116,116,135,135,163,88,114,125,137,151,161,193,193,288,288,305,220,220,170,190,221,221,252,252,252,252],"floor_reached":27,"playtime":1371,"items_purged":["Defend_P","Defend_P"],"score":343,"play_id":"8a2e3686-e749-4eeb-bb95-dc2980365159","local_time":"20201222201548","is_ascension_mode":true,"campfire_choices":[{"data":"Eruption","floor":6.0,"key":"SMITH"},{"data":"Adaptation","floor":15.0,"key":"SMITH"},{"data":"LikeWater","floor":24,"key":"SMITH"}],"circlet_count":0,"master_deck":["Strike_P","Strike_P","Strike_P","Defend_P","Defend_P","Eruption+1","Meditate","DevaForm","LikeWater+1","Adaptation+1"],"relics":["PureWater","NeowsBlessing","TeardropLocket","Torii","Smiling Mask","Pen Nib","Runic Pyramid","Orichalcum","Bag of Preparation","Calipers"],"acts_visited":["Exordium","TheCity"],"potions_floor_usage":[18,22,23,27],"damage_taken":[{"damage":0.0,"enemies":"Jaw Worm","floor":1.0,"turns":1.0},{"damage":0.0,"enemies":"2 Louse","floor":5.0,"turns":2.0},{"damage":0.0,"enemies":"3 Sentries","floor":7.0,"turns":2.0},{"damage":0.0,"enemies":"Cultist","floor":10.0,"turns":4.0},{"damage":9.0,"enemies":"Blue Slaver","floor":11.0,"turns":3.0},{"damage":8.0,"enemies":"Large Slime","floor":12.0,"turns":4.0},{"damage":21.0,"enemies":"Exordium Thugs","floor":13.0,"turns":5.0},{"damage":1.0,"enemies":"Lagavulin","floor":14.0,"turns":6.0},{"damage":25.0,"enemies":"The Guardian","floor":16.0,"turns":12.0},{"damage":8,"enemies":"Chosen","floor":18,"turns":4},{"damage":0,"enemies":"Spheric Guardian","floor":22,"turns":3},{"damage":12,"enemies":"Gremlin Leader","floor":23,"turns":4},{"damage":43,"enemies":"Book of Stabbing","floor":25,"turns":6},{"damage":1,"enemies":"Snecko","floor":27,"turns":3}],"seed_played":"73771806557328935","potions_obtained":[{"floor":1.0,"key":"DistilledChaos"},{"floor":5.0,"key":"SpeedPotion"},{"floor":14.0,"key":"Weak Potion"},{"floor":16.0,"key":"GamblersBrew"},{"floor":18,"key":"Explosive Potion"},{"floor":20,"key":"GamblersBrew"},{"floor":20,"key":"SkillPotion"},{"floor":22,"key":"PowerPotion"},{"floor":23,"key":"Regen Potion"}],"is_trial":false,"path_per_floor":["M","?","?","?","M","R","E","$","T","M","M","M","M","E","R","B",null,"M","?","?","$","M","E","R","E","T","M"],"character_chosen":"WATCHER","items_purchased":[],"campfire_rested":0,"item_purchase_floors":[],"current_hp_per_floor":[72,69,69,69,69,69,69,69,69,69,60,52,31,30,30,5,72,64,64,64,64,64,52,52,9,9,17,17],"gold":252,"neow_bonus":"THREE_ENEMY_KILL","is_daily":false,"chose_seed":false,"campfire_upgraded":3,"win_rate":0.0,"timestamp":1608639348,"path_taken":["M","?","?","?","?","R","E","$","T","M","M","M","M","E","R","BOSS","M","?","?","$","?","E","R","E","T","M"],"items_purchased_type":[],"build_version":"2020-12-13","purchased_purges":2,"victory":false,"max_hp_per_floor":[72,72,72,72,72,72,72,72,72,72,72,72,72,72,72,72,72,72,72,72,72,72,72,72,72,72,72,72],"card_choices":[{"not_picked":["Nirvana","WheelKick"],"picked":"Meditate","floor":1.0},{"not_picked":["WheelKick","Crescendo","Evaluate"],"picked":"SKIP","floor":5.0},{"not_picked":["CrushJoints","FlyingSleeves","ClearTheMind"],"picked":"SKIP","floor":7.0},{"not_picked":["SashWhip","Vault"],"picked":"LikeWater","floor":10.0},{"not_picked":["Perseverance","Crescendo"],"picked":"Adaptation","floor":11.0},{"not_picked":["CrushJoints","SandsOfTime","BowlingBash"],"picked":"SKIP","floor":12.0},{"not_picked":["Worship","SandsOfTime","Wallop"],"picked":"SKIP","floor":13.0},{"not_picked":["BowlingBash","Evaluate","Sanctity"],"picked":"SKIP","floor":14.0},{"not_picked":["FearNoEvil","ClearTheMind+1","BowlingBash"],"picked":"SKIP","floor":18},{"not_picked":["Indignation+1","Wallop","Conclude+1"],"picked":"SKIP","floor":22},{"not_picked":["Crescendo","ThirdEye","SashWhip"],"picked":"SKIP","floor":23},{"not_picked":["Evaluate","JustLucky","ClearTheMind"],"picked":"SKIP","floor":25}],"player_experience":201318,"relics_obtained":[{"floor":7.0,"key":"Torii"},{"floor":9.0,"key":"Smiling Mask"},{"floor":14.0,"key":"Pen Nib"},{"floor":23,"key":"Bag of Preparation"},{"floor":25,"key":"Calipers"}],"event_choices":[{"damage_healed":0.0,"max_hp_gain":0.0,"max_hp_loss":0.0,"gold_gain":0.0,"event_name":"Scrap Ooze","player_choice":"Success","floor":2.0,"gold_loss":0.0,"damage_taken":3.0,"relics_obtained":["TeardropLocket"]},{"cards_removed":["Vigilance"],"damage_healed":0.0,"max_hp_gain":0.0,"max_hp_loss":0.0,"gold_gain":0.0,"event_name":"Living Wall","player_choice":"Forget","floor":3.0,"gold_loss":0.0,"damage_taken":0.0},{"damage_healed":0.0,"max_hp_gain":0.0,"max_hp_loss":0.0,"gold_gain":0.0,"cards_transformed":["Strike_P"],"event_name":"Transmorgrifier","player_choice":"Transformed","floor":4.0,"gold_loss":0.0,"damage_taken":0.0,"cards_obtained":["DevaForm"]},{"damage_healed":0,"gold_gain":0,"player_choice":"Obtained Relic","damage_taken":0,"relics_obtained":["Orichalcum"],"max_hp_gain":0,"max_hp_loss":0,"event_name":"Addict","floor":19,"gold_loss":85},{"damage_healed":0,"gold_gain":0,"player_choice":"Got Potions","damage_taken":0,"max_hp_gain":0,"max_hp_loss":0,"event_name":"Lab","floor":20,"gold_loss":0}],"is_beta":false,"boss_relics":[{"not_picked":["Snecko Eye","VioletLotus"],"picked":"Runic Pyramid"}],"items_purged_floors":[8,21],"is_endless":false,"potions_floor_spawned":[1,5,14,16,18,22,23],"killed_by":"Snecko","ascension_level":4}}