{"host":"36ls4ricihodphgx","time":1608637859,"event":{"mods":["AchievementEnabler","BaseMod","Colored Map","Downfall","Hermit","HololiveMod","Marisa????????","Minty Spire (QoL Compilation)","Replay The Spire","StSLib","The Animator","The Cursed","The Servant 0.9.4"],"gold_per_floor":[116,116,80,60,71,71,81,110,110,30,30,30,60,75,75,75,75],"floor_reached":16,"playtime":666,"items_purged":[],"score":100,"play_id":"b006cead-b222-49bd-aeda-7e094501767b","local_time":"20201222045059","is_ascension_mode":false,"campfire_choices":[{"data":"animator:FielNirvalen","floor":6,"key":"SMITH"},{"floor":11,"key":"REST"},{"floor":15,"key":"REST"}],"circlet_count":0,"master_deck":["animator:Strike_NoGameNoLife+1","animator:Defend_NoGameNoLife+1","animator:Strike","animator:Strike","animator:Strike","animator:Defend+1","animator:Defend","animator:Defend","animator:DolaSchwi","animator:DolaCouronne+1","ReplayTheSpireMod:Splinters","animator:FielNirvalen+1","animator:Jibril","animator:FielNirvalen","ReplayTheSpireMod:Faulty Equipment"],"relics":["animator:LivingPicture","animator:TheMissingPiece","Ginger","War Paint","ReplayTheSpireMod:Ring of Exchange","Blue Doll"],"acts_visited":["Exordium"],"potions_floor_usage":[13,16],"damage_taken":[{"damage":2,"enemies":"Small Slimes","floor":1,"turns":4},{"damage":2,"enemies":"Cultist","floor":5,"turns":4},{"damage":5,"enemies":"Jaw Worm","floor":7,"turns":5},{"damage":6,"enemies":"3 Louse","floor":8,"turns":6},{"damage":27,"enemies":"Gremlin Nob","floor":13,"turns":6},{"damage":23,"enemies":"Gremlin Gang","floor":14,"turns":5},{"damage":29,"enemies":"Slime Boss","floor":16,"turns":5}],"seed_played":"-2959826648212391084","potions_obtained":[{"floor":4,"key":"SkillPotion"},{"floor":13,"key":"champ:CounterPotion"}],"is_trial":false,"path_per_floor":["M","?","$","?","M","R","M","M","T","$","R","?","E","M","R","B"],"character_chosen":"THE_ANIMATOR","items_purchased":["animator:FielNirvalen","animator:FielNirvalen"],"campfire_rested":2,"item_purchase_floors":[3,10],"current_hp_per_floor":[64,51,51,51,49,49,44,38,38,38,57,57,30,7,26,0,0],"gold":75,"neow_bonus":"ONE_RARE_RELIC","is_daily":false,"chose_seed":false,"campfire_upgraded":1,"win_rate":0.0,"timestamp":1608637859,"path_taken":["M","?","$","?","?","R","M","M","T","$","R","?","E","M","R","BOSS"],"items_purchased_type":["Card","Card"],"build_version":"2020-12-13","purchased_purges":0,"victory":false,"max_hp_per_floor":[66,66,66,66,66,66,66,66,66,66,66,66,66,66,66,66,66],"card_choices":[{"not_picked":["animator:DwarfShaman","animator:Hakurou","animator:Verdia"],"picked":"SKIP","floor":1},{"not_picked":["animator:DwarfShaman","animator:Hakurou","animator:RoyMustang"],"picked":"SKIP","floor":5},{"not_picked":["animator:ElricAlphonse","animator:Geryuganshoop","animator:Kazuma"],"picked":"SKIP","floor":7},{"not_picked":["animator:DolaCouronne","animator:DolaStephanie"],"picked":"animator:Jibril","floor":8},{"not_picked":["animator:Boros","animator:Demiurge","animator:Albedo"],"picked":"SKIP","floor":13},{"not_picked":["animator:Verdia","animator:Genos","animator:Entoma"],"picked":"SKIP","floor":14}],"player_experience":5420,"relics_obtained":[{"floor":9,"key":"War Paint"},{"floor":12,"key":"ReplayTheSpireMod:Ring of Exchange"},{"floor":13,"key":"Blue Doll"}],"event_choices":[{"damage_healed":0,"gold_gain":0,"player_choice":"Entered Light","damage_taken":13,"max_hp_gain":0,"max_hp_loss":0,"event_name":"Shining Light","floor":2,"gold_loss":0,"cards_upgraded":["animator:Strike_NoGameNoLife","animator:Defend"]},{"damage_healed":0,"gold_gain":0,"player_choice":"Bought 1 Potion","damage_taken":0,"max_hp_gain":0,"max_hp_loss":0,"event_name":"The Woman in Blue","floor":4,"gold_loss":0}],"is_beta":false,"boss_relics":[],"items_purged_floors":[],"is_endless":false,"potions_floor_spawned":[13],"killed_by":"Slime Boss","ascension_level":0}}