{"host":"hi7fki77kkmhrce8","time":1608666387,"event":{"mods":["AchievementEnabler","Act Like it!","BaseMod","Beaked The Cultist","Colored Powertips","Downfall","Halation","Hallownest","Jedi Mod","Mad Scientist","Minty Spire (QoL Compilation)","Relic Stats","Replay The Spire","StSLib","SuperFastMode","The Blackbeard","The Construct","The Hierophant","The Necromancer","The Servant 0.9.4","The Witch"],"gold_per_floor":[114,114,114,129,143,169,189,189,189],"floor_reached":8,"playtime":475,"items_purged":[],"score":61,"play_id":"c5ee2821-d5ed-4da3-8d2b-19d23c156fea","local_time":"20201222144627","is_ascension_mode":true,"campfire_choices":[],"circlet_count":0,"master_deck":["Strike_S","Strike_S","Strike_S+1","Strike_S","Defend_S","Defend_S","Defend_S+1","Defend_S","KidneyShot","Exchange","Replace+1","TimeWarp","Read","Solidify","Gouge"],"relics":["Uniform","NeowsBlessing","Replay:Towering Pillar of Hats"],"acts_visited":["Exordium"],"potions_floor_usage":[6,8],"damage_taken":[{"damage":0,"enemies":"Jaw Worm","floor":1,"turns":1},{"damage":0,"enemies":"2 Louse","floor":4,"turns":1},{"damage":0,"enemies":"Cultist","floor":5,"turns":1},{"damage":20,"enemies":"Lagavulin","floor":6,"turns":14},{"damage":9,"enemies":"Blue Slaver","floor":7,"turns":6},{"damage":25,"enemies":"3 Sentries","floor":8,"turns":4}],"seed_played":"2349808668952234325","potions_obtained":[{"floor":1,"key":"Flashbang"},{"floor":5,"key":"SpeedPotion"},{"floor":6,"key":"ColorlessPotion"}],"is_trial":false,"path_per_floor":["M","?","?","M","M","E","M","E"],"character_chosen":"THE_SERVANT","items_purchased":[],"campfire_rested":0,"item_purchase_floors":[],"current_hp_per_floor":[65,52,52,52,52,32,23,0,0],"gold":189,"neow_bonus":"THREE_ENEMY_KILL","is_daily":false,"chose_seed":false,"campfire_upgraded":0,"win_rate":0.0,"timestamp":1608666387,"path_taken":["M","?","?","M","M","E","?","E"],"items_purchased_type":[],"build_version":"2020-12-13","purchased_purges":0,"victory":false,"max_hp_per_floor":[65,65,65,65,65,65,65,65,65],"relic_stats":{"counters":[6,27],"obtain_stats":[{"NeowsBlessing":0,"Replay:Towering Pillar of Hats":6,"Uniform":0},{"NeowsBlessing":0,"Replay:Towering Pillar of Hats":4,"Uniform":0},{"NeowsBlessing":0,"Replay:Towering Pillar of Hats":17,"Uniform":0}]},"card_choices":[{"not_picked":["Hightail","ShatteredReality"],"picked":"Replace","floor":1},{"not_picked":["FastForward","DoubleEdge"],"picked":"TimeWarp","floor":4},{"not_picked":["StarChef","Starlight"],"picked":"Read","floor":5},{"not_picked":["TimeWarp","Unruled"],"picked":"Solidify","floor":6},{"not_picked":["Snipe","ReturningBlade"],"picked":"Gouge","floor":7}],"player_experience":137879,"relics_obtained":[{"floor":6,"key":"Replay:Towering Pillar of Hats"}],"event_choices":[{"damage_healed":0,"gold_gain":0,"player_choice":"Entered Light","damage_taken":13,"max_hp_gain":0,"max_hp_loss":0,"event_name":"Shining Light","floor":2,"gold_loss":0,"cards_upgraded":["Defend_S","Strike_S"]},{"damage_healed":0,"gold_gain":0,"player_choice":"Upgraded","damage_taken":0,"max_hp_gain":0,"max_hp_loss":0,"event_name":"Upgrade Shrine","floor":3,"gold_loss":0,"cards_upgraded":["Replace"]}],"is_beta":false,"boss_relics":[],"items_purged_floors":[],"is_endless":false,"potions_floor_spawned":[1,5,6],"killed_by":"3 Sentries","ascension_level":1}}