{"host":"zksvs3x2ysy9npnz","time":1608674655,"event":{"mods":["Aspiration","BaseMod","Beaked The Cultist","BetterRewards","CatGirl Mod","Clockwork Mod","Conspire","Energized Spire","Fiend Mod","Friendly Minions","Halation","Hermit","Highlight Path","Hubris","Jedi Mod","Minty Spire (QoL Compilation)","Permanent Neow","Quick Restart","Relic Stats","Replay The Spire","Shop Mod","StSLib","SuperFastMode","The Blackbeard","The Bladedancer","The Construct"],"gold_per_floor":[118,118,135,56,56,56,69,69,95,130,130,130,4,27,27,27,27],"floor_reached":16,"playtime":888,"items_purged":["Injury"],"score":156,"play_id":"a69a87d1-9747-42c8-a7d9-bba0ed5a55ea","local_time":"20201222230415","is_ascension_mode":true,"campfire_choices":[{"data":"blademaster:Breeze","floor":6.0,"key":"SMITH"},{"floor":8.0,"key":"RECALL"},{"floor":11.0,"key":"REST"},{"data":"blademaster:DeadlyDance","floor":15.0,"key":"SMITH"}],"circlet_count":0,"master_deck":["AscendersBane","blademaster:Strike","blademaster:Strike","blademaster:Strike","blademaster:Strike","blademaster:Defend","blademaster:Defend","blademaster:Defend","blademaster:Defend","blademaster:RagingBlow","blademaster:HighVoltage","blademaster:FuriousStrike","blademaster:AspectOfLightning","blademaster:Breeze+1","blademaster:Cut","blademaster:Gust","blademaster:DeadlyDance+1"],"relics":["blademaster:DancersAmulet","Replay:Rubber Ducky","Spirit Poop","Golden Idol","jedi:crownofsimplicity","Smiling Mask","hubris:Icosahedron"],"acts_visited":["Exordium"],"potions_floor_usage":[],"damage_taken":[{"damage":24.0,"enemies":"Small Slimes","floor":1.0,"turns":7.0},{"damage":1.0,"enemies":"Cultist","floor":3.0,"turns":4.0},{"damage":0.0,"enemies":"Jaw Worm","floor":7.0,"turns":2.0},{"damage":16.0,"enemies":"Gremlin Nob","floor":10.0,"turns":3.0},{"damage":0.0,"enemies":"Large Slime","floor":14.0,"turns":4.0},{"damage":35,"enemies":"The Guardian","floor":16,"turns":6}],"seed_played":"7968154135116680530","potions_obtained":[{"floor":3.0,"key":"Languid Potion"}],"is_trial":false,"path_per_floor":["M","?","M","$","?","R","M","R","T","E","R","?","$","M","R","B"],"character_chosen":"THE_BLADEMASTER","items_purchased":["blademaster:Breeze","blademaster:Gust"],"campfire_rested":1,"item_purchase_floors":[4,13],"current_hp_per_floor":[44,44,43,43,43,43,43,43,43,27,49,49,49,49,49,14,14],"gold":27,"neow_bonus":"RANDOM_EVENT","is_daily":false,"chose_seed":false,"campfire_upgraded":2,"win_rate":0.0,"timestamp":1608674655,"path_taken":["M","?","?","$","?","R","M","R","T","E","R","?","$","M","R","BOSS"],"items_purchased_type":["Card","Card"],"build_version":"2020-12-13","purchased_purges":1,"victory":false,"max_hp_per_floor":[75,75,75,75,75,75,75,75,75,75,75,75,75,75,75,75,75],"relic_stats":{"counters":[6,26],"Golden Idol":15,"Smiling Mask":25,"obtain_stats":[{"hubris:Icosahedron":12,"Golden Idol":5,"blademaster:FuryEveryTurnPerk":10,"Spirit Poop":2,"blademaster:DancersAmulet":0,"jedi:crownofsimplicity":9,"Smiling Mask":10,"Replay:Rubber Ducky":0},{"hubris:Icosahedron":4,"Golden Idol":2,"blademaster:FuryEveryTurnPerk":4,"Spirit Poop":1,"blademaster:DancersAmulet":0,"jedi:crownofsimplicity":3,"Smiling Mask":4,"Replay:Rubber Ducky":0},{"hubris:Icosahedron":16,"Golden Idol":11,"blademaster:FuryEveryTurnPerk":16,"Spirit Poop":7,"blademaster:DancersAmulet":0,"jedi:crownofsimplicity":13,"Smiling Mask":16,"Replay:Rubber Ducky":0}]},"card_choices":[{"not_picked":["blademaster:Thrust","blademaster:Frontflip"],"picked":"blademaster:FuriousStrike","floor":1.0},{"not_picked":["blademaster:AwakeningDefend","blademaster:Slice"],"picked":"blademaster:AspectOfLightning","floor":3.0},{"not_picked":["blademaster:SharpBlades","blademaster:Blockade","blademaster:Breeze"],"picked":"SKIP","floor":7.0},{"not_picked":["blademaster:DancingEdge","blademaster:Sunder"],"picked":"blademaster:Cut","floor":10.0},{"not_picked":["blademaster:DragonStrike","blademaster:Quickstep"],"picked":"blademaster:DeadlyDance","floor":14.0}],"player_experience":1550469,"relics_obtained":[{"floor":9.0,"key":"jedi:crownofsimplicity"},{"floor":10.0,"key":"Smiling Mask"},{"floor":10.0,"key":"blademaster:FuryEveryTurnPerk"}],"event_choices":[{"damage_healed":0.0,"max_hp_gain":0.0,"max_hp_loss":0.0,"gold_gain":0.0,"event_name":"Big Fish","player_choice":"Box","floor":0.0,"gold_loss":0.0,"damage_taken":0.0,"relics_obtained":["Replay:Rubber Ducky"],"cards_obtained":["Regret"]},{"cards_removed":["Regret"],"damage_healed":0.0,"max_hp_gain":0.0,"max_hp_loss":0.0,"gold_gain":0.0,"event_name":"Bonfire Elementals","player_choice":"Offered Curse","floor":2.0,"gold_loss":0.0,"damage_taken":0.0,"relics_obtained":["Spirit Poop"]},{"damage_healed":0.0,"max_hp_gain":0.0,"max_hp_loss":0.0,"gold_gain":0.0,"event_name":"Golden Idol","player_choice":"Take Wound","floor":5.0,"gold_loss":0.0,"damage_taken":0.0,"relics_obtained":["Golden Idol"],"cards_obtained":["Injury"]}],"is_beta":false,"boss_relics":[],"items_purged_floors":[13],"is_endless":false,"potions_floor_spawned":[3],"killed_by":"The Guardian","ascension_level":12}}