{"host":"3asmp5aovk69ekg9","time":1608606106,"event":{"mods":["BaseMod","BetterRewards","Colored Powertips","Hermit","Koishi","Magitek Elite","Minty Spire (QoL Compilation)","Permanent Neow","Remove Card Discount Mod","Shade Mod","StSLib","The Alterego","The Cursed","The Death Knight","The Fake Hero","The IronCluck","The Marked","The Senshi","The Wild Card"],"gold_per_floor":[123,142,142,216,160,160,194,221,246,227,227,246,285,299,299,394,394,414,489,503,602,615,640,663,690,690,11,40,38,69,109,121,232,244,284,314,326,420,532,575,587,624,660,688,726,778,815,840,852,864,876,888,25,51,51],"floor_reached":56,"playtime":6086,"items_purged":["theMarked:Strike","theMarked:Defend","theMarked:Defend","theMarked:Defend","theMarked:Strike","theMarked:Defend","theMarked:Strike","theMarked:Strike","theMarked:Strike","theMarked:MaelstromOfLightning","theMarked:Parkour","theMarked:RepellingDischarge","theMarked:StartUp","theMarked:TwofoldDefense","theMarked:SoldierOfQuellstein","theMarked:ShockingTouch","theMarked:ShockingTouch+1","theMarked:SwordAndMagic"],"score":1835,"play_id":"14133607-3119-46ca-a630-34b3e4876f69","local_time":"20201221190146","is_ascension_mode":true,"campfire_choices":[{"floor":6,"key":"REST"},{"floor":15,"key":"REST"},{"data":"theMarked:WardOff","floor":32,"key":"SMITH"},{"data":"theMarked:ComboAttacks","floor":41,"key":"SMITH"},{"floor":49,"key":"RECALL"},{"data":"theMarked:EnhancedHearing","floor":52,"key":"SMITH"}],"circlet_count":0,"master_deck":["theMarked:BanishingStrike+1","theMarked:HeritageOfTheMarked+1","theMarked:HeritageOfTheMarked+1","theMarked:WardOff+1","theMarked:MysticalArsenal","theMarked:WardOff+1","theMarked:DeterminationOfTheMarked","theMarked:BanishingStrike","theMarked:WardOff+1","theMarked:MysticalArsenal","theMarked:EnhancedHearing+1","theMarked:Opportunist","theMarked:SwordAndMagic","theMarked:BanishingStrike","theMarked:Seal","theMarked:WardOff","theMarked:ComboAttacks+1","theMarked:Indomitable+1","theMarked:BanishingWave+1","Madness+1","Madness+1","theMarked:BanishingStrike","theMarked:WardOff+1","theMarked:Panic+1","Mayhem"],"relics":["theMarked:ArtifactOfAir","Tiny Chest","Orrery","CeramicFish","Medical Kit","Gremlin Horn","Shuriken","Potion Belt","theSenshi:SuperSailorFukuRelic","Blue Candle","Coffee Dripper","Pear","theSenshi:SailorFukuRelic","Regal Pillow","Toxic Egg 2","Lee\u0027s Waffle","FossilizedHelix","Guard_Bracelet","Angel_Ring","MawBank","Golden_Hairpin","The Courier","Bottled Tornado","Happy Flower","Centennial Puzzle","Whetstone","Toy Ornithopter","Mummified Hand","Ornamental Fan","StrikeDummy","Pen Nib"],"acts_visited":["Exordium","TheCity","TheBeyond","TheEnding"],"potions_floor_usage":[7,8,13,16,22,23,25,28,33,54,55,55,55],"damage_taken":[{"damage":0,"enemies":"Cultist","floor":1,"turns":3},{"damage":0,"enemies":"2 Louse","floor":2,"turns":3},{"damage":28,"enemies":"Gremlin Nob","floor":7,"turns":4},{"damage":0,"enemies":"Small Slimes","floor":8,"turns":3},{"damage":0,"enemies":"Looter","floor":12,"turns":3},{"damage":0,"enemies":"3 Sentries","floor":13,"turns":4},{"damage":0,"enemies":"Exordium Wildlife","floor":14,"turns":3},{"damage":0,"enemies":"Slime Boss","floor":16,"turns":4},{"damage":3,"enemies":"Shell Parasite","floor":18,"turns":3},{"damage":0,"enemies":"Chosen","floor":20,"turns":2},{"damage":0,"enemies":"Snake Plant","floor":22,"turns":2},{"damage":0,"enemies":"Gremlin Leader","floor":23,"turns":3},{"damage":9,"enemies":"Slavers","floor":25,"turns":4},{"damage":0,"enemies":"Gremlin Leader","floor":28,"turns":4},{"damage":1,"enemies":"Slavers","floor":30,"turns":4},{"damage":0,"enemies":"Cultist and Chosen","floor":31,"turns":5},{"damage":27,"enemies":"Collector","floor":33,"turns":5},{"damage":0,"enemies":"3 Shapes","floor":35,"turns":3},{"damage":0,"enemies":"Giant Head","floor":40,"turns":4},{"damage":0,"enemies":"Nemesis","floor":42,"turns":5},{"damage":0,"enemies":"Orb Walker","floor":44,"turns":3},{"damage":0,"enemies":"Maw","floor":45,"turns":4},{"damage":0,"enemies":"Giant Head","floor":46,"turns":5},{"damage":9,"enemies":"4 Shapes","floor":47,"turns":2},{"damage":0,"enemies":"Spire Growth","floor":48,"turns":3},{"damage":0,"enemies":"Donu and Deca","floor":50,"turns":3},{"damage":21,"enemies":"Shield and Spear","floor":54,"turns":3},{"damage":2,"enemies":"The Heart","floor":55,"turns":4}],"seed_played":"-5971115017690380563","potions_obtained":[{"floor":1,"key":"PowerPotion"},{"floor":7,"key":"Fire Potion"},{"floor":12,"key":"Energy Potion"},{"floor":18,"key":"Dexterity Potion"},{"floor":20,"key":"LiquidBronze"},{"floor":22,"key":"DeathKnight:RimePotion"},{"floor":28,"key":"CultistPotion"},{"floor":30,"key":"Strength Potion"},{"floor":40,"key":"Strength Potion"},{"floor":42,"key":"Ancient Potion"},{"floor":45,"key":"DuplicationPotion"},{"floor":46,"key":"Swift Potion"},{"floor":47,"key":"Weak Potion"}],"is_trial":false,"path_per_floor":["M","M","?","?","$","R","E","M","T","$","T","M","E","M","R","B",null,"M","?","M","?","M","E","T","E","T","$","E","$","E","M","R","B",null,"M","?","?","T","?","E","R","E","T","M","M","E","M","M","R","B",null,"R","$","E","B",null],"character_chosen":"THE_DEFAULT","items_purchased":["Tiny Chest","theMarked:MaelstromOfLightning","Orrery","theMarked:WardOff","theMarked:MysticalArsenal","theMarked:StartUp","theMarked:Parkour","CeramicFish","theMarked:WardOff","theMarked:SwordAndMagic","theMarked:ShockingTouch","Medical Kit","Gremlin Horn","Shuriken","theMarked:DeterminationOfTheMarked","theMarked:BanishingStrike","theMarked:WardOff","theMarked:MysticalArsenal","Regen Potion","SkillPotion","theMarked:SwordAndMagic","theMarked:BanishingStrike","theMarked:WardOff","theMarked:ComboAttacks","Lee\u0027s Waffle","FossilizedHelix","Guard_Bracelet","Toy Ornithopter","Mummified Hand","Ornamental Fan","StrikeDummy","Mayhem"],"campfire_rested":2,"item_purchase_floors":[0,0,0,0,0,0,0,0,0,0,0,0,0,0,0,0,0,0,0,0,5,5,10,27,27,27,27,53,53,53,53,53],"current_hp_per_floor":[28,28,14,14,14,35,16,16,16,16,16,16,16,16,37,37,70,67,60,60,60,60,70,70,61,61,87,87,87,86,86,86,59,87,87,76,50,50,50,50,50,50,50,50,50,50,41,41,41,41,87,87,87,66,79],"gold":51,"neow_bonus":"","is_daily":false,"chose_seed":false,"campfire_upgraded":3,"win_rate":0.0,"timestamp":1608606106,"path_taken":["M","?","?","?","$","R","E","M","T","$","?","M","E","M","R","BOSS","M","?","?","?","M","E","?","E","T","$","E","?","E","M","R","BOSS","M","?","?","?","?","E","R","E","T","?","M","E","M","M","R","BOSS","R","$","E","BOSS"],"items_purchased_type":["Relic","Card","Relic","Card","Card","Card","Card","Relic","Card","Card","Card","Relic","Relic","Relic","Card","Card","Card","Card","Potion","Potion","Card","Card","Card","Card","Relic","Relic","Relic","Relic","Relic","Relic","Relic","Card"],"build_version":"2020-12-13","purchased_purges":18,"victory":true,"max_hp_per_floor":[70,70,70,70,70,70,70,70,70,70,70,70,70,70,70,70,70,70,70,70,70,70,80,80,80,80,87,87,87,87,87,87,87,87,87,87,87,87,87,87,87,87,87,87,87,87,87,87,87,87,87,87,87,87,87],"card_choices":[{"not_picked":["theMarked:ResourceFulStrike","theMarked:Overcharge"],"picked":"theMarked:BanishingStrike","floor":0},{"not_picked":["theMarked:Seal","theMarked:Levitate"],"picked":"theMarked:HeritageOfTheMarked","floor":0},{"not_picked":["theMarked:Improvise","theMarked:TwofoldDefense"],"picked":"theMarked:HeritageOfTheMarked","floor":0},{"not_picked":["theMarked:Electrocute","theMarked:Convert"],"picked":"theMarked:TwofoldDefense","floor":0},{"not_picked":["theMarked:Aftermath","theMarked:TwofoldDefense"],"picked":"theMarked:RepellingDischarge","floor":0},{"not_picked":["theMarked:Improvise","theMarked:BanishingStrike"],"picked":"theMarked:EnhancedHearing","floor":1},{"not_picked":["theMarked:ElectricStrings","theMarked:Parkour"],"picked":"theMarked:Opportunist","floor":2},{"not_picked":["theMarked:ElectricStrings","theMarked:BanishingWave","theMarked:ResourceFulStrike"],"picked":"SKIP","floor":7},{"not_picked":["theMarked:MuscleMemory","theMarked:SwordAndMagic"],"picked":"theMarked:Seal","floor":8},{"not_picked":["theMarked:HeightenedSenses","theMarked:ReduceFriction","theMarked:WastefulAttack"],"picked":"SKIP","floor":12},{"not_picked":["theMarked:EmpowerWeapon","theMarked:Polarize"],"picked":"theMarked:ShockingTouch","floor":13},{"not_picked":["theMarked:ChainLightning","theMarked:Overcharge","theMarked:Improvise"],"picked":"SKIP","floor":14},{"not_picked":["theMarked:SwordAndMagic","theMarked:Static","theMarked:Overcharge"],"picked":"SKIP","floor":18},{"not_picked":["theMarked:Electrocute+1","theMarked:ChainLightning","theMarked:MagicAdept"],"picked":"SKIP","floor":20},{"not_picked":["theMarked:ElectricStrings+1","theMarked:WastefulDefense+1","theMarked:Parkour"],"picked":"SKIP","floor":22},{"not_picked":["theMarked:DeterminationOfTheMarked","theMarked:ChannelForce","theMarked:SwordAndMagic+1"],"picked":"SKIP","floor":23},{"not_picked":["theMarked:Overcharge","theMarked:Overthink","theMarked:Electrocute"],"picked":"SKIP","floor":25},{"not_picked":["theMarked:Electrify+1","theMarked:WastefulAttack","theMarked:Parkour+1"],"picked":"SKIP","floor":28},{"not_picked":["theMarked:KeepCalmAndFightOn","theMarked:Overthink+1","theMarked:RepellingDischarge+1"],"picked":"SKIP","floor":30},{"not_picked":["theMarked:Convert+1","theMarked:TwofoldDefense+1"],"picked":"theMarked:Indomitable+1","floor":31},{"not_picked":["theMarked:Electrocute","theMarked:TunnelVision"],"picked":"theMarked:BanishingWave","floor":35},{"not_picked":["theMarked:Panic+1","theMarked:Static+1","theMarked:MagicAdept+1"],"picked":"SKIP","floor":40},{"not_picked":["theMarked:Parkour+1","theMarked:Electrocute","theMarked:Panic+1"],"picked":"SKIP","floor":42},{"not_picked":["theMarked:LightningStrikesTwice+1","theMarked:RepellingDischarge+1","theMarked:Improvise+1"],"picked":"SKIP","floor":44},{"not_picked":["theMarked:Aftermath+1","theMarked:Indomitable+1"],"picked":"theMarked:BanishingStrike","floor":45},{"not_picked":["theMarked:ContemptForTheProud+1","theMarked:ChainLightning"],"picked":"theMarked:WardOff+1","floor":46},{"not_picked":["theMarked:Static+1","theMarked:ThrowWeapon"],"picked":"theMarked:Panic+1","floor":47},{"not_picked":["theMarked:RepellingDischarge+1","theMarked:Aftermath+1","theMarked:SwordAndMagic+1"],"picked":"SKIP","floor":48},{"not_picked":["theMarked:EmpowerWeapon+1","theMarked:WastefulAttack","theMarked:SwordAndMagic"],"picked":"SKIP","floor":54}],"player_experience":1113298,"relics_obtained":[{"floor":7,"key":"Potion Belt"},{"floor":11,"key":"theSenshi:SuperSailorFukuRelic"},{"floor":13,"key":"Blue Candle"},{"floor":23,"key":"Pear"},{"floor":24,"key":"theSenshi:SailorFukuRelic"},{"floor":25,"key":"Regal Pillow"},{"floor":26,"key":"Toxic Egg 2"},{"floor":28,"key":"Angel_Ring"},{"floor":30,"key":"MawBank"},{"floor":38,"key":"The Courier"},{"floor":40,"key":"Bottled Tornado"},{"floor":42,"key":"Happy Flower"},{"floor":43,"key":"Centennial Puzzle"},{"floor":46,"key":"Whetstone"},{"floor":54,"key":"Pen Nib"}],"event_choices":[{"damage_healed":0,"gold_gain":0,"player_choice":"Entered Light","damage_taken":14,"max_hp_gain":0,"max_hp_loss":0,"event_name":"Shining Light","floor":3,"gold_loss":0,"cards_upgraded":["theMarked:ShockingTouch","theMarked:WardOff"]},{"damage_healed":0,"gold_gain":74,"player_choice":"Gained Gold","damage_taken":0,"max_hp_gain":0,"max_hp_loss":0,"event_name":"Golden Wing","floor":4,"gold_loss":0},{"damage_healed":0,"gold_gain":75,"player_choice":"Touch","damage_taken":7,"max_hp_gain":0,"max_hp_loss":0,"event_name":"FaceTrader","floor":19,"gold_loss":0},{"damage_healed":0,"gold_gain":99,"player_choice":"Stole From Cult","damage_taken":0,"max_hp_gain":0,"max_hp_loss":0,"event_name":"Nest","floor":21,"gold_loss":0},{"damage_healed":0,"gold_gain":0,"player_choice":"Embrace Madness","damage_taken":11,"max_hp_gain":0,"max_hp_loss":0,"event_name":"Winding Halls","floor":36,"gold_loss":0,"cards_obtained":["Madness","Madness"]},{"damage_healed":0,"gold_gain":100,"player_choice":"Pray","damage_taken":0,"max_hp_gain":0,"max_hp_loss":0,"event_name":"Golden Shrine","floor":39,"gold_loss":0}],"is_beta":false,"boss_relics":[{"not_picked":["Snecko Eye","Runic Dome"],"picked":"Coffee Dripper"},{"not_picked":["theMarked:Eyepatch","Philosopher\u0027s Stone"],"picked":"Golden_Hairpin"}],"items_purged_floors":[0,0,0,0,0,0,0,0,0,5,5,10,27,27,27,27,27,29],"is_endless":false,"potions_floor_spawned":[1,7,12,18,20,22,28,30,40,42,45,46,47,54],"ascension_level":3}}