{"host":"5dk97cf2ubw2v967","time":1608652460,"event":{"mods":["AlwaysNeverKeys","BaseMod","Better Altar","Better Vampires","Block Reminder","Colored Powertips","Downfall","Googly Eyes","Highlight Path","Minty Spire (QoL Compilation)","Permanent Neow","Potion Indicator Mod","Quick Restart","Relic Filter","Relic Stats","Say the Spire","Spicy Shops","StSLib","Waifu the Spire","everything is the same but u backflip on backflip"],"gold_per_floor":[113,38,13,24,35,35,35,35],"floor_reached":7,"playtime":225,"items_purged":[],"score":82,"play_id":"c1e1dcfc-7446-4454-b3cb-1d4d55a4dae6","local_time":"20201222155420","is_ascension_mode":true,"campfire_choices":[{"data":"Slice","floor":6,"key":"SMITH"}],"circlet_count":0,"master_deck":["AscendersBane","Strike_G","Strike_G","Strike_G","Strike_G","Defend_G","Defend_G","Defend_G","Defend_G","Defend_G","Survivor","Neutralize","Outmaneuver","Outmaneuver","Flying Knee","Slice+1"],"relics":["Runic Pyramid"],"acts_visited":["Exordium"],"potions_floor_usage":[7],"damage_taken":[{"damage":3,"enemies":"Jaw Worm","floor":1,"turns":5},{"damage":1,"enemies":"Cultist","floor":4,"turns":5},{"damage":0,"enemies":"Small Slimes","floor":5,"turns":4},{"damage":22,"enemies":"Gremlin Nob","floor":7,"turns":6}],"seed_played":"4681065455065045153","potions_obtained":[{"floor":1,"key":"GhostInAJar"}],"is_trial":false,"path_per_floor":["M","?","$","M","M","R","E"],"character_chosen":"THE_SILENT","items_purchased":["Outmaneuver"],"campfire_rested":0,"item_purchase_floors":[3],"current_hp_per_floor":[56,56,56,55,55,55,33,33],"gold":35,"neow_bonus":"BOSS_RELIC","is_daily":false,"chose_seed":false,"campfire_upgraded":1,"win_rate":0.0,"timestamp":1608652460,"path_taken":["M","?","$","M","M","R","E"],"items_purchased_type":["Card"],"build_version":"2020-12-13","purchased_purges":0,"victory":false,"max_hp_per_floor":[66,66,66,66,66,66,66,66],"relic_stats":{"counters":[4,20],"obtain_stats":[{"Ring of the Snake":0,"Runic Pyramid":0},{"Ring of the Snake":0,"Runic Pyramid":0},{"Ring of the Snake":0,"Runic Pyramid":0}]},"card_choices":[{"not_picked":["Crippling Poison","Caltrops"],"picked":"Outmaneuver","floor":1},{"not_picked":["Dagger Throw","Slice"],"picked":"Flying Knee","floor":4},{"not_picked":["Calculated Gamble","Blade Dance"],"picked":"Slice","floor":5}],"player_experience":1247932,"relics_obtained":[],"event_choices":[{"cards_removed":["Strike_G"],"damage_healed":0,"gold_gain":0,"player_choice":"Card Removal","damage_taken":0,"max_hp_gain":0,"max_hp_loss":0,"event_name":"The Cleric","floor":2,"gold_loss":75}],"is_beta":false,"boss_relics":[],"items_purged_floors":[],"is_endless":false,"potions_floor_spawned":[1],"killed_by":"Gremlin Nob","ascension_level":20}}