{"host":"j06fkfseroga8i8e","time":1608658508,"event":{"mods":["BaseMod","Bestiary","Colored Map","Colored Powertips","Minty Spire (QoL Compilation)","Relic Stats","Slay the Relics Exporter","StSLib"],"gold_per_floor":[116,133,133,53,53,82,82,107,160,160,193,210,236,29,29,125,125,141,91,104,104,123,123,148,180,180,180,180,218,249,258,258,362,362,380,399,419,428,439,439,91,91,91,116,135,165,165,19,19,19],"floor_reached":51,"playtime":1765,"items_purged":["Neutralize","Reflex+1"],"score":1480,"play_id":"9d9ce554-c030-4921-b3d5-56591ab37b1c","local_time":"20201222123508","is_ascension_mode":true,"campfire_choices":[{"data":"Footwork","floor":7.0,"key":"SMITH"},{"data":"Deadly Poison","floor":10.0,"key":"SMITH"},{"floor":15.0,"key":"REST"},{"data":"Envenom","floor":23,"key":"SMITH"},{"floor":27,"key":"REST"},{"data":"After Image","floor":32,"key":"SMITH"},{"data":"Wraith Form v2","floor":40,"key":"SMITH"},{"data":"Finisher","floor":42,"key":"SMITH"},{"data":"Backstab","floor":49,"key":"SMITH"}],"circlet_count":0,"master_deck":["AscendersBane","Survivor","Neutralize","Poisoned Stab","Deadly Poison+1","Footwork+1","Backstab+1","Night Terror+1","Blade Dance+1","Adrenaline+1","Blade Dance+1","Storm of Steel+1","Bane","Setup+1","Night Terror+1","Calculated Gamble+1","Adrenaline+1","Finisher+1","Envenom+1","A Thousand Cuts","Caltrops","Backflip+1","Footwork","Catalyst+1","After Image+1","Footwork","Wraith Form v2+1","Terror+1","After Image+1"],"relics":["Ring of the Snake","NeowsBlessing","Akabeko","Toxic Egg 2","Dead Branch","Lantern","Smiling Mask","Darkstone Periapt","Pandora\u0027s Box","CeramicFish","Ornamental Fan","Mercury Hourglass","MutagenicStrength","Red Mask","Orichalcum","Busted Crown","Blood Vial","Juzu Bracelet","Singing Bowl","Shuriken","Anchor","Lee\u0027s Waffle"],"acts_visited":["Exordium","TheCity","TheBeyond"],"potions_floor_usage":[24,50,50],"damage_taken":[{"damage":0.0,"enemies":"Cultist","floor":1.0,"turns":1.0},{"damage":0.0,"enemies":"Jaw Worm","floor":2.0,"turns":1.0},{"damage":0.0,"enemies":"Gremlin Nob","floor":6.0,"turns":1.0},{"damage":21.0,"enemies":"3 Sentries","floor":8.0,"turns":11.0},{"damage":27.0,"enemies":"Gremlin Nob","floor":11.0,"turns":5.0},{"damage":0.0,"enemies":"Small Slimes","floor":12.0,"turns":2.0},{"damage":0.0,"enemies":"3 Sentries","floor":13.0,"turns":5.0},{"damage":13.0,"enemies":"Hexaghost","floor":16.0,"turns":5.0},{"damage":0.0,"enemies":"3 Byrds","floor":18.0,"turns":2.0},{"damage":0.0,"enemies":"2 Thieves","floor":20.0,"turns":1.0},{"damage":6.0,"enemies":"3 Cultists","floor":22.0,"turns":3.0},{"damage":8,"enemies":"Shelled Parasite and Fungi","floor":24,"turns":2},{"damage":8,"enemies":"Slavers","floor":25,"turns":2},{"damage":0,"enemies":"Masked Bandits","floor":29,"turns":2},{"damage":0,"enemies":"Book of Stabbing","floor":30,"turns":1},{"damage":10,"enemies":"Champ","floor":33,"turns":5},{"damage":0,"enemies":"Orb Walker","floor":35,"turns":1},{"damage":0,"enemies":"3 Shapes","floor":36,"turns":3},{"damage":0,"enemies":"Jaw Worm Horde","floor":37,"turns":1},{"damage":0,"enemies":"Spire Growth","floor":39,"turns":1},{"damage":0,"enemies":"Giant Head","floor":44,"turns":5},{"damage":3,"enemies":"4 Shapes","floor":45,"turns":3},{"damage":0,"enemies":"Nemesis","floor":46,"turns":3},{"damage":32,"enemies":"Awakened One","floor":50,"turns":6}],"seed_played":"8389401955471963687","potions_obtained":[{"floor":8.0,"key":"Weak Potion"},{"floor":12.0,"key":"GhostInAJar"},{"floor":13.0,"key":"FearPotion"},{"floor":18.0,"key":"LiquidMemories"},{"floor":24,"key":"PowerPotion"}],"is_trial":false,"path_per_floor":["M","M","?","$","?","E","R","E","T","R","E","M","E","$","R","B",null,"M","$","M","?","M","R","M","E","T","R","?","?","E","?","R","B",null,"M","M","M","?","M","R","$","R","T","E","M","E","?","$","R","B",null],"character_chosen":"THE_SILENT","items_purchased":["Footwork","Adrenaline+1","Blade Dance+1","Blood Vial","Juzu Bracelet","Lee\u0027s Waffle"],"campfire_rested":2,"item_purchase_floors":[4,14,14,41,41,48],"current_hp_per_floor":[63,63,56,56,56,56,56,35,35,35,8,8,8,8,29,16,57,57,57,57,57,51,51,43,35,35,56,56,56,56,56,56,46,64,64,64,64,64,64,64,64,64,64,68,69,73,72,79,79,47],"gold":19,"neow_bonus":"THREE_ENEMY_KILL","is_daily":false,"chose_seed":false,"campfire_upgraded":7,"win_rate":0.0,"timestamp":1608658508,"path_taken":["M","?","?","$","?","E","R","E","T","R","E","M","E","$","R","BOSS","M","$","?","?","M","R","M","E","T","R","?","?","E","?","R","BOSS","M","M","?","?","M","R","$","R","T","E","M","E","?","$","R","BOSS"],"items_purchased_type":["Card","Card","Card","Relic","Relic","Relic"],"build_version":"2020-12-13","purchased_purges":2,"victory":true,"max_hp_per_floor":[70,70,70,70,70,70,70,70,70,70,70,70,70,70,70,70,70,70,70,70,70,70,70,70,70,70,70,70,70,70,70,70,70,70,70,70,70,70,70,70,70,70,70,72,74,76,72,79,79,79],"relic_stats":{"Darkstone Periapt":0,"Lee\u0027s Waffle":7,"Singing Bowl":6,"counters":[24,71],"Dead Branch":[260],"CeramicFish":54,"Juzu Bracelet":1,"Orichalcum":[0],"Smiling Mask":75,"Mercury Hourglass":[125],"Blood Vial":6,"Busted Crown":14,"Ornamental Fan":[164],"Shuriken":[10],"Pandora\u0027s Box":["Bane","Setup","Night Terror","Calculated Gamble","Adrenaline","Finisher","Envenom","A Thousand Cuts","Caltrops","Reflex"],"obtain_stats":[{"Darkstone Periapt":13,"Lantern":9,"Lee\u0027s Waffle":48,"NeowsBlessing":0,"Singing Bowl":43,"Dead Branch":8,"CeramicFish":21,"Juzu Bracelet":41,"Orichalcum":30,"Smiling Mask":11,"Akabeko":3,"Mercury Hourglass":26,"Blood Vial":41,"Anchor":46,"Busted Crown":34,"Ornamental Fan":25,"Shuriken":44,"MutagenicStrength":28,"Pandora\u0027s Box":17,"Red Mask":29,"Toxic Egg 2":6,"Ring of the Snake":0},{"Darkstone Periapt":7,"Lantern":4,"Lee\u0027s Waffle":23,"NeowsBlessing":0,"Singing Bowl":20,"Dead Branch":4,"CeramicFish":10,"Juzu Bracelet":20,"Orichalcum":15,"Smiling Mask":5,"Akabeko":2,"Mercury Hourglass":13,"Blood Vial":20,"Anchor":23,"Busted Crown":16,"Ornamental Fan":13,"Shuriken":21,"MutagenicStrength":13,"Pandora\u0027s Box":8,"Red Mask":14,"Toxic Egg 2":3,"Ring of the Snake":0},{"Darkstone Periapt":26,"Lantern":14,"Lee\u0027s Waffle":65,"NeowsBlessing":0,"Singing Bowl":54,"Dead Branch":14,"CeramicFish":34,"Juzu Bracelet":54,"Orichalcum":44,"Smiling Mask":19,"Akabeko":2,"Mercury Hourglass":41,"Blood Vial":54,"Anchor":65,"Busted Crown":49,"Ornamental Fan":41,"Shuriken":59,"MutagenicStrength":41,"Pandora\u0027s Box":31,"Red Mask":43,"Toxic Egg 2":3,"Ring of the Snake":0}],"Ring of the Snake":[48]},"card_choices":[{"not_picked":["Outmaneuver","Backflip"],"picked":"Poisoned Stab","floor":1.0},{"not_picked":["Blade Dance","Backflip"],"picked":"Deadly Poison","floor":2.0},{"not_picked":["Quick Slash","After Image"],"picked":"Backstab","floor":6.0},{"not_picked":["Dodge and Roll+1","Cloak And Dagger+1"],"picked":"Night Terror+1","floor":8.0},{"not_picked":["Reflex+1","Riddle With Holes","Flechettes"],"picked":"SKIP","floor":11.0},{"not_picked":["Outmaneuver+1","Prepared+1"],"picked":"Blade Dance+1","floor":12.0},{"not_picked":["Outmaneuver+1","Quick Slash","Dagger Spray"],"picked":"SKIP","floor":13.0},{"not_picked":["Night Terror+1","Doppelganger+1"],"picked":"Storm of Steel+1","floor":16.0},{"not_picked":["Setup+1","Cloak And Dagger+1"],"picked":"Backflip+1","floor":18.0},{"not_picked":["Underhanded Strike","Flying Knee"],"picked":"Footwork","floor":20.0},{"not_picked":["Poisoned Stab+1","Dagger Throw","Cloak And Dagger+1"],"picked":"SKIP","floor":22},{"not_picked":["Deflect+1","Dagger Spray"],"picked":"Catalyst+1","floor":24},{"not_picked":["Escape Plan+1","Riddle With Holes+1","Bouncing Flask+1"],"picked":"SKIP","floor":25},{"not_picked":["Sucker Punch","Dagger Throw"],"picked":"After Image","floor":29},{"not_picked":["Leg Sweep+1","Flying Knee","Outmaneuver+1"],"picked":"SKIP","floor":30},{"not_picked":["Malaise+1","A Thousand Cuts"],"picked":"Wraith Form v2","floor":33},{"not_picked":["Deflect+1"],"picked":"SKIP","floor":35},{"not_picked":[],"picked":"Terror+1","floor":36},{"not_picked":["Backflip+1"],"picked":"SKIP","floor":37},{"not_picked":["Eviscerate+1"],"picked":"SKIP","floor":39},{"not_picked":["Expertise+1"],"picked":"Singing Bowl","floor":44},{"not_picked":["Heel Hook"],"picked":"Singing Bowl","floor":45},{"not_picked":["Sucker Punch+1"],"picked":"Singing Bowl","floor":46}],"player_experience":544488,"relics_obtained":[{"floor":6.0,"key":"Toxic Egg 2"},{"floor":8.0,"key":"Dead Branch"},{"floor":9.0,"key":"Lantern"},{"floor":11.0,"key":"Smiling Mask"},{"floor":13.0,"key":"Darkstone Periapt"},{"floor":25,"key":"Ornamental Fan"},{"floor":26,"key":"Mercury Hourglass"},{"floor":29,"key":"Red Mask"},{"floor":30,"key":"Orichalcum"},{"floor":43,"key":"Singing Bowl"},{"floor":44,"key":"Shuriken"},{"floor":46,"key":"Anchor"}],"event_choices":[{"damage_healed":0.0,"max_hp_gain":0.0,"max_hp_loss":0.0,"gold_gain":0.0,"event_name":"Scrap Ooze","player_choice":"Success","floor":3.0,"gold_loss":0.0,"damage_taken":7.0,"relics_obtained":["Akabeko"]},{"damage_healed":0.0,"max_hp_gain":0.0,"max_hp_loss":0.0,"gold_gain":0.0,"event_name":"Match and Keep!","player_choice":"1 cards matched","floor":5.0,"gold_loss":0.0,"damage_taken":0.0,"cards_obtained":["Neutralize"]},{"damage_healed":0.0,"max_hp_gain":0.0,"max_hp_loss":0.0,"gold_gain":0.0,"event_name":"The Mausoleum","player_choice":"Opened","floor":21.0,"gold_loss":0.0,"damage_taken":0.0,"relics_obtained":["CeramicFish"]},{"damage_healed":0,"gold_gain":0,"player_choice":"Inject Mutagens","damage_taken":0,"relics_obtained":["MutagenicStrength"],"max_hp_gain":0,"max_hp_loss":0,"event_name":"Drug Dealer","floor":28,"gold_loss":0},{"damage_healed":0,"gold_gain":0,"player_choice":"Fought Bandits","damage_taken":0,"max_hp_gain":0,"max_hp_loss":0,"event_name":"Masked Bandits","floor":29,"gold_loss":0},{"damage_healed":0,"gold_gain":0,"player_choice":"1 cards matched","damage_taken":0,"max_hp_gain":0,"max_hp_loss":0,"event_name":"Match and Keep!","floor":31,"gold_loss":0,"cards_obtained":["Footwork"]},{"damage_healed":0,"gold_gain":0,"player_choice":"Copied","damage_taken":0,"max_hp_gain":0,"max_hp_loss":0,"event_name":"Duplicator","floor":38,"gold_loss":0,"cards_obtained":["After Image"]},{"damage_healed":0,"gold_gain":0,"player_choice":"Max HP","damage_taken":0,"max_hp_gain":0,"max_hp_loss":4,"event_name":"Winding Halls","floor":47,"gold_loss":0}],"is_beta":false,"boss_relics":[{"not_picked":["Calling Bell","SlaversCollar"],"picked":"Pandora\u0027s Box"},{"not_picked":["Tiny House","SacredBark"],"picked":"Busted Crown"}],"items_purged_floors":[19,41],"is_endless":false,"potions_floor_spawned":[8,12,13,18,24,30,36,39,44],"ascension_level":12}}