{"host":"4lebci84u2l5u89t","time":1608641607,"event":{"mods":["AchievementEnabler","Aspiration","Bard","BaseMod","Beaked The Cultist","Better Altar","Better Match","Better Note","Better Sensory Stone","Better Skull","Better Third Choice","BetterRewards","CCEM","Colored Map","Conspire","GifTheSpireLib","Googly Eyes","Halation","Hermit","Highlight Path","Hubris","Jedi Mod","Jorbs\u0027s Wanderer Trilogy","Lobotomy","LobotomyExtend","Mad Scientist","Marisa????????","Mimic Mod","Minty Spire (QoL Compilation)","Permanent Neow","Replay The Spire","Shade Mod","Spicy Shops","StSLib","Stuff the Spire","The Administrix","The Mystic","Unceasing Turn Reminder"],"gold_per_floor":[116,149,16,34,45,45,80,90,90,123,133,145,162,180,180,281,281,281,206,146,146,161,191,201,215,293,293,293,321,18,29,29,134,134,150,168,178,103,121,154,154,179,179,192,192,221,221,231,231,231],"floor_reached":51,"playtime":5778,"items_purged":["Pain"],"score":3368,"play_id":"f80f5b43-069d-4451-85e6-2d7351b9a90b","local_time":"20201222135327","is_ascension_mode":false,"campfire_choices":[{"data":"beaked:BloodRitual","floor":6,"key":"SMITH"},{"data":"beaked:AwakenedForm","floor":15,"key":"SMITH"},{"floor":32,"key":"REST"},{"data":"Mind Blast","floor":45,"key":"SMITH"},{"floor":47,"key":"RECALL"},{"data":"Mind Blast","floor":49,"key":"SMITH"}],"circlet_count":0,"master_deck":["BlueStar","BlueStar","BlueStar","QueenOfHatred","BodiesMountain","Mercenary","beaked:Strike_Y","beaked:Strike_Y","beaked:Strike_Y","beaked:Strike_Y","beaked:Strike_Y","beaked:Strike_Y","beaked:Defend_Y","beaked:Defend_Y","beaked:Defend_Y","beaked:Defend_Y","beaked:Ceremony","beaked:Ceremony","beaked:Ceremony","ShyLook","LittlePrince","beaked:Evade+1","beaked:MaddeningMurmurs","beaked:BloodRitual+1","Wellcheers","beaked:AwakenedForm+1","GalaxyChild","beaked:Windmill+1","beaked:WarriorEssence","DreamingCurrent","OSAHOGD","beaked:SacrificialDive","Bloodbath","beaked:MachineSpirit+1","MeatLantern","beaked:BloodForTheGods","beaked:Recite","Redo+1","Specialist+1","beaked:MaddeningMurmurs","NothingThere","beaked:WarriorEssence+1","RedShoes","BigBird","Capacitor","StuffTheSpire:NuclearReactor","BlackArmy","SingingMachine","LittleHelper","Hyperbeam","BigBadWolf","Ball Lightning+1","Woodsman","Compile Driver","beaked:DesperateSwing+1","beaked:Windmill","beaked:FeelMyPain+1","Mind Blast+1","Mind Blast+1","beaked:WarriorSpirit+1","LongBird","beaked:Evade+1","beaked:Mantra+1","GreedKing","Go for the Eyes"],"relics":["beaked:BlessedCoat","CogitoBucket","LetterFromLob","War Paint","aspiration:Nostalgia","bard:PitchPipe","Ice Cream","SkinProphecy","Matryoshka","WantedRequest","Simple Rune","HellTrain","SolemnVow_r","aspiration:DefectSkillbook","Moonlight_r","TheSmile_r","InTheNameOfLoveAndHate_r","Meat on the Bone","AspirationHeart","AtMidnight","StuffTheSpire:GrapeVine","CCEMRelics:FryingPan","Bronze Scales","Vajra","CCEMRelics:SpiritsEdge","Dream Catcher","halation:KoshaPiece","Smiling Mask","Chameleon Ring","aspiration:EmptySkull","SoundOfStar_r"],"acts_visited":["Exordium","TheCity","TheBeyond"],"potions_floor_usage":[8,29,29,31,42,50,50,50],"damage_taken":[{"damage":10,"enemies":"Cultist","floor":1,"turns":4},{"damage":28,"enemies":"conspire:MimicChest","floor":2,"turns":6},{"damage":0,"enemies":"2 Louse","floor":4,"turns":4},{"damage":15,"enemies":"Jaw Worm","floor":5,"turns":5},{"damage":35,"enemies":"Gremlin Nob","floor":7,"turns":4},{"damage":32,"enemies":"Large Slime","floor":8,"turns":4},{"damage":40,"enemies":"3 Sentries","floor":10,"turns":6},{"damage":36,"enemies":"2 Fungi Beasts","floor":11,"turns":6},{"damage":23,"enemies":"Lots of Slimes","floor":12,"turns":4},{"damage":35,"enemies":"Exordium Wildlife","floor":13,"turns":6},{"damage":92,"enemies":"Looter","floor":14,"turns":9},{"damage":115,"enemies":"Hexaghost","floor":16,"turns":9},{"damage":46,"enemies":"2 Thieves","floor":20,"turns":7},{"damage":37,"enemies":"Spheric Guardian","floor":22,"turns":4},{"damage":94,"enemies":"Gremlin Leader","floor":23,"turns":7},{"damage":184,"enemies":"3 Cultists","floor":24,"turns":9},{"damage":32,"enemies":"Snecko","floor":25,"turns":3},{"damage":49,"enemies":"Slavers","floor":29,"turns":2},{"damage":25,"enemies":"Snake Plant","floor":31,"turns":2},{"damage":97,"enemies":"hubris:MusketHawk","floor":33,"turns":4},{"damage":25,"enemies":"Orb Walker","floor":35,"turns":3},{"damage":6,"enemies":"3 Shapes","floor":36,"turns":3},{"damage":126,"enemies":"Transient","floor":37,"turns":5},{"damage":26,"enemies":"Maw","floor":39,"turns":4},{"damage":62,"enemies":"Giant Head","floor":40,"turns":5},{"damage":68,"enemies":"Reptomancer","floor":42,"turns":3},{"damage":91,"enemies":"Spire Growth","floor":44,"turns":4},{"damage":11,"enemies":"Giant Head","floor":46,"turns":3},{"damage":5,"enemies":"Jaw Worm Horde","floor":48,"turns":3},{"damage":313,"enemies":"Replay:Hell Engine","floor":50,"turns":7}],"seed_played":"-3765588633532843980","potions_obtained":[{"floor":1,"key":"SneckoOil"},{"floor":4,"key":"SteroidPotion"},{"floor":7,"key":"Swift Potion"},{"floor":13,"key":"Dexterity Potion"},{"floor":23,"key":"DuplicationPotion"},{"floor":29,"key":"Adrenaline Potion"},{"floor":33,"key":"BlessingOfTheForge"},{"floor":35,"key":"jedi:StrikingPotion"},{"floor":42,"key":"Death Potion"},{"floor":44,"key":"PowerPotion"}],"is_trial":false,"path_per_floor":["M","?","$","M","M","R","E","M","T","E","M","M","M","M","R","B",null,"M","?","M","?","M","E","M","M","T","?","?","E","$","M","R","B",null,"M","M","M","?","M","E","?","E","T","M","R","E","R","M","R","B",null],"character_chosen":"BEAKED_THE_CULTIST","items_purchased":["aspiration:Nostalgia","Vajra","CCEMRelics:SpiritsEdge"],"campfire_rested":1,"item_purchase_floors":[3,30,30],"current_hp_per_floor":[45,31,31,43,48,48,33,21,21,6,25,49,53,41,41,58,64,64,64,64,64,61,70,84,71,71,71,71,88,88,70,90,56,92,94,95,64,64,96,99,99,101,101,82,82,102,102,104,104,104],"gold":231,"neow_bonus":"","is_daily":false,"chose_seed":false,"campfire_upgraded":4,"win_rate":0.0,"timestamp":1608641607,"path_taken":["M","?","?","M","M","R","E","M","T","E","M","M","?","M","R","BOSS","M","?","M","?","M","E","M","M","T","?","?","E","?","?","R","BOSS","M","M","M","?","M","E","?","E","T","?","R","E","R","M","R","BOSS"],"items_purchased_type":["Relic","Relic","Relic"],"build_version":"2020-12-13","purchased_purges":1,"victory":true,"max_hp_per_floor":[50,50,50,50,50,50,50,50,50,52,54,56,58,62,62,64,64,64,64,66,66,68,70,84,86,86,86,86,88,88,90,90,92,92,94,96,98,98,100,99,99,101,101,100,100,102,102,104,104,108],"card_choices":[{"not_picked":["PunishingBird","QueenBee"],"picked":"ShyLook","floor":1},{"not_picked":["beaked:TuckingFeathers","beaked:RitualOfBody","beaked:BloodForTheGods"],"picked":"SKIP","floor":1},{"not_picked":["GreedKing","MHz"],"picked":"LittlePrince","floor":2},{"not_picked":["beaked:SacrificialDive","beaked:Poke"],"picked":"beaked:Evade","floor":2},{"not_picked":["beaked:BraceForImpact","beaked:Windmill"],"picked":"beaked:MaddeningMurmurs","floor":4},{"not_picked":["PunishingBird","NakedNest"],"picked":"QueenOfHatred","floor":4},{"not_picked":["beaked:Cower","beaked:Replenish"],"picked":"beaked:BloodRitual","floor":5},{"not_picked":["Murderer","OSAHOGD"],"picked":"Wellcheers","floor":5},{"not_picked":["beaked:BounceBack","beaked:MimicWarrior"],"picked":"beaked:AwakenedForm","floor":7},{"not_picked":["NakedNest","Woodsman"],"picked":"Mercenary","floor":7},{"not_picked":["FairyFestival","SpiderBud"],"picked":"GalaxyChild","floor":8},{"not_picked":["beaked:CrazyRituals","beaked:Struggle"],"picked":"beaked:Windmill","floor":8},{"not_picked":["beaked:Brace","beaked:Molting"],"picked":"beaked:WarriorEssence","floor":10},{"not_picked":["BeautyBeast","FairyFestival"],"picked":"DreamingCurrent","floor":10},{"not_picked":["CrumblingArmor","OldLady"],"picked":"OSAHOGD","floor":11},{"not_picked":["beaked:TuckingFeathers","beaked:SacrificialScars"],"picked":"beaked:SacrificialDive","floor":11},{"not_picked":["QueenBee","FairyFestival"],"picked":"Bloodbath","floor":12},{"not_picked":["beaked:Foresight","beaked:Tweet"],"picked":"beaked:MachineSpirit","floor":12},{"not_picked":["MHz","BlackSwan"],"picked":"MeatLantern","floor":13},{"not_picked":["beaked:MimicHuntress","beaked:HuntressSpirit"],"picked":"beaked:BloodForTheGods","floor":13},{"not_picked":["Variant","FairyFestival"],"picked":"Funeral","floor":14},{"not_picked":["beaked:SacrificialDive","beaked:SacrificialAttack"],"picked":"beaked:Recite","floor":14},{"not_picked":["MHz","WhitesApple","Murderer"],"picked":"Singing Bowl","floor":16},{"not_picked":["Murderer","MHz"],"picked":"BlackSwan","floor":16},{"not_picked":["beaked:CursingBlood+1","beaked:Redirect+1","beaked:Brace+1"],"picked":"Redo+1","floor":19},{"not_picked":["Jack Of All Trades+1","PanicButton+1","Dark Shackles+1"],"picked":"Specialist+1","floor":19},{"not_picked":["VoidDream","Scorched","FairyFestival"],"picked":"Singing Bowl","floor":20},{"not_picked":["VoidDream","BeautyBeast"],"picked":"BodiesMountain","floor":20},{"not_picked":["Rebound","jedi:sharpshooter","Stack"],"picked":"beaked:MaddeningMurmurs","floor":20},{"not_picked":["FairyFestival","WallGazer"],"picked":"NothingThere","floor":22},{"not_picked":["beaked:CursingBlood","beaked:Daydream","beaked:ShadowFade"],"picked":"beaked:WarriorEssence+1","floor":22},{"not_picked":["PunishingBird","Laetitia"],"picked":"RedShoes","floor":23},{"not_picked":["Compile Driver","beaked:Redirect","Conserve Battery","Sweeping Beam+1"],"picked":"SKIP","floor":23},{"not_picked":["Compile Driver","beaked:Redirect","Conserve Battery","Sweeping Beam+1"],"picked":"SKIP","floor":23},{"not_picked":["Scorched","SingingMachine"],"picked":"BlueStar","floor":24},{"not_picked":["jedi:BurstFrost","StuffTheSpire:Coldhearted+1","Redo","beaked:Windmill"],"picked":"SKIP","floor":24},{"not_picked":["CherryBlossoms","FieryBird","OldLady"],"picked":"Singing Bowl","floor":25},{"not_picked":["WallGazer","SpiderBud"],"picked":"BigBird","floor":25},{"not_picked":["beaked:TuckingFeathers","beaked:WindBringer","Streamline"],"picked":"Capacitor","floor":25},{"not_picked":["Defragment+1","Melter","beaked:Redirect"],"picked":"StuffTheSpire:NuclearReactor","floor":29},{"not_picked":["Scarecrow","SpiderBud"],"picked":"BlackArmy","floor":29},{"not_picked":["HappyTeddy","SilentOrchestra"],"picked":"SingingMachine","floor":31},{"not_picked":["StuffTheSpire:Plugnplay","jedi:BurstFrost+1","beaked:CheekyTricks","Streamline"],"picked":"SKIP","floor":31},{"not_picked":["StuffTheSpire:Plugnplay","jedi:BurstFrost+1","beaked:CheekyTricks","Streamline"],"picked":"SKIP","floor":31},{"not_picked":["Murderer","OldLady"],"picked":"LittleHelper","floor":33},{"not_picked":["StuffTheSpire:ForEach","jedi:BurstDark","hubris:DoWhile"],"picked":"Hyperbeam","floor":33},{"not_picked":["LaLuna","QueenBee"],"picked":"BigBadWolf","floor":35},{"not_picked":["beaked:Tradeoff+1","Conserve Battery+1","Force Field"],"picked":"Ball Lightning+1","floor":35},{"not_picked":["SpiderBud","WhitesApple","WallGazer"],"picked":"Singing Bowl","floor":36},{"not_picked":["HappyTeddy","SnowQueen"],"picked":"Woodsman","floor":36},{"not_picked":["Crystallizer","Undo","beaked:Flinch+1"],"picked":"Compile Driver","floor":36},{"not_picked":["BlackSwan","Freischutz"],"picked":"Yin","floor":37},{"not_picked":["Storm+1","beaked:Hexing","Stack+1","beaked:Tweet"],"picked":"SKIP","floor":37},{"not_picked":["beaked:Replenish+1","beaked:Hexing+1","ReplayTheSpireMod:Prepare the Ceremony+1"],"picked":"beaked:DesperateSwing+1","floor":38},{"not_picked":["ReplayTheSpireMod:RavenHex+1","Reinforced Body","beaked:Tweet"],"picked":"beaked:Windmill","floor":39},{"not_picked":["CrumblingArmor","Alriune","WallGazer"],"picked":"Singing Bowl","floor":40},{"not_picked":["beaked:RitualOfBody+1","beaked:Resilience","StuffTheSpire:LoadUp"],"picked":"beaked:FeelMyPain+1","floor":40},{"not_picked":["Impatience","Madness","jedi:forcepush"],"picked":"Mind Blast","floor":41},{"not_picked":["Jack Of All Trades","Forethought","StuffTheSpire:PlasmaPunch"],"picked":"Mind Blast","floor":41},{"not_picked":["Consume","beaked:Replenish","beaked:DigDeep+1"],"picked":"beaked:WarriorSpirit+1","floor":42},{"not_picked":["FairyFestival","WhitesApple","Scorched"],"picked":"Singing Bowl","floor":44},{"not_picked":["Funeral","CherryBlossoms"],"picked":"LongBird","floor":44},{"not_picked":["beaked:BounceBack","Aggregate","Hologram"],"picked":"beaked:Evade+1","floor":44},{"not_picked":["Gash+1","Storm","Steam+1"],"picked":"beaked:Mantra+1","floor":46},{"not_picked":["NakedNest","BlackSwan"],"picked":"GreedKing","floor":46},{"not_picked":["Conserve Battery+1","Rebound+1","beaked:VolatileMisfortune"],"picked":"Go for the Eyes","floor":48},{"not_picked":["Alriune","SnowQueen","BlackSwan"],"picked":"Singing Bowl","floor":48}],"player_experience":228417,"relics_obtained":[{"floor":1,"key":"LetterFromLob"},{"floor":2,"key":"War Paint"},{"floor":7,"key":"Ice Cream"},{"floor":9,"key":"Matryoshka"},{"floor":10,"key":"Simple Rune"},{"floor":23,"key":"Meat on the Bone"},{"floor":24,"key":"AtMidnight"},{"floor":26,"key":"StuffTheSpire:GrapeVine"},{"floor":26,"key":"CCEMRelics:FryingPan"},{"floor":29,"key":"Bronze Scales"},{"floor":40,"key":"Dream Catcher"},{"floor":42,"key":"halation:KoshaPiece"},{"floor":43,"key":"Smiling Mask"},{"floor":43,"key":"Chameleon Ring"},{"floor":46,"key":"aspiration:EmptySkull"}],"event_choices":[{"damage_healed":0,"gold_gain":0,"player_choice":"2","damage_taken":0,"max_hp_gain":0,"max_hp_loss":0,"event_name":"betterMatch:BetterMatch","floor":19,"gold_loss":0,"cards_obtained":["betterMatch:CommonCard","betterMatch:ColorlessUncommonCard"]},{"cards_removed":["BlackSwan"],"damage_healed":0,"gold_gain":0,"player_choice":"Purged","damage_taken":0,"max_hp_gain":0,"max_hp_loss":0,"event_name":"Purifier","floor":21,"gold_loss":0},{"damage_healed":0,"gold_gain":0,"player_choice":"Forge","damage_taken":0,"max_hp_gain":0,"max_hp_loss":0,"event_name":"Accursed Blacksmith","floor":27,"gold_loss":0,"cards_upgraded":["beaked:Windmill"]},{"damage_healed":0,"gold_gain":0,"player_choice":"Ignored","damage_taken":0,"max_hp_gain":0,"max_hp_loss":0,"event_name":"betterNote:BetterNote","floor":28,"gold_loss":0,"cards_obtained":["beaked:VolatileMisfortune"]},{"damage_healed":0,"gold_gain":0,"player_choice":"2","damage_taken":0,"max_hp_gain":0,"max_hp_loss":0,"event_name":"betterMatch:BetterMatch","floor":38,"gold_loss":0,"cards_obtained":["betterMatch:UncommonCard"]},{"damage_healed":0,"gold_gain":0,"player_choice":"Random: Blue","damage_taken":0,"max_hp_gain":0,"max_hp_loss":0,"event_name":"betterThird:BetterPortal","floor":41,"gold_loss":0},{"damage_healed":0,"gold_gain":3,"player_choice":"1","damage_taken":0,"max_hp_gain":0,"max_hp_loss":0,"event_name":"betterStone:BetterStone","floor":41,"gold_loss":0}],"is_beta":false,"boss_relics":[{"not_picked":["Honey Jar","Astrolabe"],"picked":"aspiration:DefectSkillbook"},{"not_picked":["hubris:Stopwatch","hubris:VirtuousBlindfold"],"picked":"beaked:BlessedCoat"}],"items_purged_floors":[3],"is_endless":false,"potions_floor_spawned":[1,4,7,13,20,23,29,33,35,42,44,46,48],"ascension_level":0}}