{"host":"na09lpbrez4gbfiz","time":1608678775,"event":{"mods":["Act Like it!","BaseMod","BetterRewards","Colored Map","Colored Powertips","DeckTracker","Googly Eyes","Highlight Path","Minty Spire (QoL Compilation)","Quick Restart","Spicy Shops","StSLib","SuperFastMode","Synergy Search"],"gold_per_floor":[112,129,146,146,156,156,183,194,194,194,211,222,222,241,241,345,345,356,36,36,36,36,36,61,61,61,61,78,90,118,129,129,233,233,243,243,257,268,71,103,103,135,135,162,173,173,173,203,203,203],"floor_reached":51,"playtime":2035,"items_purged":["Strike_R","Decay"],"score":1790,"play_id":"e92f4809-c4f4-465c-b9a3-2bbda90ea23f","local_time":"20201223001255","is_ascension_mode":true,"campfire_choices":[{"data":"1","floor":6.0,"key":"LIFT"},{"data":"2","floor":13.0,"key":"LIFT"},{"floor":15.0,"key":"REST"},{"data":"3","floor":23,"key":"LIFT"},{"floor":25,"key":"REST"},{"floor":27,"key":"RECALL"},{"floor":32,"key":"REST"},{"floor":41,"key":"REST"},{"floor":47,"key":"REST"},{"floor":49,"key":"REST"}],"circlet_count":0,"master_deck":["Strike_R+1","Strike_R+1","Strike_R+1","Defend_R+1","Defend_R+1","Defend_R+1","Defend_R+1","Bash","Wild Strike","Sentinel","Reckless Charge","Second Wind","Havoc","Limit Break","Inflame+1","Heavy Blade+1","Offering","Dark Embrace","Limit Break","Madness","Madness","Ghostly Armor+1","Corruption","Armaments+1","Sentinel+1","True Grit"],"relics":["Burning Blood","Lee\u0027s Waffle","Medical Kit","Girya","Dead Branch","Strawberry","Singing Bowl","Fusion Hammer","Molten Egg 2","Bag of Marbles","HornCleat","Prayer Wheel","Philosopher\u0027s Stone","Anchor","Boot","Unceasing Top","Red Skull","Bottled Flame"],"acts_visited":["Exordium","TheCity","TheBeyond"],"potions_floor_usage":[24,29,33,39,44,50,50,50],"damage_taken":[{"damage":6.0,"enemies":"Cultist","floor":1.0,"turns":4.0},{"damage":1.0,"enemies":"2 Louse","floor":2.0,"turns":2.0},{"damage":9.0,"enemies":"Jaw Worm","floor":3.0,"turns":3.0},{"damage":11.0,"enemies":"Blue Slaver","floor":5.0,"turns":3.0},{"damage":25.0,"enemies":"3 Sentries","floor":7.0,"turns":6.0},{"damage":1.0,"enemies":"Exordium Wildlife","floor":8.0,"turns":4.0},{"damage":8.0,"enemies":"Large Slime","floor":11.0,"turns":5.0},{"damage":17.0,"enemies":"3 Louse","floor":12.0,"turns":3.0},{"damage":6.0,"enemies":"Looter","floor":14.0,"turns":2.0},{"damage":56,"enemies":"Hexaghost","floor":16,"turns":8},{"damage":18,"enemies":"3 Byrds","floor":18,"turns":4},{"damage":4,"enemies":"Book of Stabbing","floor":24,"turns":3},{"damage":0,"enemies":"Spheric Guardian","floor":28,"turns":3},{"damage":2,"enemies":"Snecko","floor":29,"turns":2},{"damage":0,"enemies":"Gremlin Leader","floor":30,"turns":5},{"damage":6,"enemies":"Cultist and Chosen","floor":31,"turns":3},{"damage":12,"enemies":"Collector","floor":33,"turns":5},{"damage":26,"enemies":"3 Darklings","floor":35,"turns":5},{"damage":7,"enemies":"Orb Walker","floor":37,"turns":2},{"damage":8,"enemies":"Spire Growth","floor":38,"turns":3},{"damage":8,"enemies":"Giant Head","floor":40,"turns":3},{"damage":12,"enemies":"Reptomancer","floor":42,"turns":2},{"damage":40,"enemies":"Nemesis","floor":44,"turns":3},{"damage":0,"enemies":"Sphere and 2 Shapes","floor":45,"turns":3},{"damage":8,"enemies":"Reptomancer","floor":48,"turns":3},{"damage":15,"enemies":"Awakened One","floor":50,"turns":3}],"seed_played":"-509866034538697283","potions_obtained":[{"floor":1.0,"key":"ColorlessPotion"},{"floor":3.0,"key":"Fruit Juice"},{"floor":8.0,"key":"SkillPotion"},{"floor":14.0,"key":"Block Potion"},{"floor":16,"key":"BloodPotion"},{"floor":28,"key":"Swift Potion"},{"floor":29,"key":"Fruit Juice"},{"floor":33,"key":"Explosive Potion"},{"floor":42,"key":"SteroidPotion"},{"floor":45,"key":"Energy Potion"}],"is_trial":false,"path_per_floor":["M","M","M","$","M","R","E","M","T","?","M","M","R","M","R","B",null,"M","$","?","$","?","R","E","R","T","R","M","M","E","M","R","B",null,"M","?","M","M","$","E","R","E","T","E","M","?","R","E","R","B",null],"character_chosen":"IRONCLAD","items_purchased":["Lee\u0027s Waffle","Medical Kit","Dead Branch","Molten Egg 2","Energy Potion","Block Potion"],"campfire_rested":6,"item_purchase_floors":[0,0,0,19,39,39],"current_hp_per_floor":[87,87,89,89,84,84,72,77,77,68,68,59,59,61,92,42,89,79,79,79,79,79,79,81,107,107,107,109,114,114,116,116,110,115,99,84,85,85,109,107,124,120,120,88,96,96,130,128,130,121],"gold":203,"neow_bonus":"","is_daily":false,"chose_seed":false,"campfire_upgraded":0,"win_rate":0.0,"timestamp":1608678775,"path_taken":["M","?","M","$","M","R","E","M","T","?","M","M","R","M","R","BOSS","M","?","?","$","?","R","E","R","T","R","?","M","E","M","R","BOSS","M","?","M","M","$","E","R","E","T","E","M","?","R","E","R","BOSS"],"items_purchased_type":["Relic","Relic","Relic","Relic","Potion","Potion"],"build_version":"2020-12-13","purchased_purges":2,"victory":true,"max_hp_per_floor":[87,87,92,92,92,92,99,99,99,99,101,103,103,105,105,105,105,107,107,107,107,107,107,107,107,107,107,109,114,114,116,116,116,116,120,120,122,124,124,124,124,126,126,128,130,130,130,130,130,130],"card_choices":[{"not_picked":["Pummel","Warcry"],"picked":"Wild Strike","floor":1.0},{"not_picked":["Entrench","Dropkick"],"picked":"Sentinel","floor":2.0},{"not_picked":["Shrug It Off","Inflame"],"picked":"Reckless Charge","floor":3.0},{"not_picked":["Warcry","Blood for Blood"],"picked":"Second Wind","floor":5.0},{"not_picked":["Clothesline","Second Wind","Heavy Blade"],"picked":"SKIP","floor":7.0},{"not_picked":["Twin Strike","Shrug It Off"],"picked":"Havoc","floor":8.0},{"not_picked":["Sword Boomerang","Bloodletting","Brutality"],"picked":"Singing Bowl","floor":11.0},{"not_picked":["Hemokinesis","Iron Wave","Shrug It Off"],"picked":"Singing Bowl","floor":12.0},{"not_picked":["Pommel Strike","Headbutt","Blood for Blood"],"picked":"Singing Bowl","floor":14.0},{"not_picked":["Offering","Exhume"],"picked":"Limit Break","floor":16},{"not_picked":["Pommel Strike+1","Wild Strike","Infernal Blade"],"picked":"Singing Bowl","floor":18},{"not_picked":["Disarm+1","Intimidate+1"],"picked":"Inflame+1","floor":24},{"not_picked":["Searing Blow+1","Shrug It Off","Flame Barrier+1"],"picked":"Singing Bowl","floor":28},{"not_picked":["Armaments","Perfected Strike+1"],"picked":"Heavy Blade+1","floor":29},{"not_picked":["Havoc","Clothesline+1"],"picked":"Offering","floor":30},{"not_picked":["Iron Wave+1","Cleave+1"],"picked":"Dark Embrace","floor":31},{"not_picked":["Dropkick+1","Iron Wave+1","Sword Boomerang+1"],"picked":"Singing Bowl","floor":31},{"not_picked":["Demon Form","Juggernaut"],"picked":"Limit Break","floor":33},{"not_picked":["Wild Strike+1","Headbutt+1","Body Slam+1"],"picked":"Singing Bowl","floor":35},{"not_picked":["Twin Strike+1","Shrug It Off+1","Pommel Strike+1"],"picked":"Singing Bowl","floor":35},{"not_picked":["Shrug It Off+1","Sword Boomerang+1"],"picked":"Ghostly Armor+1","floor":37},{"not_picked":["Cleave+1","Searing Blow+1","Burning Pact"],"picked":"Singing Bowl","floor":37},{"not_picked":["Burning Pact","Flex"],"picked":"Corruption","floor":38},{"not_picked":["Feel No Pain","Reckless Charge+1","Flex"],"picked":"Singing Bowl","floor":38},{"not_picked":["Reaper+1","Intimidate+1"],"picked":"Armaments+1","floor":40},{"not_picked":["Flame Barrier","Pommel Strike+1","Armaments+1"],"picked":"Singing Bowl","floor":42},{"not_picked":["Entrench","Hemokinesis+1","Shockwave"],"picked":"Singing Bowl","floor":44},{"not_picked":["Hemokinesis+1","Wild Strike+1"],"picked":"Sentinel+1","floor":45},{"not_picked":["Wild Strike+1","Pommel Strike+1","Shockwave+1"],"picked":"Singing Bowl","floor":45},{"not_picked":["Metallicize","Whirlwind+1"],"picked":"True Grit","floor":48}],"player_experience":232414,"relics_obtained":[{"floor":7.0,"key":"Strawberry"},{"floor":9.0,"key":"Singing Bowl"},{"floor":24,"key":"Bag of Marbles"},{"floor":26,"key":"HornCleat"},{"floor":30,"key":"Prayer Wheel"},{"floor":40,"key":"Anchor"},{"floor":42,"key":"Boot"},{"floor":43,"key":"Unceasing Top"},{"floor":44,"key":"Red Skull"},{"floor":48,"key":"Bottled Flame"}],"event_choices":[{"damage_healed":0.0,"max_hp_gain":0.0,"max_hp_loss":0.0,"gold_gain":0.0,"event_name":"Wheel of Change","player_choice":"Damaged","floor":10.0,"gold_loss":0.0,"damage_taken":9.0},{"damage_healed":0,"gold_gain":0,"player_choice":"Simplicity","damage_taken":0,"max_hp_gain":0,"max_hp_loss":0,"event_name":"Back to Basics","floor":20,"gold_loss":0,"cards_upgraded":["Strike_R","Strike_R","Strike_R","Strike_R","Defend_R","Defend_R","Defend_R","Defend_R"]},{"damage_healed":0,"gold_gain":0,"player_choice":"Smashed Altar","damage_taken":0,"max_hp_gain":0,"max_hp_loss":0,"event_name":"Forgotten Altar","floor":22,"gold_loss":0,"cards_obtained":["Decay"]},{"damage_healed":0,"gold_gain":0,"player_choice":"Embrace Madness","damage_taken":15,"max_hp_gain":0,"max_hp_loss":0,"event_name":"Winding Halls","floor":36,"gold_loss":0,"cards_obtained":["Madness","Madness"]},{"cards_removed":["Strike_R"],"damage_healed":0,"gold_gain":0,"player_choice":"Removed Attack","damage_taken":0,"max_hp_gain":0,"max_hp_loss":0,"event_name":"Falling","floor":46,"gold_loss":0}],"is_beta":false,"boss_relics":[{"not_picked":["Tiny House","Empty Cage"],"picked":"Fusion Hammer"},{"not_picked":["Snecko Eye","Sozu"],"picked":"Philosopher\u0027s Stone"}],"items_purged_floors":[19,39],"is_endless":false,"potions_floor_spawned":[1,3,8,14,16,28,29,33,42,45,48],"ascension_level":8}}