{"host":"li2oyy8xcjugrjw6","time":1608608812,"event":{"mods":["AchievementEnabler","BaseMod","Colored Map","Minty Spire (QoL Compilation)","Permanent Neow","Replay The Spire","StSLib"],"gold_per_floor":[110,110,122,141,152,186,207,207,278,278,278,278,290,316,316,411,411,421,22,34,34,34,61,61,94,120,155,171,171,201,211,211,313,313,326,339,357,374,391,420,420,65,90,90,120,135,168,218,218,218],"floor_reached":51,"playtime":3841,"items_purged":["Strike_R","Defend_R"],"score":1263,"play_id":"a0fc8397-ddcc-450f-a648-1941a8861bb1","local_time":"20201221194652","is_ascension_mode":true,"campfire_choices":[{"data":"Whirlwind","floor":8,"key":"SMITH"},{"data":"Inflame","floor":12,"key":"SMITH"},{"data":"Flame Barrier","floor":15,"key":"SMITH"},{"data":"Power Through","floor":24,"key":"SMITH"},{"data":"Master of Strategy","floor":29,"key":"SMITH"},{"data":"Spot Weakness","floor":32,"key":"SMITH"},{"data":"Shrug It Off","floor":41,"key":"SMITH"},{"data":"Shrug It Off","floor":44,"key":"SMITH"},{"data":"Ghostly Armor","floor":49,"key":"SMITH"},{"data":"Shockwave","floor":49,"key":"SMITH"}],"circlet_count":0,"master_deck":["AscendersBane","Strike_R","Strike_R+1","Defend_R+1","Defend_R","Bash","Master of Strategy+1","Flame Barrier+1","Whirlwind+1","Spot Weakness+1","Inflame+1","Cleave","Shrug It Off+1","Bludgeon+1","Power Through+1","Eclipse+1","Shrug It Off+1","Replay:Undeath\u0027s Touch","Blood for Blood","Shockwave+1","Ghostly Armor+1","ReplayTheSpireMod:LeadingStrike+1","Whirlwind+1","Limit Break+1","Shrug It Off+1","Heavy Blade+1","Barricade+1","Flex+1","Body Slam+1","Shrug It Off+1","Body Slam+1"],"relics":["Burning Blood","Magic Flower","Odd Mushroom","Golden Egg","Strawberry","Philosopher\u0027s Stone","Oddly Smooth Stone","Thread and Needle","Pondfish Scales","Blue Doll","Orichalcum","ReplayFunnel","Sozu","Red Skull","Replay:Baseball","Simple Rune","Bronze Scales","Eternal Feather","Replay:Arrowhead"],"acts_visited":["Exordium","TheCity","TheBeyond"],"potions_floor_usage":[6,16,18,23,23,33,33,38],"damage_taken":[{"damage":4,"enemies":"2 Louse","floor":1,"turns":4},{"damage":12,"enemies":"Jaw Worm","floor":3,"turns":4},{"damage":0,"enemies":"Small Slimes","floor":4,"turns":4},{"damage":6,"enemies":"3 Louse","floor":5,"turns":4},{"damage":22,"enemies":"3 Sentries","floor":6,"turns":6},{"damage":24,"enemies":"The Mushroom Lair","floor":7,"turns":4},{"damage":3,"enemies":"Gremlin Gang","floor":13,"turns":2},{"damage":24,"enemies":"Replay:BlueRogue","floor":14,"turns":6},{"damage":15,"enemies":"Slime Boss","floor":16,"turns":9},{"damage":1,"enemies":"Chosen","floor":18,"turns":4},{"damage":3,"enemies":"2 Thieves","floor":20,"turns":3},{"damage":3,"enemies":"Replay:Snechameleon","floor":23,"turns":3},{"damage":23,"enemies":"Slavers","floor":25,"turns":3},{"damage":0,"enemies":"Replay:Snechameleon","floor":27,"turns":4},{"damage":18,"enemies":"Snake Plant","floor":28,"turns":4},{"damage":15,"enemies":"Gremlin Leader","floor":30,"turns":5},{"damage":0,"enemies":"Shelled Parasite and Fungi","floor":31,"turns":3},{"damage":16,"enemies":"Automaton","floor":33,"turns":11},{"damage":7,"enemies":"3 Shapes","floor":35,"turns":3},{"damage":0,"enemies":"Orb Walker","floor":36,"turns":2},{"damage":0,"enemies":"Transient","floor":37,"turns":5},{"damage":8,"enemies":"Sphere and 2 Shapes","floor":38,"turns":5},{"damage":21,"enemies":"Jaw Worm Horde","floor":39,"turns":3},{"damage":15,"enemies":"Giant Head","floor":40,"turns":6},{"damage":14,"enemies":"Nemesis","floor":45,"turns":7},{"damage":45,"enemies":"Writhing Mass","floor":46,"turns":5},{"damage":7,"enemies":"Giant Head","floor":47,"turns":4},{"damage":0,"enemies":"Mind Bloom Boss Battle","floor":48,"turns":4},{"damage":23,"enemies":"Donu and Deca","floor":50,"turns":6}],"seed_played":"1311199491845752578","potions_obtained":[{"floor":1,"key":"Weak Potion"},{"floor":4,"key":"CultistPotion"},{"floor":5,"key":"Dexterity Potion"},{"floor":13,"key":"Strength Potion"},{"floor":16,"key":"DuplicationPotion"},{"floor":18,"key":"Fire Potion"},{"floor":30,"key":"Weak Potion"},{"floor":31,"key":"Explosive Potion"}],"is_trial":false,"path_per_floor":["M","?","M","M","M","E","?","R","T","?","?","R","M","E","R","B",null,"M","$","M","?","?","E","R","E","T","E","M","R","E","M","R","B",null,"M","M","M","M","M","E","R","$","T","R","E","M","E","?","R","B",null],"character_chosen":"IRONCLAD","items_purchased":["Eclipse+1","Shrug It Off","Oddly Smooth Stone","Barricade+1","Replay:Baseball"],"campfire_rested":0,"item_purchase_floors":[19,19,19,42,42],"current_hp_per_floor":[53,46,40,46,46,30,15,15,15,15,41,41,47,39,39,33,74,82,82,87,87,87,87,87,73,73,82,73,73,67,76,76,69,83,85,87,87,87,75,69,69,69,69,69,64,28,30,39,57,43],"gold":218,"neow_bonus":"RANDOM_COLORLESS_2","is_daily":false,"chose_seed":false,"campfire_upgraded":10,"win_rate":0.0,"timestamp":1608608812,"path_taken":["M","?","M","M","M","E","?","R","T","?","?","R","M","E","R","BOSS","M","$","M","?","?","E","R","E","T","E","M","R","E","M","R","BOSS","M","?","M","M","M","E","R","$","T","R","E","M","E","?","R","BOSS"],"items_purchased_type":["Card","Card","Relic","Card","Relic"],"build_version":"2020-12-13","purchased_purges":2,"victory":true,"max_hp_per_floor":[80,80,80,80,80,80,80,80,80,80,80,80,80,87,87,87,87,87,87,87,87,87,87,87,87,87,87,87,87,87,87,87,87,87,87,87,87,87,87,87,87,87,87,87,87,87,87,87,87,87],"card_choices":[{"not_picked":["Crow Ritual","Thinking Ahead"],"picked":"Master of Strategy","floor":0},{"not_picked":["Thunderclap","Heavy Blade"],"picked":"Flame Barrier","floor":1},{"not_picked":["Massacre","Intimidate"],"picked":"Whirlwind","floor":3},{"not_picked":["Dropkick","Fire Breathing","ReplayTheSpireMod:Corrosion Curse"],"picked":"SKIP","floor":4},{"not_picked":["Burning Pact","Dark Embrace"],"picked":"Spot Weakness","floor":5},{"not_picked":["ReplayTheSpireMod:Corrosion Curse","Iron Wave"],"picked":"Inflame","floor":6},{"not_picked":["Wild Strike","Clash"],"picked":"Cleave","floor":7},{"not_picked":["Cleave","Dual Wield"],"picked":"Shrug It Off","floor":13},{"not_picked":["Havoc","Pommel Strike","Flex"],"picked":"SKIP","floor":14},{"not_picked":["Corruption","Brutality"],"picked":"Bludgeon","floor":16},{"not_picked":["Havoc","Headbutt+1"],"picked":"Power Through","floor":18},{"not_picked":["Body Slam","Perfected Strike"],"picked":"Replay:Undeath\u0027s Touch","floor":20},{"not_picked":["Clash","Replay:Undeath\u0027s Touch+1"],"picked":"Shockwave","floor":23},{"not_picked":["Flex","Rage"],"picked":"Ghostly Armor","floor":25},{"not_picked":["Eclipse","Replay:Undeath\u0027s Touch"],"picked":"ReplayTheSpireMod:LeadingStrike+1","floor":27},{"not_picked":["ReplayReversal","Havoc","Flex"],"picked":"SKIP","floor":28},{"not_picked":["Evolve","Replay:Undeath\u0027s Touch"],"picked":"Whirlwind+1","floor":30},{"not_picked":["Armaments+1","Replay:Undeath\u0027s Touch","Combust"],"picked":"SKIP","floor":31},{"not_picked":["Replay:Many Hands","Offering"],"picked":"Limit Break","floor":33},{"not_picked":["Sword Boomerang+1","ReplayTheSpireMod:Corrosion Curse+1"],"picked":"Shrug It Off","floor":35},{"not_picked":["Disarm","Evolve"],"picked":"Heavy Blade+1","floor":36},{"not_picked":["Iron Wave+1","Infernal Blade","Dual Wield"],"picked":"SKIP","floor":37},{"not_picked":["Pommel Strike+1","Headbutt","Twin Strike"],"picked":"SKIP","floor":38},{"not_picked":["True Grit","Sentinel","Body Slam"],"picked":"SKIP","floor":39},{"not_picked":["Iron Wave","Seeing Red","Sword Boomerang+1"],"picked":"SKIP","floor":40},{"not_picked":["Run Through","Dual Wield+1"],"picked":"Flex+1","floor":45},{"not_picked":["Uppercut+1","Demonic Infusion"],"picked":"Body Slam+1","floor":46},{"not_picked":["Twin Strike","Feel No Pain+1"],"picked":"Shrug It Off+1","floor":47},{"not_picked":["ReplayTheSpireMod:Stacked","True Grit"],"picked":"Body Slam+1","floor":48}],"player_experience":942650,"relics_obtained":[{"floor":6,"key":"Magic Flower"},{"floor":7,"key":"Odd Mushroom"},{"floor":9,"key":"Golden Egg"},{"floor":14,"key":"Strawberry"},{"floor":23,"key":"Thread and Needle"},{"floor":25,"key":"Pondfish Scales"},{"floor":26,"key":"Blue Doll"},{"floor":27,"key":"Orichalcum"},{"floor":30,"key":"ReplayFunnel"},{"floor":40,"key":"Red Skull"},{"floor":43,"key":"Simple Rune"},{"floor":45,"key":"Bronze Scales"},{"floor":47,"key":"Eternal Feather"},{"floor":48,"key":"Replay:Arrowhead"}],"event_choices":[{"cards_removed":["Defend_R"],"damage_healed":0,"gold_gain":0,"player_choice":"Card Removal","damage_taken":7,"max_hp_gain":0,"max_hp_loss":0,"event_name":"Golden Wing","floor":2,"gold_loss":0},{"damage_healed":0,"gold_gain":0,"player_choice":"Fought Mushrooms","damage_taken":0,"max_hp_gain":0,"max_hp_loss":0,"event_name":"Mushrooms","floor":7,"gold_loss":0},{"damage_healed":26,"gold_gain":0,"player_choice":"Banana","damage_taken":0,"max_hp_gain":0,"max_hp_loss":0,"event_name":"Big Fish","floor":11,"gold_loss":0},{"damage_healed":0,"gold_gain":0,"player_choice":"Ignored","damage_taken":0,"max_hp_gain":0,"max_hp_loss":0,"event_name":"Vampires","floor":21,"gold_loss":0},{"damage_healed":0,"gold_gain":0,"cards_transformed":["Strike_R"],"player_choice":"Transformed","damage_taken":0,"max_hp_gain":0,"max_hp_loss":0,"event_name":"Transmorgrifier","floor":22,"gold_loss":0,"cards_obtained":["Blood for Blood"]},{"damage_healed":0,"gold_gain":0,"player_choice":"Fight","damage_taken":0,"max_hp_gain":0,"max_hp_loss":0,"event_name":"MindBloom","floor":48,"gold_loss":0}],"is_beta":false,"boss_relics":[{"not_picked":["Abe\u0027s Treasure","Ectoplasm"],"picked":"Philosopher\u0027s Stone"},{"not_picked":["Honey Jar","Black Blood"],"picked":"Sozu"}],"items_purged_floors":[19,42],"is_endless":false,"potions_floor_spawned":[1,4,5,13,16,18,20,30,31,35,36,38,40,47],"ascension_level":10}}