{"host":"u4tznopnj1dsdkte","time":1608595400,"event":{"mods":["AchievementEnabler","BaseMod","Colored Map","Colored Powertips","DeckTracker","Highlight Path","Minty Spire (QoL Compilation)","Relic Stats"],"gold_per_floor":[116,116,134,8,23,23,38,52,52,52,63,81,101,101,101,178,178,188,188,188,208,22,22,49,49,74,99,114,114,149,62,62,62,62],"floor_reached":33,"playtime":1077,"items_purged":["Strike_G"],"score":554,"play_id":"64671a30-75be-4918-974e-1d72de1d3687","local_time":"20201222010320","is_ascension_mode":true,"campfire_choices":[{"data":"Crippling Poison","floor":6,"key":"SMITH"},{"data":"Deadly Poison","floor":10,"key":"SMITH"},{"floor":15,"key":"REST"},{"floor":23,"key":"REST"},{"data":"Catalyst","floor":25,"key":"SMITH"},{"floor":29,"key":"REST"},{"data":"Bullet Time","floor":32,"key":"SMITH"}],"circlet_count":0,"master_deck":["AscendersBane","Strike_G","Strike_G","Defend_G","Defend_G","Defend_G","Defend_G","Defend_G","Survivor","Neutralize+1","Dagger Spray+1","Dagger Spray","Deadly Poison+1","Crippling Poison+1","PiercingWail","Bane","PiercingWail","Bullet Time+1","Catalyst+1","Acrobatics","Acrobatics","Footwork"],"relics":["Ring of the Snake","FossilizedHelix","Empty Cage","PreservedInsect","Anchor","Darkstone Periapt","Girya"],"acts_visited":["Exordium","TheCity"],"potions_floor_usage":[11,16,16,30,33],"damage_taken":[{"damage":11,"enemies":"Cultist","floor":1,"turns":5},{"damage":3,"enemies":"Jaw Worm","floor":3,"turns":4},{"damage":0,"enemies":"Small Slimes","floor":5,"turns":2},{"damage":3,"enemies":"Looter","floor":7,"turns":4},{"damage":0,"enemies":"Lots of Slimes","floor":8,"turns":1},{"damage":9,"enemies":"Exordium Thugs","floor":11,"turns":4},{"damage":0,"enemies":"Gremlin Gang","floor":12,"turns":2},{"damage":0,"enemies":"Red Slaver","floor":13,"turns":4},{"damage":21,"enemies":"Hexaghost","floor":16,"turns":9},{"damage":20,"enemies":"2 Thieves","floor":18,"turns":4},{"damage":5,"enemies":"Shell Parasite","floor":21,"turns":5},{"damage":14,"enemies":"Slavers","floor":27,"turns":4},{"damage":19,"enemies":"3 Cultists","floor":28,"turns":4},{"damage":6,"enemies":"Gremlin Leader","floor":30,"turns":4},{"damage":57,"enemies":"Champ","floor":33,"turns":12}],"seed_played":"2442500121237816687","potions_obtained":[{"floor":3,"key":"AttackPotion"},{"floor":5,"key":"PowerPotion"},{"floor":11,"key":"ColorlessPotion"},{"floor":30,"key":"EssenceOfSteel"}],"is_trial":false,"path_per_floor":["M","?","M","$","M","R","M","M","T","R","M","M","M","?","R","B",null,"M","?","?","M","$","R","T","R","T","E","M","R","E","$","R","B"],"character_chosen":"THE_SILENT","items_purchased":["Deadly Poison","Catalyst","Poison Potion","SpeedPotion","Footwork"],"campfire_rested":3,"item_purchase_floors":[4,22,22,22,31],"current_hp_per_floor":[54,54,51,51,51,51,48,48,48,48,39,39,39,39,60,39,64,44,44,44,39,39,60,60,60,60,46,27,48,42,42,42,0,0],"gold":62,"neow_bonus":"TEN_PERCENT_HP_BONUS","is_daily":false,"chose_seed":false,"campfire_upgraded":4,"win_rate":0.0,"timestamp":1608595400,"path_taken":["M","?","M","?","M","R","M","?","T","R","M","M","M","?","R","BOSS","M","?","?","?","$","R","?","R","T","E","?","R","E","?","R","BOSS"],"items_purchased_type":["Card","Card","Potion","Potion","Card"],"build_version":"2020-12-13","purchased_purges":1,"victory":false,"max_hp_per_floor":[72,72,72,72,72,72,72,72,72,72,72,72,72,72,72,72,72,72,72,72,72,72,72,72,72,72,72,72,72,72,72,72,72,72],"relic_stats":{"Darkstone Periapt":0,"counters":[15,68],"PreservedInsect":86,"obtain_stats":[{"Darkstone Periapt":27,"Girya":30,"Anchor":26,"PreservedInsect":24,"Empty Cage":17,"FossilizedHelix":9,"Ring of the Snake":0},{"Darkstone Periapt":12,"Girya":14,"Anchor":11,"PreservedInsect":11,"Empty Cage":9,"FossilizedHelix":5,"Ring of the Snake":0},{"Darkstone Periapt":48,"Girya":56,"Anchor":44,"PreservedInsect":44,"Empty Cage":35,"FossilizedHelix":16,"Ring of the Snake":0}],"Ring of the Snake":[30]},"card_choices":[{"not_picked":["Blade Dance","Masterful Stab"],"picked":"Dagger Spray","floor":1},{"not_picked":["Cloak And Dagger","Expertise"],"picked":"Dagger Spray","floor":3},{"not_picked":["Cloak And Dagger","After Image"],"picked":"Crippling Poison","floor":5},{"not_picked":["Setup","Outmaneuver"],"picked":"PiercingWail","floor":7},{"not_picked":["Backflip","Calculated Gamble","Underhanded Strike"],"picked":"SKIP","floor":8},{"not_picked":["Predator","Terror"],"picked":"Bane","floor":11},{"not_picked":["Expertise","Dodge and Roll"],"picked":"PiercingWail","floor":12},{"not_picked":["Deflect","Sucker Punch","Skewer"],"picked":"SKIP","floor":13},{"not_picked":["Phantasmal Killer","Adrenaline"],"picked":"Bullet Time","floor":16},{"not_picked":["Choke","Dagger Spray","Slice"],"picked":"SKIP","floor":18},{"not_picked":["Sucker Punch","Flechettes","Expertise"],"picked":"SKIP","floor":21},{"not_picked":["Noxious Fumes","PiercingWail"],"picked":"Acrobatics","floor":27},{"not_picked":["Blur","Flechettes"],"picked":"Acrobatics","floor":28},{"not_picked":["Die Die Die","Dagger Spray","Choke"],"picked":"SKIP","floor":30}],"player_experience":1242698,"relics_obtained":[{"floor":9,"key":"FossilizedHelix"},{"floor":24,"key":"PreservedInsect"},{"floor":26,"key":"Anchor"},{"floor":27,"key":"Darkstone Periapt"},{"floor":30,"key":"Girya"}],"event_choices":[{"damage_healed":0,"gold_gain":0,"player_choice":"Upgraded","damage_taken":0,"max_hp_gain":0,"max_hp_loss":0,"event_name":"Upgrade Shrine","floor":2,"gold_loss":0,"cards_upgraded":["Dagger Spray"]},{"damage_healed":0,"gold_gain":0,"player_choice":"Ignored","damage_taken":0,"max_hp_gain":0,"max_hp_loss":0,"event_name":"Shining Light","floor":14,"gold_loss":0},{"damage_healed":0,"gold_gain":0,"player_choice":"Ignored","damage_taken":0,"max_hp_gain":0,"max_hp_loss":0,"event_name":"Vampires","floor":19,"gold_loss":0},{"damage_healed":0,"gold_gain":0,"player_choice":"Forge","damage_taken":0,"max_hp_gain":0,"max_hp_loss":0,"event_name":"Accursed Blacksmith","floor":20,"gold_loss":0,"cards_upgraded":["Neutralize"]}],"is_beta":false,"boss_relics":[{"not_picked":["SacredBark","Calling Bell"],"picked":"Empty Cage"}],"items_purged_floors":[4],"is_endless":false,"potions_floor_spawned":[3,5,11,13,28,30],"killed_by":"Champ","ascension_level":20}}