{"host":"7khtwbkyze7y134w","time":1608645804,"event":{"mods":["AchievementEnabler","BaseMod","Bestiary","Colored Map","Colored Powertips","Highlight Path","Minty Spire (QoL Compilation)","Quick Restart","Relic Stats","StSLib","SuperFastMode"],"gold_per_floor":[113,128,147,166,166,166,198,198,198,198,217,229,244,169,169,274,274,287,302,313,228,0,0,0,12,12,47,47,67,67,79,79,179,179,198,198,215,59,0,0,0,52,52,52,67,85,85,114,114,114],"floor_reached":51,"playtime":2355,"items_purged":["Strike_G"],"score":724,"play_id":"a6761da5-1c0f-40e6-a3ab-a97bab4f0f97","local_time":"20201222140324","is_ascension_mode":false,"campfire_choices":[{"floor":6.0,"key":"REST"},{"floor":8.0,"key":"REST"},{"data":"Envenom","floor":10.0,"key":"SMITH"},{"floor":15.0,"key":"REST"},{"data":"1","floor":23.0,"key":"LIFT"},{"floor":32.0,"key":"REST"},{"data":"2","floor":40.0,"key":"LIFT"},{"data":"3","floor":44.0,"key":"LIFT"},{"floor":49.0,"key":"REST"}],"circlet_count":0,"master_deck":["Strike_G+1","Strike_G+1","Strike_G+1","Defend_G+1","Defend_G+1","Defend_G+1","Defend_G+1","Defend_G+1","Survivor+1","Neutralize+1","Envenom+1","Deadly Poison+1","Bouncing Flask+1","Backstab+1","Endless Agony+1","Deadly Poison+1","After Image+1","Poisoned Stab+1","Finisher+1","Slice+1","Blade Dance+1","Blade Dance+1","Violence+1","Blade Dance+1","Crippling Poison+1"],"relics":["Ring of the Snake","Vajra","Sundial","Fusion Hammer","Girya","Whetstone","MutagenicStrength","White Beast Statue","InkBottle","WristBlade","Pen Nib","Red Mask","Ginger","Eternal Feather","Mark of the Bloom","Incense Burner"],"acts_visited":["Exordium","TheCity","TheBeyond"],"potions_floor_usage":[50,50],"damage_taken":[{"damage":7.0,"enemies":"Jaw Worm","floor":1.0,"turns":5.0},{"damage":0.0,"enemies":"Small Slimes","floor":2.0,"turns":3.0},{"damage":12.0,"enemies":"2 Louse","floor":3.0,"turns":3.0},{"damage":18.0,"enemies":"Exordium Thugs","floor":4.0,"turns":5.0},{"damage":31.0,"enemies":"Lagavulin","floor":7.0,"turns":5.0},{"damage":14.0,"enemies":"Lots of Slimes","floor":11.0,"turns":3.0},{"damage":16.0,"enemies":"Large Slime","floor":12.0,"turns":4.0},{"damage":5.0,"enemies":"Blue Slaver","floor":13.0,"turns":3.0},{"damage":14.0,"enemies":"Hexaghost","floor":16.0,"turns":7.0},{"damage":17.0,"enemies":"2 Thieves","floor":18.0,"turns":4.0},{"damage":18.0,"enemies":"3 Byrds","floor":19.0,"turns":4.0},{"damage":9.0,"enemies":"Snake Plant","floor":20.0,"turns":4.0},{"damage":7.0,"enemies":"Shelled Parasite and Fungi","floor":25.0,"turns":2.0},{"damage":19.0,"enemies":"Gremlin Leader","floor":27.0,"turns":6.0},{"damage":1.0,"enemies":"Cultist and Chosen","floor":29.0,"turns":4.0},{"damage":0.0,"enemies":"Snake Plant","floor":31.0,"turns":1.0},{"damage":24.0,"enemies":"Collector","floor":33.0,"turns":6.0},{"damage":18.0,"enemies":"3 Darklings","floor":35.0,"turns":4.0},{"damage":0.0,"enemies":"Orb Walker","floor":37.0,"turns":2.0},{"damage":6.0,"enemies":"2 Orb Walkers","floor":42.0,"turns":2.0},{"damage":0.0,"enemies":"Maw","floor":45.0,"turns":3.0},{"damage":0.0,"enemies":"Transient","floor":46.0,"turns":5.0},{"damage":0.0,"enemies":"Giant Head","floor":48.0,"turns":1.0},{"damage":37,"enemies":"Time Eater","floor":50,"turns":8}],"seed_played":"834358916417659568","potions_obtained":[{"floor":2.0,"key":"Swift Potion"},{"floor":3.0,"key":"Block Potion"},{"floor":12.0,"key":"SkillPotion"},{"floor":16.0,"key":"LiquidMemories"},{"floor":20.0,"key":"Swift Potion"},{"floor":25.0,"key":"BlessingOfTheForge"},{"floor":27.0,"key":"Fire Potion"},{"floor":29.0,"key":"Explosive Potion"},{"floor":33.0,"key":"Regen Potion"},{"floor":35.0,"key":"Fire Potion"},{"floor":37.0,"key":"SkillPotion"},{"floor":42.0,"key":"SpeedPotion"},{"floor":46.0,"key":"ColorlessPotion"}],"is_trial":false,"path_per_floor":["M","M","M","M","?","R","E","R","T","R","M","M","M","$","R","B",null,"M","M","M","?","$","R","?","M","T","E","$","M","?","M","R","B",null,"M","?","M","$","?","R","$","?","T","R","M","M","?","E","R","B",null],"character_chosen":"THE_SILENT","items_purchased":["Whetstone","Finisher","Pen Nib"],"campfire_rested":5,"item_purchase_floors":[22,22,38],"current_hp_per_floor":[63,63,51,33,38,60,29,51,51,51,37,21,16,16,38,24,75,58,40,31,31,31,31,31,24,24,5,5,4,4,4,26,2,75,57,57,57,57,57,57,57,51,51,63,63,63,63,63,63,26],"gold":114,"neow_bonus":"ONE_RANDOM_RARE_CARD","is_daily":false,"chose_seed":false,"campfire_upgraded":1,"win_rate":0.0,"timestamp":1608645804,"path_taken":["M","M","M","M","?","R","E","R","T","R","M","M","M","$","R","BOSS","M","M","M","?","$","R","?","?","T","E","?","M","?","M","R","BOSS","M","?","M","$","?","R","?","?","T","R","?","M","?","E","R","BOSS"],"items_purchased_type":["Relic","Card","Relic"],"build_version":"2020-12-13","purchased_purges":1,"victory":true,"max_hp_per_floor":[70,70,70,70,75,75,75,75,75,75,75,75,75,75,75,75,75,75,75,75,75,75,75,75,75,75,75,75,75,75,75,75,75,75,75,75,75,75,75,75,75,75,75,75,75,75,75,75,75,75],"relic_stats":{"Mark of the Bloom":52,"counters":[24,94],"Sundial":[8],"Eternal Feather":12,"Pen Nib":[8],"Whetstone":["Endless Agony","Neutralize"],"Ginger":[4],"obtain_stats":[{"Girya":21,"Mark of the Bloom":47,"Vajra":7,"Eternal Feather":43,"Pen Nib":38,"Incense Burner":48,"Whetstone":22,"Ginger":42,"White Beast Statue":26,"WristBlade":34,"Sundial":9,"MutagenicStrength":24,"Fusion Hammer":17,"Red Mask":39,"InkBottle":27,"Ring of the Snake":0},{"Girya":12,"Mark of the Bloom":22,"Vajra":5,"Eternal Feather":20,"Pen Nib":19,"Incense Burner":23,"Whetstone":12,"Ginger":20,"White Beast Statue":13,"WristBlade":17,"Sundial":5,"MutagenicStrength":12,"Fusion Hammer":9,"Red Mask":19,"InkBottle":14,"Ring of the Snake":0},{"Girya":50,"Mark of the Bloom":85,"Vajra":21,"Eternal Feather":77,"Pen Nib":75,"Incense Burner":86,"Whetstone":50,"Ginger":77,"White Beast Statue":52,"WristBlade":69,"Sundial":21,"MutagenicStrength":50,"Fusion Hammer":38,"Red Mask":75,"InkBottle":58,"Ring of the Snake":0}],"InkBottle":[22],"Ring of the Snake":[49]},"card_choices":[{"not_picked":["Distraction","Terror"],"picked":"Deadly Poison","floor":1.0},{"not_picked":["Prepared","Dodge and Roll"],"picked":"Bouncing Flask","floor":2.0},{"not_picked":["Slice","Dagger Throw","Quick Slash"],"picked":"SKIP","floor":3.0},{"not_picked":["Underhanded Strike","Terror"],"picked":"Backstab","floor":4.0},{"not_picked":["Dash","Dodge and Roll","Dagger Spray"],"picked":"SKIP","floor":7.0},{"not_picked":["Burst","PiercingWail"],"picked":"Endless Agony","floor":11.0},{"not_picked":["Reflex","Sucker Punch"],"picked":"Deadly Poison","floor":12.0},{"not_picked":["Dodge and Roll","Prepared","Flying Knee"],"picked":"SKIP","floor":13.0},{"not_picked":["Malaise","Unload"],"picked":"After Image","floor":16.0},{"not_picked":["Tactician+1","Sucker Punch","Flying Knee"],"picked":"SKIP","floor":18.0},{"not_picked":["Flying Knee","Sucker Punch","Backflip+1"],"picked":"SKIP","floor":19.0},{"not_picked":["Flying Knee","Backflip+1"],"picked":"Poisoned Stab","floor":20.0},{"not_picked":["Calculated Gamble","Footwork+1","Flechettes"],"picked":"SKIP","floor":25.0},{"not_picked":["Escape Plan+1","PiercingWail"],"picked":"Slice","floor":27.0},{"not_picked":["Infinite Blades","Caltrops+1","Unload"],"picked":"SKIP","floor":29.0},{"not_picked":["Acrobatics","Deflect"],"picked":"Blade Dance","floor":31.0},{"not_picked":["Deflect+1","All Out Attack+1"],"picked":"Blade Dance","floor":35.0},{"not_picked":["Discovery","Master of Strategy"],"picked":"Violence","floor":36.0},{"not_picked":["Terror+1","Slice+1"],"picked":"Blade Dance+1","floor":37.0},{"not_picked":["Skewer+1","Dodge and Roll","All Out Attack+1"],"picked":"SKIP","floor":45.0},{"not_picked":["Dagger Spray+1","Poisoned Stab+1"],"picked":"Crippling Poison+1","floor":46.0},{"not_picked":["Caltrops","Well Laid Plans","Venomology"],"picked":"SKIP","floor":48.0}],"player_experience":10622,"relics_obtained":[{"floor":7.0,"key":"Vajra"},{"floor":9.0,"key":"Sundial"},{"floor":26.0,"key":"White Beast Statue"},{"floor":27.0,"key":"InkBottle"},{"floor":42.0,"key":"Ginger"},{"floor":43.0,"key":"Eternal Feather"},{"floor":48.0,"key":"Incense Burner"}],"event_choices":[{"damage_healed":0.0,"max_hp_gain":5.0,"max_hp_loss":0.0,"gold_gain":0.0,"event_name":"Big Fish","player_choice":"Donut","floor":5.0,"gold_loss":0.0,"damage_taken":0.0},{"damage_healed":0.0,"max_hp_gain":0.0,"max_hp_loss":0.0,"gold_gain":0.0,"event_name":"Addict","player_choice":"Obtained Relic","floor":21.0,"gold_loss":85.0,"damage_taken":0.0,"relics_obtained":["Girya"]},{"damage_healed":0.0,"max_hp_gain":0.0,"max_hp_loss":0.0,"gold_gain":0.0,"event_name":"Drug Dealer","player_choice":"Inject Mutagens","floor":24.0,"gold_loss":0.0,"damage_taken":0.0,"relics_obtained":["MutagenicStrength"]},{"cards_removed":["Strike_G"],"damage_healed":0.0,"max_hp_gain":0.0,"max_hp_loss":0.0,"gold_gain":0.0,"event_name":"Back to Basics","player_choice":"Elegance","floor":30.0,"gold_loss":0.0,"damage_taken":0.0},{"damage_healed":0.0,"max_hp_gain":0.0,"max_hp_loss":0.0,"gold_gain":0.0,"event_name":"SensoryStone","player_choice":"Memory 1","floor":36.0,"gold_loss":0.0,"damage_taken":0.0},{"damage_healed":0.0,"max_hp_gain":0.0,"max_hp_loss":0.0,"gold_gain":0.0,"event_name":"Tomb of Lord Red Mask","player_choice":"Paid","floor":39.0,"gold_loss":59.0,"damage_taken":0.0,"relics_obtained":["Red Mask"]},{"damage_healed":0.0,"max_hp_gain":0.0,"max_hp_loss":0.0,"gold_gain":0.0,"event_name":"Mysterious Sphere","player_choice":"Fight","floor":42.0,"gold_loss":0.0,"damage_taken":0.0},{"damage_healed":0.0,"max_hp_gain":0.0,"max_hp_loss":0.0,"gold_gain":0.0,"event_name":"MindBloom","player_choice":"Upgrade","floor":47.0,"gold_loss":0.0,"damage_taken":0.0,"cards_upgraded":["Strike_G","Strike_G","Strike_G","Defend_G","Defend_G","Defend_G","Defend_G","Defend_G","Survivor","Deadly Poison","Bouncing Flask","Backstab","Deadly Poison","After Image","Poisoned Stab","Finisher","Slice","Blade Dance","Blade Dance","Violence"],"relics_obtained":["Mark of the Bloom"]}],"is_beta":false,"boss_relics":[{"not_picked":["Snecko Eye","Astrolabe"],"picked":"Fusion Hammer"},{"not_picked":["Tiny House","HoveringKite"],"picked":"WristBlade"}],"items_purged_floors":[14],"is_endless":false,"potions_floor_spawned":[2,3,12,16,20,25,27,29,31,33,35,37,42,45,46,48],"ascension_level":0}}