{"host":"4ih4fq53sefgqhvb","time":1608679520,"event":{"mods":["AchievementEnabler","Aspiration","Bard","BaseMod","BetterRewards","Colored Map","Colored Powertips","Conspire","Downfall","Googly Eyes","Hermit","Highlight Path","Hubris","Infinite Spire","Jedi Mod","Jorbs\u0027s Wanderer Trilogy","Marisa????????","Mimic Mod","Minty Spire (QoL Compilation)","Quick Restart","Relic Stats","Replay The Spire","Shop Mod","StSLib","The Animator","The Cursed","The Jungle","The Runesmith"],"gold_per_floor":[199,219,232,246,246,246,246,308,318,381,23,58,58,69,79,179,179,29,43,28,46,46,46,101,26,26,37,56,56,67,67,79,182,182,182,206,198,224,244,169,241,272,299,316,334,21,42,142,156,156,156,197,43,43,43,43],"floor_reached":55,"playtime":14851,"items_purged":["Regret"],"score":1151,"play_id":"42c91972-8807-4d9c-b6e6-40a273868443","local_time":"20201222152520","is_ascension_mode":true,"campfire_choices":[{"floor":1,"key":"RECALL"},{"floor":13,"key":"REST"},{"data":"hexamod:HeatShield","floor":18,"key":"SMITH"},{"floor":23,"key":"REST"},{"floor":25,"key":"REST"},{"data":"hexamod:SpectralSpark","floor":35,"key":"SMITH"},{"data":"hexamod:RainOfEmbers","floor":54,"key":"SMITH"}],"circlet_count":0,"master_deck":["hexamod:Strike","hexamod:Strike+1","hexamod:Strike+1","hexamod:Strike","hexamod:Defend+1","hexamod:Defend+1","hexamod:Defend","hexamod:Defend","hexamod:Sear+1","hexamod:Float","hexamod:Again","hexamod:EmpoweredFlame","hexamod:AdvancingGuard","hexamod:ApocalypseNow","hexamod:Incineration","hexamod:Toasty","hexamod:PhantomFireball","hexamod:HeatMetal+1","hexamod:EmpoweredFlame+1","hexamod:PowerFromBeyond","hexamod:SpectralSpark+1","hexamod:SkipABeat","hexamod:Again","hexamod:HeatShield+1","hexamod:RainOfEmbers+1","hexamod:TurnItUp","hexamod:GhostOfSpirePresent","hexamod:DynamicBlow","hexamod:GhostflameBarrier","hexamod:AdvancingGuard","hexamod:AdvancingGuard","hexamod:CatchUp","hexamod:Firestarter","hexamod:InspiringFlames","hexamod:Firestarter+1","hexamod:SwordOfDarkness+1","hexamod:Firestarter","hexamod:FirstSeal","hexamod:WildfireWeapon","hexamod:WildfireWeapon","hexamod:FlamesFromBeyond+1","hexamod:SecondSeal","hexamod:ExtraCrispy","hexamod:FastForward","hexamod:UnlimitedPower","hexamod:PhantomFireball","hexamod:NightmareStrike","hexamod:EtherealExpedition","hexamod:ThermalTransfer+1","hexamod:FastForward+1","hexamod:RecurringNightmare","hexamod:RecurringNightmare","hexamod:ApocalypticArmor","hexamod:EmpoweredFlame+1","hexamod:NightmareGuise","hexamod:InspiringFlames+1","hexamod:AdvancingGuard","hexamod:ExtraCrispy"],"relics":["hexamod:SpiritBrand","Toy Ornithopter","hexamod:MatchstickCase","Bag of Preparation","aspiration:MobileForge","downfall:HeartBlessingRed","downfall:HeartBlessingBlue","Gremlin Food","downfall:HeartBlessingGreen","aspiration:RitualStick","hubris:BlackHole","hexamod:TheBrokenSeal","Potion Belt","Toolbox","conspire:DecoderRing","ReplayTheSpireMod:TigerMarble","Meat on the Bone"],"acts_visited":["Exordium","TheCity","TheBeyond","TheEnding"],"potions_floor_usage":[9,10,12,16,16,20,30,32,33,33,33,40,52,52,55,55],"damage_taken":[{"damage":0,"enemies":"Cultist","floor":2,"turns":3},{"damage":4,"enemies":"Small Slimes","floor":3,"turns":4},{"damage":0,"enemies":"2 Louse","floor":4,"turns":2},{"damage":2,"enemies":"2 Fungi Beasts","floor":9,"turns":4},{"damage":21,"enemies":"3 Sentries","floor":10,"turns":9},{"damage":2,"enemies":"downfall:FleeingMerchant","floor":11,"turns":4},{"damage":18,"enemies":"Gremlin Nob","floor":12,"turns":4},{"damage":3,"enemies":"Exordium Thugs","floor":14,"turns":4},{"damage":6,"enemies":"Exordium Wildlife","floor":15,"turns":2},{"damage":19,"enemies":"downfall:Ironclad","floor":16,"turns":6},{"damage":18,"enemies":"Spheric Guardian","floor":19,"turns":6},{"damage":2,"enemies":"downfall:FleeingMerchant","floor":20,"turns":4},{"damage":57,"enemies":"conspire:FuzzyDice","floor":21,"turns":5},{"damage":2,"enemies":"Snake Plant","floor":27,"turns":4},{"damage":9,"enemies":"conspire:HollyBat","floor":28,"turns":11},{"damage":8,"enemies":"Snecko","floor":30,"turns":4},{"damage":30,"enemies":"Centurion and Healer","floor":32,"turns":7},{"damage":30,"enemies":"downfall:Defect","floor":33,"turns":9},{"damage":54,"enemies":"3 Shapes","floor":36,"turns":12},{"damage":0,"enemies":"Orb Walker","floor":39,"turns":1},{"damage":14,"enemies":"downfall:FleeingMerchant","floor":40,"turns":4},{"damage":0,"enemies":"Nemesis","floor":42,"turns":3},{"damage":0,"enemies":"Jaw Worm Horde","floor":43,"turns":2},{"damage":0,"enemies":"Writhing Mass","floor":44,"turns":2},{"damage":0,"enemies":"3 Darklings","floor":45,"turns":2},{"damage":0,"enemies":"Jaw Worm Horde","floor":47,"turns":3},{"damage":0,"enemies":"Spire Growth","floor":49,"turns":3},{"damage":12,"enemies":"downfall:Watcher","floor":50,"turns":5},{"damage":25,"enemies":"downfall:CharBossMerchant","floor":52,"turns":6},{"damage":188,"enemies":"downfall:NeowBoss","floor":55,"turns":18}],"seed_played":"5347004809823520930","potions_obtained":[{"floor":4,"key":"PowerPotion"},{"floor":8,"key":"Ancient Potion"},{"floor":8,"key":"Fruit Juice"},{"floor":10,"key":"Elixir"},{"floor":11,"key":"Toxic Potion"},{"floor":12,"key":"Fire Potion"},{"floor":16,"key":"LiquidBronze"},{"floor":19,"key":"FairyPotion"},{"floor":20,"key":"Dexterity Potion"},{"floor":28,"key":"EntropicBrew"},{"floor":30,"key":"Flashbang"},{"floor":32,"key":"CultistPotion"},{"floor":33,"key":"Dexterity Potion"},{"floor":42,"key":"Swift Potion"},{"floor":44,"key":"Fire Potion"}],"is_trial":false,"path_per_floor":["R","M","M","M","?","?","T","?","M","?","$","E","R","M","M","B",null,"R","M","$","M","?","R","T","R","?","M","M","?","M","?","M","B",null,"R","M","?","T","M","$","T","E","M","M","M","$","M","?","M","B",null,"E","$","R","B"],"character_chosen":"THE_SPIRIT","items_purchased":["hexamod:MatchstickCase","hexamod:HeatMetal","hexamod:EmpoweredFlame","Fruit Juice","hexamod:UnlimitedPower","hexamod:PhantomFireball","Toolbox","Meat on the Bone","hexamod:RecurringNightmare","hexamod:InspiringFlames+1","hexamod:AdvancingGuard","hexamod:ExtraCrispy"],"campfire_rested":3,"item_purchase_floors":[11,11,11,40,40,40,40,46,46,53,53,53],"current_hp_per_floor":[70,70,66,66,71,71,71,53,56,35,33,20,44,41,35,26,80,90,72,75,18,18,45,45,72,72,77,75,57,61,61,36,28,90,90,100,100,100,100,96,96,103,103,103,103,103,103,103,103,98,105,92,92,92,0,0],"gold":43,"neow_bonus":"HUNDRED_GOLD","is_daily":false,"chose_seed":false,"campfire_upgraded":3,"win_rate":0.0,"timestamp":1608679520,"path_taken":["R","M","M","M","?","?","T","?","?","?","$","E","R","M","M","BOSS","R","M","$","M","?","R","T","R","?","M","M","?","M","?","M","BOSS","R","M","?","?","M","$","T","E","M","?","M","$","M","?","M","BOSS","E","$","R","BOSS"],"items_purchased_type":["Relic","Card","Card","Potion","Card","Card","Relic","Relic","Card","Card","Card","Card"],"build_version":"2020-12-13","purchased_purges":1,"victory":false,"max_hp_per_floor":[70,70,70,70,75,75,75,75,80,80,80,80,80,80,80,80,80,90,90,90,90,90,90,90,90,90,90,90,90,90,90,90,90,90,90,100,100,100,100,105,105,105,105,105,105,105,105,105,105,105,105,105,105,105,105,105],"relic_stats":{"counters":[30,153],"Bag of Preparation":[46],"obtain_stats":[{"Gremlin Food":24,"Potion Belt":38,"downfall:HeartBlessingRed":18,"hexamod:TheBrokenSeal":36,"downfall:HeartBlessingGreen":25,"Bag of Preparation":12,"aspiration:RitualStick":29,"hexamod:MatchstickCase":11,"hubris:BlackHole":34,"aspiration:MobileForge":17,"downfall:HeartBlessingBlue":18,"conspire:DecoderRing":41,"Toolbox":40,"ReplayTheSpireMod:TigerMarble":42,"hexamod:SpiritBrand":0,"Toy Ornithopter":10,"Meat on the Bone":46},{"Gremlin Food":13,"Potion Belt":19,"downfall:HeartBlessingRed":10,"hexamod:TheBrokenSeal":19,"downfall:HeartBlessingGreen":13,"Bag of Preparation":7,"aspiration:RitualStick":15,"hexamod:MatchstickCase":6,"hubris:BlackHole":18,"aspiration:MobileForge":10,"downfall:HeartBlessingBlue":10,"conspire:DecoderRing":21,"Toolbox":21,"ReplayTheSpireMod:TigerMarble":22,"hexamod:SpiritBrand":0,"Toy Ornithopter":5,"Meat on the Bone":25},{"Gremlin Food":57,"Potion Belt":104,"downfall:HeartBlessingRed":42,"hexamod:TheBrokenSeal":104,"downfall:HeartBlessingGreen":57,"Bag of Preparation":30,"aspiration:RitualStick":72,"hexamod:MatchstickCase":26,"hubris:BlackHole":92,"aspiration:MobileForge":42,"downfall:HeartBlessingBlue":42,"conspire:DecoderRing":109,"Toolbox":109,"ReplayTheSpireMod:TigerMarble":112,"hexamod:SpiritBrand":0,"Toy Ornithopter":22,"Meat on the Bone":118}],"Toy Ornithopter":65,"aspiration:RitualStick":[0],"Meat on the Bone":0},"card_choices":[{"not_picked":["hexamod:GhostflameBarrier","hexamod:GhostLash"],"picked":"hexamod:Again","floor":2},{"not_picked":["hexamod:InspiringFlames","hexamod:GhostOfSpirePresent"],"picked":"hexamod:EmpoweredFlame","floor":3},{"not_picked":["hexamod:Rewind","hexamod:RetreatToShadows"],"picked":"hexamod:ThirdSeal","floor":4},{"not_picked":["hexamod:SpectersWail","hexamod:ShieldOfDarkness"],"picked":"hexamod:AdvancingGuard","floor":8},{"not_picked":["hexamod:RetreatToShadows","hexamod:HauntingEcho"],"picked":"hexamod:FourthSeal","floor":9},{"not_picked":["hexamod:SpectralAdrenaline","hexamod:Haunt","hexamod:ShieldOfDarkness"],"picked":"SKIP","floor":9},{"not_picked":["hexamod:ShieldOfDarkness","hexamod:HauntingEcho"],"picked":"hexamod:ApocalypseNow","floor":10},{"not_picked":["hexamod:GhostShield","hexamod:Firestarter"],"picked":"hexamod:Incineration","floor":10},{"not_picked":["hexamod:GhostShield","hexamod:NightmareGuise"],"picked":"hexamod:Toasty","floor":11},{"not_picked":["hexamod:BurningTouch","hexamod:AdvancingGuard"],"picked":"hexamod:PhantomFireball","floor":11},{"not_picked":["hexamod:GhostShield","hexamod:SpectralAdrenaline"],"picked":"hexamod:PowerFromBeyond","floor":12},{"not_picked":["hexamod:StepThrough","hexamod:GhostLash"],"picked":"hexamod:SpectralSpark","floor":12},{"not_picked":["hexamod:SwordOfDarkness","hexamod:GhostShield"],"picked":"hexamod:SkipABeat","floor":14},{"not_picked":["hexamod:SpectersWail","hexamod:SkipABeat"],"picked":"hexamod:Again","floor":14},{"not_picked":["hexamod:SkipABeat","hexamod:SpectralAdrenaline"],"picked":"hexamod:HeatShield","floor":15},{"not_picked":["hexamod:NightmareStrike","hexamod:BurningTouch"],"picked":"hexamod:RainOfEmbers","floor":15},{"not_picked":["hexamod:ApocalypseNow","hexamod:CrushingStance"],"picked":"hexamod:TurnItUp","floor":16},{"not_picked":["hexamod:UnleashSpirits","hexamod:ApocalypseNow"],"picked":"hexamod:FifthSeal","floor":16},{"not_picked":["hexamod:GhostLash","hexamod:NightmareStrike+1"],"picked":"hexamod:GhostOfSpirePresent","floor":19},{"not_picked":["hexamod:FirstSeal","hexamod:FourthSeal"],"picked":"hexamod:SixthSeal","floor":19},{"not_picked":["hexamod:SwordOfDarkness","hexamod:ThermalTransfer"],"picked":"hexamod:DynamicBlow","floor":19},{"not_picked":["hexamod:Firestarter","hexamod:HeatCrush"],"picked":"hexamod:GhostflameBarrier","floor":20},{"not_picked":["hexamod:SixthSeal","hexamod:FourthSeal"],"picked":"hexamod:FirstSeal","floor":21},{"not_picked":["hexamod:Hexaguard","hexamod:NecessarySacrifice"],"picked":"hexamod:AdvancingGuard","floor":21},{"not_picked":["hexamod:GhostLash","hexamod:Haunt"],"picked":"hexamod:AdvancingGuard","floor":27},{"not_picked":["hexamod:RainOfEmbers","hexamod:EmpoweringStance"],"picked":"hexamod:CatchUp","floor":28},{"not_picked":["hexamod:GhostShield","hexamod:RainOfEmbers"],"picked":"hexamod:Firestarter","floor":28},{"not_picked":["hexamod:ThirdSeal","hexamod:SixthSeal","hexamod:FirstSeal"],"picked":"SKIP","floor":28},{"not_picked":["hexamod:RainOfEmbers","hexamod:NightmareGuise"],"picked":"hexamod:InspiringFlames","floor":30},{"not_picked":["hexamod:NightmareStrike","hexamod:GhostOfSpirePresent"],"picked":"hexamod:Firestarter+1","floor":30},{"not_picked":["hexamod:ThermalTransfer","hexamod:GhostLash"],"picked":"hexamod:SwordOfDarkness+1","floor":32},{"not_picked":["hexamod:FirstSeal","hexamod:ThirdSeal"],"picked":"hexamod:SecondSeal","floor":32},{"not_picked":["hexamod:SixthSeal","hexamod:RainOfEmbers"],"picked":"hexamod:Firestarter","floor":32},{"not_picked":["hexamod:SecondSeal","hexamod:FourthSeal"],"picked":"hexamod:FirstSeal","floor":33},{"not_picked":["hexamod:Toasty","hexamod:TimeOfNeed"],"picked":"hexamod:WildfireWeapon","floor":33},{"not_picked":["hexamod:ParanormalForm","hexamod:TimeWarp"],"picked":"hexamod:WildfireWeapon","floor":33},{"not_picked":["hexamod:ChargedBarrage+1","hexamod:BurningTouch+1"],"picked":"hexamod:FlamesFromBeyond+1","floor":36},{"not_picked":["hexamod:AdvancingGuard","hexamod:ThirdSeal"],"picked":"hexamod:ExtraCrispy","floor":39},{"not_picked":["hexamod:GhostShield+1","hexamod:GhostOfSpireFuture"],"picked":"hexamod:FastForward","floor":40},{"not_picked":["hexamod:ShieldOfDarkness+1","hexamod:NightmareGuise+1"],"picked":"hexamod:NightmareStrike","floor":42},{"not_picked":["hexamod:SwordOfDarkness+1","hexamod:Rewind"],"picked":"hexamod:EtherealExpedition","floor":43},{"not_picked":["hexamod:AdvancingGuard","hexamod:SpectralAdrenaline+1"],"picked":"hexamod:ThermalTransfer+1","floor":44},{"not_picked":["hexamod:Hexaguard","hexamod:Firestarter"],"picked":"hexamod:FastForward+1","floor":45},{"not_picked":["hexamod:Firestarter+1","hexamod:NightmareGuise+1"],"picked":"hexamod:ApocalypticArmor","floor":47},{"not_picked":["hexamod:FastForward+1","hexamod:InspiringFlames"],"picked":"hexamod:EmpoweredFlame+1","floor":49},{"not_picked":["hexamod:GhostOfSpirePast+1","hexamod:GhostLash"],"picked":"hexamod:NightmareGuise","floor":52}],"player_experience":894267,"relics_obtained":[{"floor":10,"key":"Toy Ornithopter"},{"floor":12,"key":"Bag of Preparation"},{"floor":24,"key":"Gremlin Food"},{"floor":38,"key":"Potion Belt"},{"floor":41,"key":"conspire:DecoderRing"},{"floor":42,"key":"ReplayTheSpireMod:TigerMarble"}],"event_choices":[{"damage_healed":0,"gold_gain":0,"player_choice":"Donut","damage_taken":0,"max_hp_gain":5,"max_hp_loss":0,"event_name":"Big Fish","floor":5,"gold_loss":0},{"damage_healed":0,"gold_gain":0,"player_choice":"Ignored","damage_taken":0,"max_hp_gain":0,"max_hp_loss":0,"event_name":"Vampires","floor":22,"gold_loss":0}],"is_beta":false,"boss_relics":[{"not_picked":["Replay:Wanted Poster","aspiration:RitualDagger"],"picked":"aspiration:MobileForge"},{"not_picked":["aspiration:MarisaSkillbook","Philosopher\u0027s Stone"],"picked":"hubris:BlackHole"}],"items_purged_floors":[11],"is_endless":false,"potions_floor_spawned":[4,14,15,21,27,42,44],"killed_by":"downfall:NeowBoss","ascension_level":1}}