{"host":"x4yihwynwtwjbvbe","time":1608622642,"event":{"mods":["AchievementEnabler","BaseMod","Colored Map","Colored Powertips","Keyboard Shortcuts","Minty Spire (QoL Compilation)","Quick Restart","Relic Stats"],"gold_per_floor":[114,132,146,161,236,236,266,276,276,298,298,298],"floor_reached":11,"playtime":243,"items_purged":[],"score":105,"play_id":"3130ebfa-0d65-4a6b-a37b-7afc7ef97a05","local_time":"20201222163722","is_ascension_mode":true,"campfire_choices":[{"data":"Neutralize","floor":6.0,"key":"SMITH"}],"circlet_count":0,"master_deck":["Strike_G","Strike_G","Strike_G","Strike_G","Strike_G","Defend_G","Defend_G","Defend_G","Defend_G","Defend_G","Survivor","Neutralize+1","Terror","Concentrate","Masterful Stab","Dagger Spray","Expertise"],"relics":["Ring of the Snake","NeowsBlessing","Pantograph","Odd Mushroom"],"acts_visited":["Exordium"],"potions_floor_usage":[10],"damage_taken":[{"damage":0.0,"enemies":"2 Louse","floor":1.0,"turns":1.0},{"damage":0.0,"enemies":"Jaw Worm","floor":2.0,"turns":1.0},{"damage":0.0,"enemies":"Cultist","floor":3.0,"turns":1.0},{"damage":8.0,"enemies":"Blue Slaver","floor":4.0,"turns":3.0},{"damage":40.0,"enemies":"Gremlin Nob","floor":7.0,"turns":5.0},{"damage":8.0,"enemies":"Looter","floor":8.0,"turns":3.0},{"damage":1,"enemies":"The Mushroom Lair","floor":10,"turns":3},{"damage":22,"enemies":"3 Sentries","floor":11,"turns":4}],"seed_played":"3105135795771165089","potions_obtained":[{"floor":3.0,"key":"GamblersBrew"},{"floor":4.0,"key":"FairyPotion"},{"floor":8.0,"key":"SteroidPotion"}],"is_trial":false,"path_per_floor":["M","M","M","M","?","R","E","M","T","?","E"],"character_chosen":"THE_SILENT","items_purchased":[],"campfire_rested":0,"item_purchase_floors":[],"current_hp_per_floor":[63,63,63,55,44,44,4,21,21,20,0,0],"gold":298,"neow_bonus":"THREE_ENEMY_KILL","is_daily":false,"chose_seed":false,"campfire_upgraded":1,"win_rate":0.0,"timestamp":1608622642,"path_taken":["M","M","M","M","?","R","E","M","T","?","E"],"items_purchased_type":[],"build_version":"2020-12-13","purchased_purges":0,"victory":false,"max_hp_per_floor":[70,70,70,70,70,70,70,70,70,70,70,70],"relic_stats":{"counters":[8,21],"Pantograph":0,"obtain_stats":[{"NeowsBlessing":0,"Pantograph":7,"Odd Mushroom":10,"Ring of the Snake":0},{"NeowsBlessing":0,"Pantograph":5,"Odd Mushroom":7,"Ring of the Snake":0},{"NeowsBlessing":0,"Pantograph":11,"Odd Mushroom":17,"Ring of the Snake":0}],"Ring of the Snake":[16]},"card_choices":[{"not_picked":["Slice","PiercingWail"],"picked":"Terror","floor":1.0},{"not_picked":["Prepared","Deadly Poison"],"picked":"Concentrate","floor":2.0},{"not_picked":["All Out Attack","Flechettes"],"picked":"Masterful Stab","floor":3.0},{"not_picked":["Flechettes","Poisoned Stab"],"picked":"Dagger Spray","floor":4.0},{"not_picked":["Predator","Poisoned Stab","Blade Dance"],"picked":"SKIP","floor":7.0},{"not_picked":["Acrobatics","Poisoned Stab"],"picked":"Expertise","floor":8.0}],"player_experience":224752,"relics_obtained":[{"floor":7.0,"key":"Pantograph"},{"floor":10,"key":"Odd Mushroom"}],"event_choices":[{"damage_healed":0.0,"max_hp_gain":0.0,"max_hp_loss":0.0,"gold_gain":75.0,"event_name":"World of Goop","player_choice":"Gather Gold","floor":5.0,"gold_loss":0.0,"damage_taken":11.0},{"damage_healed":0,"gold_gain":0,"player_choice":"Fought Mushrooms","damage_taken":0,"max_hp_gain":0,"max_hp_loss":0,"event_name":"Mushrooms","floor":10,"gold_loss":0}],"is_beta":false,"boss_relics":[],"items_purged_floors":[],"is_endless":false,"potions_floor_spawned":[3,4,8],"killed_by":"3 Sentries","ascension_level":8}}