{"host":"bg8va46pgqgvtzim","time":1608651869,"event":{"mods":["BaseMod","Minty Spire (QoL Compilation)","Quick Restart","StSLib","SuperFastMode"],"gold_per_floor":[39,97,47,102,139,184,184,184,184,244,349,349,401,443,443,569,569,613,149,149,236,236,287,287,373,445,486,540,288,351,132,132,253,253,346,390,428,428,278,329,329,380,380,466,466,517,517,191,191,216,216,216,16,49,49,49],"floor_reached":55,"playtime":2063,"items_purged":["Strike_B","Defend_B","Strike_B","Defend_B","Defend_B","HandOfGreed+1"],"score":1038,"play_id":"a35a6883-6372-44c2-b3aa-d045eafe82d1","local_time":"20201222234429","is_ascension_mode":true,"campfire_choices":[{"data":"HandOfGreed","floor":7.0,"key":"SMITH"},{"data":"Coolheaded","floor":12.0,"key":"SMITH"},{"data":"Dualcast","floor":15.0,"key":"SMITH"},{"data":"Coolheaded","floor":32.0,"key":"SMITH"},{"data":"Fission","floor":41.0,"key":"SMITH"},{"data":"Defragment","floor":45.0,"key":"SMITH"},{"data":"Impatience","floor":47.0,"key":"SMITH"},{"floor":49.0,"key":"RECALL"},{"data":"Biased Cognition","floor":52.0,"key":"SMITH"}],"circlet_count":0,"master_deck":["Defend_B","Zap","Dualcast+1","Cold Snap","Coolheaded+1","Biased Cognition+1","Turbo","Reinforced Body","Fission+1","Glacier","Hologram","Coolheaded+1","Core Surge","Impatience+1","Reboot","Defragment+1","Core Surge","Gash+1","Capacitor+1","Seek"],"relics":["Cracked Core","TungstenRod","Ginger","Ice Cream","Happy Flower","Coffee Dripper","Bottled Lightning","OrangePellets","Bag of Marbles","Oddly Smooth Stone","Kunai","Nuclear Battery","Turnip","Toy Ornithopter","Mummified Hand","Vajra","Bag of Preparation","DataDisk"],"acts_visited":["Exordium","TheCity","TheBeyond","TheEnding"],"potions_floor_usage":[55,55,55],"damage_taken":[{"damage":0.0,"enemies":"Cultist","floor":1.0,"turns":2.0},{"damage":3.0,"enemies":"Small Slimes","floor":2.0,"turns":4.0},{"damage":0.0,"enemies":"2 Louse","floor":4.0,"turns":4.0},{"damage":6.0,"enemies":"Looter","floor":5.0,"turns":4.0},{"damage":24.0,"enemies":"Lagavulin","floor":6.0,"turns":7.0},{"damage":10.0,"enemies":"Exordium Thugs","floor":10.0,"turns":4.0},{"damage":0.0,"enemies":"3 Sentries","floor":11.0,"turns":8.0},{"damage":12.0,"enemies":"Gremlin Nob","floor":13.0,"turns":3.0},{"damage":4.0,"enemies":"Blue Slaver","floor":14.0,"turns":2.0},{"damage":6.0,"enemies":"Hexaghost","floor":16.0,"turns":11.0},{"damage":1.0,"enemies":"Shell Parasite","floor":18.0,"turns":8.0},{"damage":5.0,"enemies":"3 Byrds","floor":21.0,"turns":9.0},{"damage":24.0,"enemies":"Gremlin Leader","floor":23.0,"turns":14.0},{"damage":0.0,"enemies":"3 Cultists","floor":25.0,"turns":9.0},{"damage":0.0,"enemies":"Snake Plant","floor":27.0,"turns":7.0},{"damage":0.0,"enemies":"Book of Stabbing","floor":28.0,"turns":7.0},{"damage":0.0,"enemies":"Chosen and Byrds","floor":30.0,"turns":6.0},{"damage":2.0,"enemies":"Collector","floor":33.0,"turns":17.0},{"damage":0.0,"enemies":"3 Shapes","floor":35.0,"turns":3.0},{"damage":0.0,"enemies":"Orb Walker","floor":36.0,"turns":3.0},{"damage":0.0,"enemies":"Writhing Mass","floor":37.0,"turns":5.0},{"damage":6.0,"enemies":"Giant Head","floor":40.0,"turns":11.0},{"damage":0.0,"enemies":"Nemesis","floor":42.0,"turns":9.0},{"damage":0.0,"enemies":"Sphere and 2 Shapes","floor":44.0,"turns":5.0},{"damage":0.0,"enemies":"Reptomancer","floor":46.0,"turns":11.0},{"damage":0.0,"enemies":"Time Eater","floor":50.0,"turns":38.0},{"damage":0.0,"enemies":"Shield and Spear","floor":54.0,"turns":8.0},{"damage":87,"enemies":"The Heart","floor":55,"turns":14}],"seed_played":"917743763219239121","potions_obtained":[{"floor":4.0,"key":"FocusPotion"},{"floor":10.0,"key":"Fire Potion"},{"floor":13.0,"key":"AttackPotion"},{"floor":14.0,"key":"Dexterity Potion"},{"floor":16.0,"key":"EssenceOfSteel"},{"floor":23.0,"key":"AttackPotion"},{"floor":27.0,"key":"Weak Potion"},{"floor":33.0,"key":"Strength Potion"},{"floor":37.0,"key":"GamblersBrew"},{"floor":42.0,"key":"Block Potion"},{"floor":44.0,"key":"Weak Potion"},{"floor":54.0,"key":"GamblersBrew"}],"is_trial":false,"path_per_floor":["M","M","?","M","M","E","R","?","T","M","E","R","E","M","R","B",null,"M","$","?","M","?","E","?","M","T","M","E","$","M","$","R","B",null,"M","M","M","?","$","E","R","E","T","M","R","E","R","$","R","B",null,"R","$","E","B"],"character_chosen":"DEFECT","items_purchased":["Bottled Lightning","OrangePellets","Core Surge","Impatience","Bag of Preparation"],"campfire_rested":0,"item_purchase_floors":[19,19,29,31,48],"current_hp_per_floor":[75,72,72,72,66,42,42,42,42,32,32,32,20,16,16,10,75,74,74,74,69,69,45,45,45,45,45,45,45,45,45,45,43,75,75,75,75,75,75,69,69,69,69,74,74,74,74,74,74,74,75,75,75,75,0,0],"gold":49,"neow_bonus":"RANDOM_COLORLESS_2","is_daily":false,"chose_seed":false,"campfire_upgraded":8,"win_rate":0.0,"timestamp":1608651869,"path_taken":["M","M","?","M","M","E","R","?","T","M","E","R","E","M","R","BOSS","M","$","?","M","?","E","?","?","T","M","E","$","M","$","R","BOSS","M","M","M","?","?","E","R","E","T","M","R","E","R","$","R","BOSS","R","$","E","BOSS"],"items_purchased_type":["Relic","Relic","Card","Card","Relic"],"build_version":"2020-12-13","purchased_purges":6,"victory":false,"max_hp_per_floor":[75,75,75,75,75,75,75,75,75,75,75,75,75,75,75,75,75,75,75,75,75,75,75,75,75,75,75,75,75,75,75,75,75,75,75,75,75,75,75,75,75,75,75,75,75,75,75,75,75,75,75,75,75,75,75,75],"card_choices":[{"not_picked":["Thinking Ahead","Chrysalis"],"picked":"HandOfGreed","floor":0.0},{"not_picked":["Stack","Force Field"],"picked":"Cold Snap","floor":1.0},{"not_picked":["Blizzard","Storm","Doom and Gloom"],"picked":"SKIP","floor":2.0},{"not_picked":["Conserve Battery","Hologram"],"picked":"Coolheaded","floor":4.0},{"not_picked":["Melter","Steam Power","Stack"],"picked":"SKIP","floor":5.0},{"not_picked":["Hologram","Streamline"],"picked":"Biased Cognition","floor":6.0},{"not_picked":["Rebound","Gash","Consume"],"picked":"SKIP","floor":10.0},{"not_picked":["Doom and Gloom","Echo Form"],"picked":"Turbo","floor":11.0},{"not_picked":["Chaos","Chill","Barrage"],"picked":"SKIP","floor":13.0},{"not_picked":["Conserve Battery","Steam"],"picked":"Reinforced Body","floor":14.0},{"not_picked":["All For One","Thunder Strike"],"picked":"Fission","floor":16.0},{"not_picked":["Conserve Battery+1","Rebound","Force Field"],"picked":"SKIP","floor":18.0},{"not_picked":["Reprogram","Darkness+1"],"picked":"Glacier","floor":21.0},{"not_picked":["Barrage+1","Aggregate","Steam Power"],"picked":"SKIP","floor":23.0},{"not_picked":["Coolheaded","Streamline"],"picked":"Hologram","floor":25.0},{"not_picked":["Gash+1","Beam Cell"],"picked":"Coolheaded","floor":27.0},{"not_picked":["Leap+1","Barrage+1","Hello World"],"picked":"SKIP","floor":28.0},{"not_picked":["BootSequence","Multi-Cast","Cold Snap"],"picked":"SKIP","floor":30.0},{"not_picked":["Rainbow","Amplify"],"picked":"Reboot","floor":33.0},{"not_picked":["Hello World","Leap+1","Cold Snap+1"],"picked":"SKIP","floor":35.0},{"not_picked":["Fusion","Cold Snap+1","Beam Cell"],"picked":"SKIP","floor":36.0},{"not_picked":["Leap","Chill","Redo"],"picked":"SKIP","floor":37.0},{"not_picked":["Conserve Battery","Stack","BootSequence+1"],"picked":"SKIP","floor":40.0},{"not_picked":["Ball Lightning+1","Conserve Battery+1"],"picked":"Gash+1","floor":42.0},{"not_picked":["Redo+1","Gash+1"],"picked":"Capacitor+1","floor":44.0},{"not_picked":["Consume+1","Redo+1"],"picked":"Seek","floor":46.0},{"not_picked":["Steam","Redo","Rip and Tear+1"],"picked":"SKIP","floor":54.0}],"player_experience":2139287,"relics_obtained":[{"floor":6.0,"key":"TungstenRod"},{"floor":9.0,"key":"Ginger"},{"floor":11.0,"key":"Ice Cream"},{"floor":13.0,"key":"Happy Flower"},{"floor":23.0,"key":"Bag of Marbles"},{"floor":28.0,"key":"Kunai"},{"floor":40.0,"key":"Turnip"},{"floor":42.0,"key":"Toy Ornithopter"},{"floor":43.0,"key":"Mummified Hand"},{"floor":46.0,"key":"Vajra"},{"floor":54.0,"key":"DataDisk"}],"event_choices":[{"cards_removed":["Strike_B"],"damage_healed":0.0,"max_hp_gain":0.0,"max_hp_loss":0.0,"gold_gain":0.0,"event_name":"The Cleric","player_choice":"Card Removal","floor":3.0,"gold_loss":50.0,"damage_taken":0.0},{"damage_healed":0.0,"max_hp_gain":0.0,"max_hp_loss":0.0,"gold_gain":0.0,"event_name":"Match and Keep!","player_choice":"0 cards matched","floor":8.0,"gold_loss":0.0,"damage_taken":0.0,"cards_obtained":[]},{"damage_healed":0.0,"max_hp_gain":0.0,"max_hp_loss":0.0,"gold_gain":0.0,"event_name":"Ghosts","player_choice":"Ignored","floor":20.0,"gold_loss":0.0,"damage_taken":0.0},{"cards_removed":["Strike_B"],"damage_healed":0.0,"max_hp_gain":0.0,"max_hp_loss":0.0,"gold_gain":0.0,"event_name":"Back to Basics","player_choice":"Elegance","floor":22.0,"gold_loss":0.0,"damage_taken":0.0},{"damage_healed":0.0,"max_hp_gain":0.0,"max_hp_loss":0.0,"gold_gain":0.0,"event_name":"WeMeetAgain","player_choice":"Gave Potion","floor":24.0,"gold_loss":0.0,"damage_taken":0.0,"relics_obtained":["Oddly Smooth Stone"]},{"damage_healed":0.0,"max_hp_gain":0.0,"max_hp_loss":0.0,"gold_gain":0.0,"event_name":"Match and Keep!","player_choice":"2 cards matched","floor":38.0,"gold_loss":0.0,"damage_taken":0.0,"cards_obtained":["Defragment","Core Surge"]}],"is_beta":false,"boss_relics":[{"not_picked":["Black Star","Astrolabe"],"picked":"Coffee Dripper"},{"not_picked":["Busted Crown","FrozenCore"],"picked":"Nuclear Battery"}],"items_purged_floors":[19,29,31,39,48,53],"is_endless":false,"potions_floor_spawned":[4,10,13,14,16,23,27,33,37,42,44,54],"killed_by":"The Heart","ascension_level":1}}