{"host":"uflv0e3ja7hvnij7","time":1608634535,"event":{"mods":["BaseMod","Conspire","Hubris","Minty Spire (QoL Compilation)","Replay The Spire","StSLib","The Bug Knight"],"gold_per_floor":[115,15,48,48,78,124,124,158,158,158,158,182,182,36,36,170,170,214,139,157,207,247,271,271],"floor_reached":23,"playtime":1512,"items_purged":["Strike_R"],"score":193,"play_id":"ef4e5079-9f23-46ab-a515-9c6de1094524","local_time":"20201222055535","is_ascension_mode":false,"campfire_choices":[{"data":"Iron Wave","floor":7,"key":"SMITH"},{"data":"Strike_R+1","floor":10,"key":"SMITH"},{"data":"Shrug It Off","floor":15,"key":"SMITH"}],"circlet_count":0,"master_deck":["Strike_R","Strike_R+2","Strike_R+1","Defend_R","Defend_R","Defend_R","Defend_R","Bash+1","Iron Wave+1","conspire:SpireCoStock","conspire:SpireCoStock","Run Through","Disarm","hubris:ReadiedAction","Shrug It Off+1","Feed","Headbutt+1","Demonic Infusion"],"relics":["Burning Blood","Pen Nib","Simple Rune","hubris:CrystalStatue","hubris:Towel","conspire:TreasureMap","Philosopher\u0027s Stone"],"acts_visited":["Exordium","TheCity"],"potions_floor_usage":[6,8,16,18,21],"damage_taken":[{"damage":4,"enemies":"2 Louse","floor":1,"turns":3},{"damage":5,"enemies":"Small Slimes","floor":3,"turns":5},{"damage":10,"enemies":"Cultist","floor":5,"turns":4},{"damage":20,"enemies":"Gremlin Nob","floor":6,"turns":4},{"damage":11,"enemies":"Exordium Wildlife","floor":8,"turns":6},{"damage":0,"enemies":"Blue Slaver","floor":12,"turns":3},{"damage":6,"enemies":"Hexaghost","floor":16,"turns":9},{"damage":11,"enemies":"3 Byrds","floor":18,"turns":6},{"damage":29,"enemies":"2 Thieves","floor":20,"turns":4},{"damage":32,"enemies":"Chosen and Byrds","floor":21,"turns":7},{"damage":27,"enemies":"Snake Plant","floor":22,"turns":5},{"damage":20,"enemies":"conspire:SneckoGhost","floor":23,"turns":4}],"seed_played":"4192712567144070274","potions_obtained":[{"floor":1,"key":"AttackPotion"},{"floor":6,"key":"AttackPotion"},{"floor":8,"key":"Weak Potion"},{"floor":16,"key":"DistilledChaos"},{"floor":18,"key":"Dexterity Potion"},{"floor":21,"key":"SteroidPotion"}],"is_trial":false,"path_per_floor":["M","?","M","?","M","E","R","M","T","R","T","M","?","$","R","B",null,"M","$","M","M","M","E"],"character_chosen":"IRONCLAD","items_purchased":["conspire:TreasureMap"],"campfire_rested":0,"item_purchase_floors":[14],"current_hp_per_floor":[80,80,80,80,76,62,62,57,57,57,57,63,63,63,63,63,80,78,78,58,35,14,0,0],"gold":271,"neow_bonus":"UPGRADE_CARD","is_daily":false,"chose_seed":false,"campfire_upgraded":3,"win_rate":0.0,"timestamp":1608634535,"path_taken":["M","?","M","?","M","E","R","?","T","R","?","M","?","$","R","BOSS","M","$","M","M","M","E"],"items_purchased_type":["Relic"],"build_version":"2020-12-13","purchased_purges":1,"victory":false,"max_hp_per_floor":[80,80,80,80,80,80,80,80,80,80,80,80,80,80,80,80,80,83,83,86,89,89,89,89],"card_choices":[{"not_picked":["Shockwave","Flex"],"picked":"Iron Wave","floor":1},{"not_picked":["Perfected Strike","Sword Boomerang"],"picked":"Run Through","floor":3},{"not_picked":["True Grit","Body Slam"],"picked":"Disarm","floor":5},{"not_picked":["Wild Strike","Defy Death"],"picked":"hubris:ReadiedAction","floor":6},{"not_picked":["Sever Soul","Fire Breathing","Cleave"],"picked":"SKIP","floor":8},{"not_picked":["Perfected Strike","Spot Weakness"],"picked":"Shrug It Off","floor":12},{"not_picked":["conspire:HitWhereItHurts","Offering"],"picked":"Feed","floor":16},{"not_picked":["Dual Wield","Thunderclap+1"],"picked":"Headbutt+1","floor":18},{"not_picked":["Searing Blow","Flex","hubris:CleavingFinish"],"picked":"SKIP","floor":20},{"not_picked":["Havoc","Thunderclap"],"picked":"Demonic Infusion","floor":21},{"not_picked":["True Grit","Twin Strike","Sentinel+1"],"picked":"SKIP","floor":22}],"player_experience":263547,"relics_obtained":[{"floor":6,"key":"Pen Nib"},{"floor":9,"key":"Simple Rune"},{"floor":11,"key":"hubris:CrystalStatue"}],"event_choices":[{"damage_healed":0,"gold_gain":0,"player_choice":"Invest 2","damage_taken":0,"max_hp_gain":0,"max_hp_loss":0,"event_name":"conspire:Investor","floor":2,"gold_loss":0},{"cards_removed":["Strike_R"],"damage_healed":0,"gold_gain":0,"player_choice":"Purged","damage_taken":0,"max_hp_gain":0,"max_hp_loss":0,"event_name":"Purifier","floor":4,"gold_loss":0}],"is_beta":false,"boss_relics":[{"not_picked":["Black Blood","hubris:VirtuousBlindfold"],"picked":"Philosopher\u0027s Stone"}],"items_purged_floors":[19],"is_endless":false,"potions_floor_spawned":[1,6,8,16,18,21],"killed_by":"conspire:SneckoGhost","ascension_level":0}}