{"host":"x039aayur7qovk2d","time":1608628974,"event":{"mods":["AchievementEnabler","BaseMod","Block Reminder","Colored Map","Colored Powertips","DeckTracker","Googly Eyes","Highlight Path","Minty Spire (QoL Compilation)","Permanent Neow","Quick Restart","Random Character Button","Rare Cards Sparkle","Relic Sorter","Relic Stats"],"gold_per_floor":[118,128,142,215,231,231,264,264,264,277,452,452,490,490,490,490,490],"floor_reached":16,"playtime":1065,"items_purged":[],"score":110,"play_id":"ff704d97-2927-400b-9241-9257560c6f18","local_time":"20201222012254","is_ascension_mode":false,"campfire_choices":[{"floor":6.0,"key":"RECALL"},{"floor":8.0,"key":"REST"},{"floor":15,"key":"REST"}],"circlet_count":0,"master_deck":["Strike_R","Strike_R","Strike_R","Strike_R","Strike_R","Defend_R","Defend_R","Defend_R","Defend_R","Bash","Secret Weapon","Searing Blow","Cleave","Dual Wield","Twin Strike","Sword Boomerang","Clothesline","Doubt","Injury","Headbutt+1"],"relics":["Burning Blood","Lantern","Golden Idol","Molten Egg 2","Gambling Chip"],"acts_visited":["Exordium"],"potions_floor_usage":[13,13],"damage_taken":[{"damage":9.0,"enemies":"Small Slimes","floor":1.0,"turns":4.0},{"damage":13.0,"enemies":"2 Louse","floor":2.0,"turns":4.0},{"damage":1.0,"enemies":"Cultist","floor":3.0,"turns":3.0},{"damage":17.0,"enemies":"Red Slaver","floor":5.0,"turns":6.0},{"damage":8.0,"enemies":"3 Sentries","floor":7.0,"turns":4.0},{"damage":0.0,"enemies":"Large Slime","floor":10.0,"turns":5.0},{"damage":35,"enemies":"Lagavulin","floor":13,"turns":6},{"damage":63,"enemies":"Hexaghost","floor":16,"turns":9}],"seed_played":"-1256634880988513871","potions_obtained":[{"floor":1.0,"key":"ColorlessPotion"},{"floor":5.0,"key":"LiquidMemories"},{"floor":10.0,"key":"SteroidPotion"}],"is_trial":false,"path_per_floor":["M","M","M","?","M","R","E","R","T","M","?","?","E","T","R","B"],"character_chosen":"IRONCLAD","items_purchased":[],"campfire_rested":2,"item_purchase_floors":[],"current_hp_per_floor":[53,46,51,51,40,40,38,62,62,68,68,68,39,39,63,0,0],"gold":490,"neow_bonus":"RANDOM_COLORLESS_2","is_daily":false,"chose_seed":false,"campfire_upgraded":0,"win_rate":0.0,"timestamp":1608628974,"path_taken":["M","M","M","?","M","R","E","R","T","M","?","?","E","?","R","BOSS"],"items_purchased_type":[],"build_version":"2020-12-13","purchased_purges":0,"victory":false,"max_hp_per_floor":[80,80,80,80,80,80,80,80,80,80,80,80,80,80,80,80,80],"relic_stats":{"counters":[8,41],"Golden Idol":8,"Gambling Chip":[2],"obtain_stats":[{"Lantern":7,"Golden Idol":12,"Gambling Chip":14,"Molten Egg 2":13,"Burning Blood":0},{"Lantern":5,"Golden Idol":6,"Gambling Chip":7,"Molten Egg 2":7,"Burning Blood":0},{"Lantern":21,"Golden Idol":26,"Gambling Chip":32,"Molten Egg 2":32,"Burning Blood":0}],"Burning Blood":42},"card_choices":[{"not_picked":["Panache","Apotheosis"],"picked":"Secret Weapon","floor":0.0},{"not_picked":["Havoc","True Grit"],"picked":"Searing Blow","floor":1.0},{"not_picked":["True Grit","Heavy Blade"],"picked":"Cleave","floor":2.0},{"not_picked":["Flex","Body Slam"],"picked":"Dual Wield","floor":3.0},{"not_picked":["Clothesline","Havoc"],"picked":"Twin Strike","floor":5.0},{"not_picked":["Second Wind","Heavy Blade"],"picked":"Sword Boomerang","floor":7.0},{"not_picked":["Body Slam","Warcry"],"picked":"Clothesline","floor":10.0},{"not_picked":["Havoc","Dark Embrace"],"picked":"Headbutt+1","floor":13}],"player_experience":186307,"relics_obtained":[{"floor":7.0,"key":"Lantern"},{"floor":13,"key":"Molten Egg 2"},{"floor":14,"key":"Gambling Chip"}],"event_choices":[{"damage_healed":0.0,"max_hp_gain":0.0,"max_hp_loss":0.0,"gold_gain":73.0,"event_name":"Golden Wing","player_choice":"Gained Gold","floor":4.0,"gold_loss":0.0,"damage_taken":0.0},{"damage_healed":0.0,"max_hp_gain":0.0,"max_hp_loss":0.0,"gold_gain":175.0,"event_name":"Liars Game","player_choice":"AGREE","floor":11.0,"gold_loss":0.0,"damage_taken":0.0,"cards_obtained":["Doubt"]},{"damage_healed":0.0,"max_hp_gain":0.0,"max_hp_loss":0.0,"gold_gain":0.0,"event_name":"Golden Idol","player_choice":"Take Wound","floor":12.0,"gold_loss":0.0,"damage_taken":0.0,"relics_obtained":["Golden Idol"],"cards_obtained":["Injury"]}],"is_beta":false,"boss_relics":[],"items_purged_floors":[],"is_endless":false,"potions_floor_spawned":[1,5,10],"killed_by":"Hexaghost","ascension_level":0}}