{"host":"q9718omregw4er46","time":1608671519,"event":{"mods":["BaseMod","Colored Powertips","Minty Spire (QoL Compilation)","Quick Restart","Relic Stats"],"gold_per_floor":[112,112,131,142,161,161,193,204,278,288,316,341,341,353,353,428,428,440,454,474,118,118,118,143,160,206,224,224,251,277,304,304,378,378,417,464,484,484,434,434,464,464],"floor_reached":41,"playtime":2146,"items_purged":["Halt","Pray"],"score":1236,"play_id":"ec1b36b0-e765-4652-9485-e92ea0777d31","local_time":"20201223021159","is_ascension_mode":true,"campfire_choices":[{"data":"SandsOfTime","floor":6.0,"key":"SMITH"},{"floor":15.0,"key":"REST"},{"data":"Blasphemy","floor":23.0,"key":"SMITH"},{"floor":28.0,"key":"REST"},{"floor":32.0,"key":"REST"},{"data":"Wish","floor":40,"key":"SMITH"}],"circlet_count":0,"master_deck":["AscendersBane","Eruption","Vigilance","Worship","Sanctity","Meditate","SandsOfTime+1","EmptyMind","Alpha","Blasphemy+1","ReachHeaven","ConjureBlade","DeceiveReality","Vengeance","EmptyFist","MasterReality","Sanctity","Protect","Ragnarok","Swivel","MentalFortress","ThirdEye","MentalFortress","Omniscience","Wish+1"],"relics":["Snecko Eye","WingedGreaves","Calipers","Happy Flower","Pandora\u0027s Box","OrangePellets","Smiling Mask","Oddly Smooth Stone","PreservedInsect","Thread and Needle","MealTicket","VioletLotus","Boot"],"acts_visited":["Exordium","TheCity","TheBeyond"],"potions_floor_usage":[41,41,41,41],"damage_taken":[{"damage":2.0,"enemies":"Jaw Worm","floor":1.0,"turns":4.0},{"damage":0.0,"enemies":"Small Slimes","floor":3.0,"turns":2.0},{"damage":0.0,"enemies":"Cultist","floor":4.0,"turns":3.0},{"damage":0.0,"enemies":"Exordium Thugs","floor":5.0,"turns":4.0},{"damage":12.0,"enemies":"3 Sentries","floor":7.0,"turns":7.0},{"damage":0.0,"enemies":"Looter","floor":8.0,"turns":1.0},{"damage":0.0,"enemies":"Red Slaver","floor":10.0,"turns":2.0},{"damage":0.0,"enemies":"Gremlin Nob","floor":11.0,"turns":2.0},{"damage":9.0,"enemies":"3 Sentries","floor":12.0,"turns":5.0},{"damage":7.0,"enemies":"Exordium Thugs","floor":14.0,"turns":3.0},{"damage":10.0,"enemies":"Hexaghost","floor":16.0,"turns":7.0},{"damage":0.0,"enemies":"Spheric Guardian","floor":18.0,"turns":3.0},{"damage":22.0,"enemies":"2 Thieves","floor":19.0,"turns":4.0},{"damage":9.0,"enemies":"Centurion and Healer","floor":20.0,"turns":3.0},{"damage":16.0,"enemies":"Slavers","floor":24.0,"turns":3.0},{"damage":1.0,"enemies":"Chosen and Byrds","floor":25.0,"turns":7.0},{"damage":4.0,"enemies":"Snake Plant","floor":27.0,"turns":4.0},{"damage":16.0,"enemies":"Gremlin Leader","floor":29.0,"turns":4.0},{"damage":14.0,"enemies":"Slavers","floor":30.0,"turns":6.0},{"damage":0.0,"enemies":"Gremlin Leader","floor":31.0,"turns":4.0},{"damage":0.0,"enemies":"Collector","floor":33.0,"turns":5.0},{"damage":20.0,"enemies":"3 Darklings","floor":35.0,"turns":5.0},{"damage":0.0,"enemies":"Orb Walker","floor":37.0,"turns":3.0},{"damage":111,"enemies":"Reptomancer","floor":41,"turns":4}],"seed_played":"142758058517177121","potions_obtained":[{"floor":1.0,"key":"Swift Potion"},{"floor":7.0,"key":"BottledMiracle"},{"floor":11.0,"key":"LiquidMemories"},{"floor":12.0,"key":"ColorlessPotion"},{"floor":20.0,"key":"LiquidBronze"},{"floor":25.0,"key":"GamblersBrew"},{"floor":29.0,"key":"Ancient Potion"},{"floor":30.0,"key":"EntropicBrew"}],"is_trial":true,"path_per_floor":["M","?","M","M","M","R","E","M","T","M","E","E","?","M","R","B",null,"M","M","M","$","?","R","E","M","T","M","R","E","E","E","R","B",null,"M","T","M","?","$","R","E"],"character_chosen":"WATCHER","items_purchased":["Swivel","OrangePellets","MentalFortress"],"campfire_rested":3,"item_purchase_floors":[21,21,21],"current_hp_per_floor":[59,39,39,39,39,39,27,27,27,27,27,18,23,16,37,27,62,62,40,31,31,31,31,15,14,14,10,31,15,1,1,22,22,60,40,40,40,40,55,55,0,0],"gold":464,"neow_bonus":"","is_daily":false,"chose_seed":false,"campfire_upgraded":3,"win_rate":0.0,"timestamp":1608671519,"path_taken":["M","?","M","M","M","R","E","M","T","M","E","E","?","M","R","BOSS","M","M","M","$","?","R","E","M","T","M","R","E","E","E","R","BOSS","M","?","M","?","$","R","E"],"items_purchased_type":["Card","Relic","Card"],"build_version":"2020-12-13","purchased_purges":2,"victory":false,"max_hp_per_floor":[68,68,68,68,68,68,68,68,68,68,68,68,73,73,73,73,73,73,73,73,73,73,73,73,73,73,73,73,73,73,73,73,73,73,73,73,73,69,69,69,69,69],"relic_stats":{"OrangePellets":[10],"Happy Flower":[21],"counters":[24,95],"Snecko Eye":[153,138,110,118],"Pandora\u0027s Box":["DeceiveReality","Pray","Vengeance","EmptyFist","MasterReality","FlurryOfBlows","Sanctity","Halt"],"MealTicket":15,"PreservedInsect":152,"VioletLotus":[3],"Smiling Mask":50,"Boot":[0],"obtain_stats":[{"Calipers":11,"Happy Flower":12,"Oddly Smooth Stone":26,"Thread and Needle":30,"PreservedInsect":29,"Smiling Mask":24,"Boot":36,"OrangePellets":21,"Snecko Eye":0,"Pandora\u0027s Box":17,"MealTicket":31,"WingedGreaves":7,"VioletLotus":34},{"Calipers":8,"Happy Flower":9,"Oddly Smooth Stone":16,"Thread and Needle":19,"PreservedInsect":18,"Smiling Mask":15,"Boot":22,"OrangePellets":14,"Snecko Eye":0,"Pandora\u0027s Box":11,"MealTicket":20,"WingedGreaves":5,"VioletLotus":21},{"Calipers":25,"Happy Flower":30,"Oddly Smooth Stone":60,"Thread and Needle":74,"PreservedInsect":68,"Smiling Mask":53,"Boot":88,"OrangePellets":50,"Snecko Eye":0,"Pandora\u0027s Box":40,"MealTicket":78,"WingedGreaves":20,"VioletLotus":83}]},"card_choices":[{"not_picked":["EmptyFist","JustLucky"],"picked":"Worship","floor":1.0},{"not_picked":["InnerPeace","Crescendo"],"picked":"Sanctity","floor":3.0},{"not_picked":["Consecrate","PathToVictory"],"picked":"Meditate","floor":4.0},{"not_picked":["JustLucky","ThirdEye"],"picked":"SandsOfTime","floor":5.0},{"not_picked":["CrushJoints","Halt","Crescendo"],"picked":"SKIP","floor":7.0},{"not_picked":["Halt","CrushJoints","BowlingBash"],"picked":"SKIP","floor":8.0},{"not_picked":["Weave","EmptyBody"],"picked":"EmptyMind","floor":10.0},{"not_picked":["Pray","BowlingBash"],"picked":"Alpha","floor":11.0},{"not_picked":["FlyingSleeves","Evaluate"],"picked":"Blasphemy","floor":12.0},{"not_picked":["SignatureMove","Protect"],"picked":"ReachHeaven","floor":14.0},{"not_picked":["Establishment","Alpha"],"picked":"ConjureBlade","floor":16.0},{"not_picked":["FollowUp","DeceiveReality","Protect"],"picked":"SKIP","floor":18.0},{"not_picked":["FollowUp","DeceiveReality"],"picked":"Protect","floor":18.0},{"not_picked":["Prostrate","BowlingBash+1","JustLucky"],"picked":"SKIP","floor":19.0},{"not_picked":["SandsOfTime","CutThroughFate"],"picked":"Ragnarok","floor":20.0},{"not_picked":["EmptyFist","Crescendo"],"picked":"MentalFortress","floor":24.0},{"not_picked":["EmptyFist","Protect","Evaluate"],"picked":"SKIP","floor":25.0},{"not_picked":["CarveReality","Perseverance","Crescendo"],"picked":"SKIP","floor":27.0},{"not_picked":["Protect","Crescendo","Indignation"],"picked":"SKIP","floor":29.0},{"not_picked":["WindmillStrike","ClearTheMind+1","EmptyFist+1"],"picked":"SKIP","floor":30.0},{"not_picked":["Pray","Crescendo"],"picked":"Omniscience","floor":31.0},{"not_picked":["Establishment","Scrawl"],"picked":"Wish","floor":33.0},{"not_picked":["Protect","Crescendo","Consecrate"],"picked":"SKIP","floor":35.0},{"not_picked":["BowlingBash","Conclude","DeusExMachina"],"picked":"SKIP","floor":37}],"player_experience":1092312,"relics_obtained":[{"floor":7.0,"key":"WingedGreaves"},{"floor":11.0,"key":"Calipers"},{"floor":12.0,"key":"Happy Flower"},{"floor":24.0,"key":"Smiling Mask"},{"floor":26.0,"key":"Oddly Smooth Stone"},{"floor":29.0,"key":"PreservedInsect"},{"floor":30.0,"key":"Thread and Needle"},{"floor":31.0,"key":"MealTicket"},{"floor":36.0,"key":"Boot"}],"event_choices":[{"damage_healed":0.0,"max_hp_gain":0.0,"max_hp_loss":0.0,"gold_gain":0.0,"event_name":"Shining Light","player_choice":"Entered Light","floor":2.0,"gold_loss":0.0,"damage_taken":20.0,"cards_upgraded":["Defend_P","Defend_P"]},{"damage_healed":0.0,"max_hp_gain":5.0,"max_hp_loss":0.0,"gold_gain":0.0,"event_name":"Big Fish","player_choice":"Donut","floor":13.0,"gold_loss":0.0,"damage_taken":0.0},{"damage_healed":0.0,"max_hp_gain":0.0,"max_hp_loss":0.0,"gold_gain":0.0,"cards_transformed":["FlurryOfBlows"],"event_name":"Transmorgrifier","player_choice":"Transformed","floor":22.0,"gold_loss":0.0,"damage_taken":0.0,"cards_obtained":["ThirdEye"]},{"damage_healed":0,"gold_gain":0,"player_choice":"Max HP","damage_taken":0,"max_hp_gain":0,"max_hp_loss":4,"event_name":"Winding Halls","floor":38,"gold_loss":0}],"is_beta":false,"boss_relics":[{"not_picked":["Velvet Choker","Fusion Hammer"],"picked":"Pandora\u0027s Box"},{"not_picked":["SlaversCollar","Empty Cage"],"picked":"VioletLotus"}],"items_purged_floors":[21,39],"is_endless":false,"potions_floor_spawned":[1,7,10,11,12,16,20,25,29,30,31,33,35],"killed_by":"Reptomancer","ascension_level":20}}