{"host":"hgppx942rrnelsya","time":1608607740,"event":{"mods":["Act Like it!","BaseMod","Friendly Minions","Gensokyo","GifTheSpireLib","Hallownest","KinomotoSakuraMod(????)","Koishi","Marisa????????","Minty Spire (QoL Compilation)","Prisma Mod","Remilia??????","StSLib","The Alterego","The Animator","The Forsaken","The Hierophant","The Mystic","The Runesmith","The Servant 0.9.4"],"gold_per_floor":[114,114,32,45,58,58,76,76,102,102,122,133,146,120,120,215,215,215,39,39,39,39,39,39,39,39,597,609,94,110,121,121,221,271,289,303,317,317,27,2,2,2,2,2,28,39,39,39,39],"floor_reached":48,"playtime":3387,"items_purged":[],"score":554,"play_id":"d2a22477-459e-4b2a-b0a5-de124eeff372","local_time":"20201222032900","is_ascension_mode":false,"campfire_choices":[{"data":"Runesmith:BackupBattery","floor":6,"key":"SMITH"},{"data":"Runesmith:BackupBattery+1","floor":8,"key":"SMITH"},{"floor":15,"key":"REST"},{"data":"Runesmith:BackupBattery","floor":23,"key":"SMITH"},{"floor":32,"key":"REST"},{"data":"Runesmith:BackupBattery+1","floor":41,"key":"SMITH"},{"data":"Runesmith:CraftProtectio","floor":44,"key":"SMITH"}],"circlet_count":0,"master_deck":["Runesmith:Strike_RS+1","Runesmith:Strike_RS","Runesmith:Strike_RS","Runesmith:Strike_RS","Runesmith:Defend_RS","Runesmith:Defend_RS","Runesmith:Defend_RS","Runesmith:Defend_RS","Runesmith:CraftFirestone","Runesmith:Fortify","Runesmith:StaticCage","Runesmith:UnstableHammer+1","Runesmith:Duplicate","Runesmith:BackupBattery+2","Runesmith:CraftSpiculum","Runesmith:EarthShield","Runesmith:WhiteBalance","Runesmith:CraftProtectio+1","Runesmith:HammerThrow","Runesmith:GrandSlam","Runesmith:BackupBattery+2","Apotheosis","Runesmith:Superposition+1","Runesmith:DoubleUp+1","Bandage Up","Chrysalis","Runesmith:RunicBlueprint","Runesmith:HeatedChisel+1","Runesmith:ReplicatingBarrier","Runesmith:EnergizedChisel+1","Runesmith:StaticCage+1","Runesmith:CraftMagma+1","Runesmith:RuneHurl","Runesmith:RunicBlueprint+1","Runesmith:ChiselStab+1"],"relics":["Runesmith:BrokenRuby","MealTicket","Hallownest:DreamNailRelic","MawBank","theForsaken:Lifeblossom","Eternal Feather","Tiny House","Lee\u0027s Waffle","Mummified Hand","Potion Belt"],"acts_visited":["Hallownest:Greenpath","Hallownest:CityofTears","Hallownest:KingdomsEdge"],"potions_floor_usage":[7,16,25,33,33,35,36,40,45,48],"damage_taken":[{"damage":13,"enemies":"Hallownest:2_Tiktiks_and_1_Crawlid","floor":1,"turns":5},{"damage":5,"enemies":"Hallownest:2_Baldur","floor":4,"turns":3},{"damage":0,"enemies":"Hallownest:monsterHuskGuard","floor":5,"turns":4},{"damage":18,"enemies":"Hallownest:1_Ooma_and_2_Uuma","floor":7,"turns":6},{"damage":8,"enemies":"Hallownest:MossCreep_and_Mosskin","floor":11,"turns":7},{"damage":7,"enemies":"Hallownest:monsterMossCharger","floor":12,"turns":3},{"damage":12,"enemies":"Hallownest:Wandering_and_Horned","floor":13,"turns":5},{"damage":39,"enemies":"Hallownest:BossHornet","floor":16,"turns":20},{"damage":38,"enemies":"Hallownest:3_Youths","floor":18,"turns":8},{"damage":19,"enemies":"Hallownest:Guard_and_Sentry","floor":22,"turns":5},{"damage":12,"enemies":"Hallownest:monsterMisterMushroom","floor":24,"turns":7},{"damage":30,"enemies":"Hallownest:3_Mistakes","floor":25,"turns":8},{"damage":25,"enemies":"Hallownest:monsterShrumalOgre","floor":30,"turns":7},{"damage":31,"enemies":"Hallownest:Warrior_and_Youth","floor":31,"turns":8},{"damage":16,"enemies":"Hallownest:BossSoulMaster","floor":33,"turns":20},{"damage":60,"enemies":"Hallownest:3_Siblings","floor":35,"turns":14},{"damage":21,"enemies":"Hallownest:Shield_Heavy","floor":36,"turns":8},{"damage":17,"enemies":"Hallownest:Shield_Sturdy","floor":37,"turns":11},{"damage":55,"enemies":"Hallownest:StalkingDevout","floor":45,"turns":14},{"damage":17,"enemies":"Hallownest:2_Wing_and_1_Kings","floor":46,"turns":16},{"damage":46,"enemies":"Hallownest:eliteHiveKnight","floor":48,"turns":14}],"seed_played":"3770159774818946856","potions_obtained":[{"floor":4,"key":"LiquidMemories"},{"floor":7,"key":"Swift Potion"},{"floor":11,"key":"AttackPotion"},{"floor":16,"key":"FairyPotion"},{"floor":18,"key":"FearPotion"},{"floor":24,"key":"SkillPotion"},{"floor":31,"key":"Energy Potion"},{"floor":33,"key":"Ancient Potion"},{"floor":34,"key":"CultistPotion"},{"floor":46,"key":"FearPotion"}],"is_trial":false,"path_per_floor":["M","?","$","M","M","R","M","R","T","?","M","M","M","$","R","B",null,"M","$","?","?","M","R","M","M","T","?","?","$","M","M","R","B",null,"M","M","M","?","$","?","R","$","T","R","E","M","?","E"],"character_chosen":"RUNESMITH_CLASS","items_purchased":["Runesmith:Duplicate","Runesmith:HammerThrow","Apotheosis","Bandage Up","Eternal Feather","Chrysalis","Fruit Juice","Dexterity Potion","Lee\u0027s Waffle"],"campfire_rested":2,"item_purchase_floors":[3,14,19,29,29,29,39,39,39],"current_hp_per_floor":[57,57,57,52,52,52,34,34,34,34,26,19,7,22,43,4,70,32,47,70,70,51,51,39,9,9,9,9,24,11,20,56,50,75,24,15,10,10,82,87,87,87,87,87,36,31,31,0,0],"gold":39,"neow_bonus":"THREE_CARDS","is_daily":false,"chose_seed":false,"campfire_upgraded":5,"win_rate":0.0,"timestamp":1608607740,"path_taken":["M","?","$","M","M","R","M","R","T","?","M","?","M","$","R","BOSS","M","$","?","?","M","R","M","M","T","?","?","$","M","M","R","BOSS","M","M","M","?","?","?","R","$","T","R","E","?","?","E"],"items_purchased_type":["Card","Card","Card","Card","Relic","Card","Potion","Potion","Relic"],"build_version":"2020-12-13","purchased_purges":0,"victory":false,"max_hp_per_floor":[70,70,70,70,70,70,70,70,70,70,70,70,70,70,70,70,70,70,70,70,70,70,70,70,70,70,70,70,70,70,70,70,70,75,75,75,75,75,82,87,87,87,87,87,87,87,87,87,87],"card_choices":[{"not_picked":["Runesmith:ChiselStab","Runesmith:ShiftingStrike"],"picked":"Runesmith:StaticCage","floor":0},{"not_picked":["Runesmith:HammerAndChisel","Runesmith:HeatedChisel"],"picked":"Runesmith:UnstableHammer","floor":1},{"not_picked":["Runesmith:Overpower","Runesmith:WhiteBalance"],"picked":"Runesmith:BackupBattery","floor":4},{"not_picked":["Runesmith:RuneHurl","Runesmith:CraftObretio"],"picked":"Runesmith:CraftSpiculum","floor":5},{"not_picked":["Runesmith:UnstableHammer","Runesmith:WhiteBalance"],"picked":"Runesmith:EarthShield","floor":7},{"not_picked":["Runesmith:Electrocute","Runesmith:DuctTape"],"picked":"Runesmith:WhiteBalance","floor":11},{"not_picked":["Runesmith:UnstableHammer","Runesmith:NegativeSpace"],"picked":"Runesmith:Attraction","floor":12},{"not_picked":["Runesmith:NegativeSpace","Runesmith:RuneHurl"],"picked":"Runesmith:CraftProtectio","floor":13},{"not_picked":["Runesmith:MetallurgicalResearch","Runesmith:CreatorForm"],"picked":"Runesmith:GrandSlam","floor":16},{"not_picked":["Runesmith:MakeshiftArmor","Runesmith:CraftIncendium+1"],"picked":"Runesmith:BackupBattery","floor":18},{"not_picked":["Runesmith:Malloc","Runesmith:MakeshiftArmor","Runesmith:Overpower"],"picked":"SKIP","floor":22},{"not_picked":["Runesmith:LithiumIon","Runesmith:FieryHammer+1"],"picked":"Runesmith:Superposition+1","floor":24},{"not_picked":["Runesmith:HeatExchange","Runesmith:HammerThrow"],"picked":"Runesmith:DoubleUp+1","floor":25},{"not_picked":["Runesmith:Overpower","Runesmith:GoWithTheFlow"],"picked":"Runesmith:RunicBlueprint","floor":30},{"not_picked":["Runesmith:UnstableHammer+1","Runesmith:MakeshiftArmor"],"picked":"Runesmith:HeatedChisel","floor":31},{"not_picked":["Runesmith:MetallurgicalResearch","Runesmith:CraftIndustria"],"picked":"Runesmith:ReplicatingBarrier","floor":33},{"not_picked":["Runesmith:HammerThrow","Runesmith:ChiselStab"],"picked":"Runesmith:EnergizedChisel+1","floor":34},{"not_picked":["Runesmith:Repurpose+1","Runesmith:Retool+1"],"picked":"Runesmith:StaticCage+1","floor":35},{"not_picked":["Runesmith:FrozenChisel+1","Runesmith:CraftObretio"],"picked":"Runesmith:CraftMagma+1","floor":36},{"not_picked":["Runesmith:CraftProtectio","Runesmith:MakeshiftArmor+1"],"picked":"Runesmith:RuneHurl","floor":37},{"not_picked":["Runesmith:RuneHurl+1","Runesmith:ChiselStab+1"],"picked":"Runesmith:RunicBlueprint+1","floor":45},{"not_picked":["Runesmith:Permafrost","Runesmith:Retool"],"picked":"Runesmith:ChiselStab+1","floor":46}],"player_experience":34854,"relics_obtained":[{"floor":9,"key":"MealTicket"},{"floor":26,"key":"MawBank"},{"floor":43,"key":"Mummified Hand"},{"floor":45,"key":"Potion Belt"}],"event_choices":[],"is_beta":false,"boss_relics":[{"not_picked":["Cursed Key","Runesmith:PocketReactor"],"picked":"Ectoplasm"},{"not_picked":["Runesmith:CoreCrystal","Snecko Eye"],"picked":"Tiny House"}],"items_purged_floors":[],"is_endless":false,"potions_floor_spawned":[4,7,11,16,18,24,31,33,35,46],"killed_by":"Hallownest:eliteHiveKnight","ascension_level":0}}