{"host":"jmrtcms4w8pdo4je","time":1608609418,"event":{"mods":["AchievementEnabler","BaseMod","Colored Powertips","Gremlin Mod","Infinite Spire","Minty Spire (QoL Compilation)","Replay The Spire","StSLib","The Forsaken","The Hierophant","The Necromancer"],"gold_per_floor":[214,225,73,90,108,108,136,136,136,146,146,174,187,207,207,304,304,317,92,191,209,209,209,209,209,209,232,276,288,319,331,343,371,383,395,395],"floor_reached":35,"playtime":1071,"items_purged":[],"score":289,"play_id":"eff5623d-48ad-4f71-a85f-6d46c5409738","local_time":"20201221215658","is_ascension_mode":false,"campfire_choices":[{"data":"Bone_Wall","floor":6,"key":"SMITH"},{"data":"Spectral_Armor","floor":8,"key":"SMITH"},{"data":"Negative_Energy_Arrows","floor":11,"key":"SMITH"},{"data":"Life_Drain","floor":15,"key":"SMITH"},{"data":"Summon_Undead_Army","floor":23,"key":"SMITH"},{"data":"Bone_Armor","floor":25,"key":"SMITH"},{"floor":29,"key":"REST"},{"floor":34,"key":"REST"}],"circlet_count":0,"master_deck":["Strike_W","Strike_W","Defend_W","Defend_W","Defend_W","Negative_Energy_Arrows+1","Bone_Wall+1","Summon_Undead_Army+1","Summon_Lich+1","Life_Drain+1","Spectral_Armor+1","Skeleton_Dragon","Thousand_Bone_Knives+1","Negative_Energy_Sphere+1","Shade_Step+1","Bone_Armor+1","Summon_Undead_Army+1"],"relics":["Vampire_Amulet","Guide Book","Shuriken","Letter Opener","Kunai","Astrolabe","Happy Flower","MawBank","Ornamental Fan"],"acts_visited":["Exordium","TheCity"],"potions_floor_usage":[12,12,16,21,28,28,28,35],"damage_taken":[{"damage":0,"enemies":"Cultist","floor":1,"turns":4},{"damage":3,"enemies":"Jaw Worm","floor":2,"turns":4},{"damage":1,"enemies":"2 Louse","floor":4,"turns":2},{"damage":8,"enemies":"2 Fungi Beasts","floor":5,"turns":4},{"damage":6,"enemies":"Gremlin Nob","floor":7,"turns":4},{"damage":8,"enemies":"Red Slaver","floor":10,"turns":3},{"damage":20,"enemies":"Lagavulin","floor":12,"turns":5},{"damage":10,"enemies":"Large Slime","floor":13,"turns":4},{"damage":8,"enemies":"2 Fungi Beasts","floor":14,"turns":4},{"damage":47,"enemies":"Hexaghost","floor":16,"turns":12},{"damage":0,"enemies":"Chosen","floor":18,"turns":4},{"damage":12,"enemies":"Spheric Guardian","floor":21,"turns":2},{"damage":7,"enemies":"Snecko","floor":27,"turns":4},{"damage":33,"enemies":"Replay:Snechameleon","floor":28,"turns":5},{"damage":43,"enemies":"Shelled Parasite and Fungi","floor":30,"turns":5},{"damage":21,"enemies":"Snake Plant","floor":33,"turns":4},{"damage":70,"enemies":"Collector","floor":35,"turns":8}],"seed_played":"7062235252144639075","potions_obtained":[{"floor":2,"key":"ColorlessPotion"},{"floor":7,"key":"Reflective Coating"},{"floor":12,"key":"Fire Potion"},{"floor":13,"key":"Death Potion"},{"floor":14,"key":"Elixir"},{"floor":21,"key":"ColorlessPotion"},{"floor":27,"key":"Energy Potion"},{"floor":33,"key":"LifebloodPotion"}],"is_trial":false,"path_per_floor":["M","M","$","M","M","R","E","R","T","M","R","E","M","M","R","B",null,"M","$","?","M","?","R","?","R","T","M","E","R","M","PTL","PTL","M","R","B"],"character_chosen":"NECROMANCER","items_purchased":["Guide Book","Summon_Undead_Army","Happy Flower"],"campfire_rested":2,"item_purchase_floors":[3,19,19],"current_hp_per_floor":[75,74,74,75,69,69,75,75,75,75,75,57,57,63,63,30,75,75,75,75,65,51,51,56,56,56,51,26,50,21,21,21,12,36,0,0],"gold":395,"neow_bonus":"HUNDRED_GOLD","is_daily":false,"chose_seed":false,"campfire_upgraded":6,"win_rate":0.0,"timestamp":1608609418,"path_taken":["M","M","$","?","M","R","E","R","T","M","R","E","M","?","R","BOSS","M","$","?","M","?","R","?","R","T","?","E","R","M","PTL","PTL","M","R","BOSS"],"items_purchased_type":["Relic","Card","Relic"],"build_version":"2020-12-13","purchased_purges":0,"victory":false,"max_hp_per_floor":[75,75,75,75,75,75,75,75,75,75,75,75,75,75,75,75,75,75,75,75,75,80,80,80,80,80,80,80,80,80,80,80,80,80,80,80],"card_choices":[{"not_picked":["Bones_to_Steel","Death_Coil"],"picked":"Summon_Undead_Army","floor":1},{"not_picked":["Blood_Is_Power","Vampiric_Strike"],"picked":"Summon_Lich","floor":2},{"not_picked":["Siphon_Strength","Negative_Energy_Mist"],"picked":"Life_Drain","floor":4},{"not_picked":["Shackles_Of_Pain","Acid_Javelin","Thousand_Bone_Knives"],"picked":"SKIP","floor":5},{"not_picked":["Vampiric_Strike","Shade_Step"],"picked":"Spectral_Armor","floor":7},{"not_picked":["Shackles_Of_Pain","Vampiric_Strike","Blood_Curse"],"picked":"SKIP","floor":10},{"not_picked":["Uncharnel","Hellfire","Toxic_Smoke_Screen"],"picked":"SKIP","floor":12},{"not_picked":["Negative_Energy_Javelin","Blood_Curse","Life_Drain"],"picked":"SKIP","floor":13},{"not_picked":["Corrupt","Life_Tap","Bones_to_Steel"],"picked":"SKIP","floor":14},{"not_picked":["Cloudkill","Blood_Wake"],"picked":"Skeleton_Dragon","floor":16},{"not_picked":["Scare","Death_March_Dance+1"],"picked":"Bone_Armor","floor":18},{"not_picked":["Bones_to_Steel+1","Bone_Armor"],"picked":"Toxic_Smoke_Screen","floor":21},{"not_picked":["Cloudkill","Stop_Heart","Death_Coil"],"picked":"SKIP","floor":27},{"not_picked":["Whirlwind_of_Bones+1","Negative_Energy_Javelin","Bone_Bullets+1"],"picked":"SKIP","floor":28},{"not_picked":["Negative_Energy_Sphere","Plague_Bolt+1","Siphon_Strength"],"picked":"SKIP","floor":30},{"not_picked":["Bone_Bullets","Epidemic","Violent_Necrosis+1"],"picked":"SKIP","floor":33}],"player_experience":15753,"relics_obtained":[{"floor":7,"key":"Shuriken"},{"floor":9,"key":"Letter Opener"},{"floor":12,"key":"Kunai"},{"floor":26,"key":"MawBank"},{"floor":28,"key":"Ornamental Fan"}],"event_choices":[{"damage_healed":0,"gold_gain":99,"player_choice":"Stole From Cult","damage_taken":0,"max_hp_gain":0,"max_hp_loss":0,"event_name":"Nest","floor":20,"gold_loss":0},{"damage_healed":0,"gold_gain":0,"player_choice":"Shed Blood","damage_taken":19,"max_hp_gain":5,"max_hp_loss":0,"event_name":"Forgotten Altar","floor":22,"gold_loss":0},{"cards_removed":["Toxic_Smoke_Screen"],"damage_healed":5,"gold_gain":0,"player_choice":"Offered Common","damage_taken":0,"max_hp_gain":0,"max_hp_loss":0,"event_name":"Bonfire Elementals","floor":24,"gold_loss":0},{"cards_removed":["Toxic_Smoke_Screen"],"damage_healed":5,"gold_gain":0,"player_choice":"Offered Special","damage_taken":0,"max_hp_gain":0,"max_hp_loss":0,"event_name":"Bonfire Elementals","floor":24,"gold_loss":0}],"is_beta":false,"boss_relics":[{"not_picked":["Replay:Drink Me","Sozu"],"picked":"Astrolabe"}],"items_purged_floors":[],"is_endless":false,"potions_floor_spawned":[2,7,12,13,14,21,27,33],"killed_by":"Collector","ascension_level":0}}