{"host":"5jn3rki867005t18","time":1608633204,"event":{"mods":["2.2 Compatiblity","AchievementEnabler","BaseMod","Colored Map","DeckTracker","Minty Spire (QoL Compilation)","Permanent Neow","Rare Cards Sparkle","StSLib","SuperFastMode"],"gold_per_floor":[118,118,133,148,323,323,339,359,359,434,447,447,192,202,202,304,304,319,334,259,278,278,278,292,202,202,202,202],"floor_reached":27,"playtime":1460,"items_purged":["Strike_G"],"score":207,"play_id":"14f57488-445c-46e1-baec-bc6f9e207074","local_time":"20201222193324","is_ascension_mode":false,"campfire_choices":[{"data":"Survivor","floor":6,"key":"SMITH"},{"floor":12,"key":"REST"},{"floor":15,"key":"REST"},{"floor":23,"key":"REST"}],"circlet_count":0,"master_deck":["Defend_G","Defend_G","Defend_G","Defend_G","Defend_G","Survivor+1","Neutralize","Finesse","Endless Agony","Prepared","Heel Hook","Doubt","All Out Attack","Backflip","Outmaneuver","Blade Dance","Noxious Fumes","Dash","Deadly Poison","Corpse Explosion","Deadly Poison","Slice+1","Heel Hook+1","Dagger Spray","Deadly Poison","Tools of the Trade"],"relics":["Ring of the Snake","Darkstone Periapt","Runic Pyramid","Boot"],"acts_visited":["Exordium","TheCity"],"potions_floor_usage":[14,16,16,27,27,27],"damage_taken":[{"damage":5,"enemies":"2 Louse","floor":1,"turns":3},{"damage":7,"enemies":"Cultist","floor":3,"turns":5},{"damage":0,"enemies":"Small Slimes","floor":4,"turns":3},{"damage":4,"enemies":"2 Fungi Beasts","floor":7,"turns":4},{"damage":6,"enemies":"Large Slime","floor":8,"turns":7},{"damage":11,"enemies":"Exordium Thugs","floor":11,"turns":5},{"damage":18,"enemies":"Exordium Wildlife","floor":14,"turns":5},{"damage":13,"enemies":"Slime Boss","floor":16,"turns":10},{"damage":18,"enemies":"Shell Parasite","floor":18,"turns":6},{"damage":27,"enemies":"Spheric Guardian","floor":19,"turns":6},{"damage":20,"enemies":"Shelled Parasite and Fungi","floor":21,"turns":4},{"damage":20,"enemies":"Centurion and Healer","floor":24,"turns":5},{"damage":7,"enemies":"Snecko","floor":27,"turns":4}],"seed_played":"6540694752766416587","potions_obtained":[{"floor":7,"key":"EssenceOfSteel"},{"floor":8,"key":"CultistPotion"},{"floor":11,"key":"Energy Potion"},{"floor":14,"key":"SteroidPotion"},{"floor":19,"key":"Energy Potion"},{"floor":21,"key":"SkillPotion"}],"is_trial":false,"path_per_floor":["M","?","M","M","?","R","M","M","T","?","M","R","$","M","R","B",null,"M","M","?","M","?","R","M","?","T","M"],"character_chosen":"THE_SILENT","items_purchased":["Blade Dance","Noxious Fumes","Dash"],"campfire_rested":3,"item_purchase_floors":[13,13,13],"current_hp_per_floor":[65,58,51,51,51,51,47,41,41,30,19,40,40,22,43,30,70,52,25,25,5,5,26,6,6,6,0,0],"gold":202,"neow_bonus":"RANDOM_COLORLESS","is_daily":false,"chose_seed":false,"campfire_upgraded":1,"win_rate":0.0,"timestamp":1608633204,"path_taken":["M","?","M","?","?","R","M","M","T","?","M","R","$","M","R","BOSS","M","M","?","M","?","R","?","?","T","M"],"items_purchased_type":["Card","Card","Card"],"build_version":"2020-12-13","purchased_purges":1,"victory":false,"max_hp_per_floor":[70,70,70,70,70,70,70,70,70,70,70,70,70,70,70,70,70,70,70,70,70,70,70,70,70,70,70,70],"card_choices":[{"not_picked":["Trip","Madness"],"picked":"Finesse","floor":0},{"not_picked":["Deflect","Reflex"],"picked":"Endless Agony","floor":1},{"not_picked":["Skewer","Sucker Punch"],"picked":"Prepared","floor":3},{"not_picked":["Distraction","Tactician"],"picked":"Heel Hook","floor":4},{"not_picked":["PiercingWail","Dodge and Roll"],"picked":"All Out Attack","floor":7},{"not_picked":["Slice","Deflect"],"picked":"Backflip","floor":8},{"not_picked":["All Out Attack","Acrobatics"],"picked":"Outmaneuver","floor":11},{"not_picked":["Deflect","PiercingWail"],"picked":"Deadly Poison","floor":14},{"not_picked":["After Image","Envenom"],"picked":"Corpse Explosion","floor":16},{"not_picked":["Acrobatics","Slice+1"],"picked":"Deadly Poison","floor":18},{"not_picked":["Backflip","Skewer"],"picked":"Slice","floor":19},{"not_picked":["Infinite Blades","Blade Dance+1"],"picked":"Heel Hook+1","floor":21},{"not_picked":["Caltrops","Sucker Punch"],"picked":"Tools of the Trade","floor":24}],"player_experience":58282,"relics_obtained":[{"floor":9,"key":"Darkstone Periapt"},{"floor":26,"key":"Boot"}],"event_choices":[{"damage_healed":0,"gold_gain":0,"player_choice":"Damaged","damage_taken":7,"max_hp_gain":0,"max_hp_loss":0,"event_name":"Wheel of Change","floor":2,"gold_loss":0},{"damage_healed":0,"gold_gain":175,"player_choice":"AGREE","damage_taken":0,"max_hp_gain":0,"max_hp_loss":0,"event_name":"Liars Game","floor":5,"gold_loss":0,"cards_obtained":["Doubt"]},{"damage_healed":0,"gold_gain":75,"player_choice":"Gather Gold","damage_taken":11,"max_hp_gain":0,"max_hp_loss":0,"event_name":"World of Goop","floor":10,"gold_loss":0},{"cards_removed":["Strike_G"],"damage_healed":0,"gold_gain":0,"player_choice":"Gave Gold","damage_taken":0,"max_hp_gain":0,"max_hp_loss":0,"event_name":"Beggar","floor":20,"gold_loss":75},{"damage_healed":0,"gold_gain":0,"cards_transformed":["Strike_G","Strike_G"],"player_choice":"Became Test Subject","damage_taken":0,"max_hp_gain":0,"max_hp_loss":0,"event_name":"Drug Dealer","floor":22,"gold_loss":0,"cards_obtained":["Dagger Spray","Deadly Poison"]},{"cards_removed":["Strike_G"],"damage_healed":0,"gold_gain":0,"player_choice":"Upgrade and Remove","damage_taken":0,"max_hp_gain":0,"max_hp_loss":0,"event_name":"Designer","floor":25,"gold_loss":90,"cards_upgraded":["Slice"]}],"is_beta":false,"boss_relics":[{"not_picked":["Empty Cage","SacredBark"],"picked":"Runic Pyramid"}],"items_purged_floors":[13],"is_endless":false,"potions_floor_spawned":[7,8,11,14,19,21],"killed_by":"Snecko","ascension_level":0}}