{"host":"2n2g1vowfllvjtvi","time":1608635792,"event":{"mods":["AchievementEnabler","BaseMod","Custom Start","GifTheSpireLib","Keyboard Shortcuts","Minty Spire (QoL Compilation)","Quick Restart","Rare Cards Sparkle","StSLib","SuperFastMode"],"gold_per_floor":[12,12,12,12,25,25,40,72,118,136,163,232,82,82,82,159,159,178,34,54,67,15,15,46,62,62,62,91,104,115,135,135,206,206,220,67,0,0,14,14,41,41,65,100,117,117,117],"floor_reached":46,"playtime":1705,"items_purged":["Strike_B"],"score":1012,"play_id":"65d0a130-4611-4e76-a61c-dee023de9df3","local_time":"20201222201632","is_ascension_mode":true,"campfire_choices":[{"data":"Apotheosis","floor":6.0,"key":"SMITH"},{"data":"Self Repair","floor":15.0,"key":"SMITH"},{"floor":23.0,"key":"REST"},{"floor":32.0,"key":"REST"},{"floor":40,"key":"RECALL"}],"circlet_count":0,"master_deck":["AscendersBane","Defend_B","Defend_B","Defend_B","Defend_B","Zap","Dualcast","Apotheosis+1","Beam Cell","Conserve Battery","Coolheaded+1","Biased Cognition","White Noise","Cold Snap","Self Repair+1","Buffer","Darkness","Recycle","Leap","Redo","Meteor Strike","Hologram+1","Seek","Glacier","Machine Learning","Turbo"],"relics":["Cracked Core","Potion Belt","Dream Catcher","Vajra","Bronze Scales","White Beast Statue","Fusion Hammer","ClockworkSouvenir","Akabeko","Ice Cream","Empty Cage","Bag of Preparation","Red Mask","War Paint","PreservedInsect","Anchor"],"acts_visited":["Exordium","TheCity","TheBeyond"],"potions_floor_usage":[44,44,46,46],"damage_taken":[{"damage":0.0,"enemies":"Cultist","floor":1.0,"turns":3.0},{"damage":0.0,"enemies":"2 Louse","floor":5.0,"turns":2.0},{"damage":0.0,"enemies":"Small Slimes","floor":7.0,"turns":3.0},{"damage":5.0,"enemies":"Lagavulin","floor":8.0,"turns":7.0},{"damage":18.0,"enemies":"Gremlin Gang","floor":10.0,"turns":4.0},{"damage":22.0,"enemies":"Gremlin Nob","floor":11.0,"turns":4.0},{"damage":0.0,"enemies":"Hexaghost","floor":16.0,"turns":8.0},{"damage":0.0,"enemies":"3 Byrds","floor":18.0,"turns":3.0},{"damage":0.0,"enemies":"Shell Parasite","floor":20.0,"turns":5.0},{"damage":32.0,"enemies":"Snake Plant","floor":21.0,"turns":4.0},{"damage":7.0,"enemies":"Gremlin Leader","floor":24.0,"turns":5.0},{"damage":28.0,"enemies":"Centurion and Healer","floor":25.0,"turns":8.0},{"damage":28.0,"enemies":"Slavers","floor":28.0,"turns":6.0},{"damage":0.0,"enemies":"3 Cultists","floor":29.0,"turns":5.0},{"damage":0.0,"enemies":"Snecko","floor":30.0,"turns":5.0},{"damage":21.0,"enemies":"Sentry and Sphere","floor":31.0,"turns":5.0},{"damage":7.0,"enemies":"Automaton","floor":33.0,"turns":11.0},{"damage":44.0,"enemies":"3 Shapes","floor":35.0,"turns":8.0},{"damage":0.0,"enemies":"Orb Walker","floor":39.0,"turns":5.0},{"damage":6,"enemies":"Nemesis","floor":41,"turns":7},{"damage":18,"enemies":"Reptomancer","floor":44,"turns":9},{"damage":20,"enemies":"Writhing Mass","floor":45,"turns":8},{"damage":52,"enemies":"Giant Head","floor":46,"turns":10}],"seed_played":"2413320209907248039","potions_obtained":[{"floor":1.0,"key":"Regen Potion"},{"floor":5.0,"key":"LiquidBronze"},{"floor":10.0,"key":"Explosive Potion"},{"floor":11.0,"key":"FocusPotion"},{"floor":16.0,"key":"Regen Potion"},{"floor":18.0,"key":"Strength Potion"},{"floor":20.0,"key":"SteroidPotion"},{"floor":21.0,"key":"LiquidBronze"},{"floor":24.0,"key":"BlessingOfTheForge"},{"floor":25.0,"key":"FocusPotion"},{"floor":28.0,"key":"Energy Potion"},{"floor":29.0,"key":"Fruit Juice"},{"floor":30.0,"key":"Strength Potion"},{"floor":31.0,"key":"Regen Potion"},{"floor":33.0,"key":"Ancient Potion"},{"floor":35.0,"key":"Block Potion"},{"floor":39.0,"key":"LiquidBronze"},{"floor":44,"key":"Explosive Potion"},{"floor":45,"key":"Block Potion"}],"is_trial":false,"path_per_floor":["M","$","?","?","M","R","M","E","T","M","E","T","$","?","R","B",null,"M","$","M","M","$","R","E","M","T","$","E","M","M","M","R","B",null,"M","$","?","$","M","R","E","?","T","E","M","E"],"character_chosen":"DEFECT","items_purchased":["Self Repair","ClockworkSouvenir","Leap","Bag of Preparation"],"campfire_rested":2,"item_purchase_floors":[13,19,22,36],"current_hp_per_floor":[64,64,69,64,64,64,64,59,59,41,31,31,31,31,31,41,67,76,76,76,63,63,76,76,58,58,58,40,50,60,59,76,76,76,47,47,47,47,57,57,61,61,61,53,43,0,0],"gold":117,"neow_bonus":"RANDOM_COLORLESS_2","is_daily":false,"chose_seed":false,"campfire_upgraded":2,"win_rate":0.0,"timestamp":1608635792,"path_taken":["M","?","?","?","M","R","M","E","T","M","E","?","?","?","R","BOSS","M","$","M","M","$","R","E","M","T","$","E","?","M","M","R","BOSS","M","$","?","?","?","R","E","?","T","E","M","E"],"items_purchased_type":["Card","Relic","Card","Relic"],"build_version":"2020-12-13","purchased_purges":1,"victory":false,"max_hp_per_floor":[71,71,76,76,76,76,76,76,76,76,76,76,76,76,76,76,76,76,76,76,76,76,76,76,76,76,76,76,76,76,76,76,76,76,81,81,81,81,81,81,81,81,81,81,81,81,81],"card_choices":[{"not_picked":["Chrysalis","HandOfGreed"],"picked":"Apotheosis","floor":0.0},{"not_picked":["Aggregate","Hello World"],"picked":"Beam Cell","floor":1.0},{"not_picked":["Beam Cell","Stack"],"picked":"Conserve Battery","floor":5.0},{"not_picked":["Rebound","Sweeping Beam"],"picked":"Coolheaded","floor":7.0},{"not_picked":["Conserve Battery","Steam"],"picked":"Biased Cognition","floor":8.0},{"not_picked":["Rebound","Consume","White Noise"],"picked":"SKIP","floor":10.0},{"not_picked":["Rebound","Consume"],"picked":"White Noise","floor":10.0},{"not_picked":["Steam","Gash"],"picked":"Cold Snap","floor":11.0},{"not_picked":["Hyperbeam","Creative AI"],"picked":"Buffer","floor":16.0},{"not_picked":["Hologram","Beam Cell"],"picked":"Darkness","floor":18.0},{"not_picked":["Compile Driver","Steam Power"],"picked":"Recycle","floor":20.0},{"not_picked":["Steam","FTL","Stack"],"picked":"SKIP","floor":21.0},{"not_picked":["Gash+1","Leap"],"picked":"Redo","floor":23.0},{"not_picked":["Go for the Eyes","Rebound"],"picked":"Meteor Strike","floor":24.0},{"not_picked":["Beam Cell","Stack"],"picked":"Hologram","floor":25.0},{"not_picked":["Leap","Gash","Stack"],"picked":"SKIP","floor":28.0},{"not_picked":["Cold Snap+1","Rebound","Sunder"],"picked":"SKIP","floor":29.0},{"not_picked":["Chaos","Cold Snap"],"picked":"Seek","floor":30.0},{"not_picked":["Storm","Redo"],"picked":"Glacier","floor":31.0},{"not_picked":["Rainbow","Hyperbeam"],"picked":"Machine Learning","floor":33.0},{"not_picked":["Reprogram","Hologram","Ball Lightning"],"picked":"SKIP","floor":35.0},{"not_picked":["Ball Lightning","Compile Driver"],"picked":"Turbo","floor":39.0},{"not_picked":["Barrage","Genetic Algorithm","Self Repair"],"picked":"SKIP","floor":41},{"not_picked":["Hello World","Leap","Aggregate"],"picked":"SKIP","floor":44},{"not_picked":["Recycle","Stack","Go for the Eyes"],"picked":"SKIP","floor":45}],"player_experience":439927,"relics_obtained":[{"floor":8.0,"key":"Dream Catcher"},{"floor":9.0,"key":"Vajra"},{"floor":11.0,"key":"Bronze Scales"},{"floor":12.0,"key":"White Beast Statue"},{"floor":24.0,"key":"Akabeko"},{"floor":28.0,"key":"Ice Cream"},{"floor":41,"key":"War Paint"},{"floor":43,"key":"PreservedInsect"},{"floor":44,"key":"Anchor"}],"event_choices":[{"damage_healed":0.0,"max_hp_gain":5.0,"max_hp_loss":0.0,"gold_gain":0.0,"event_name":"Big Fish","player_choice":"Donut","floor":3.0,"gold_loss":0.0,"damage_taken":0.0},{"damage_healed":0.0,"max_hp_gain":0.0,"max_hp_loss":0.0,"gold_gain":0.0,"event_name":"Scrap Ooze","player_choice":"Success","floor":4.0,"gold_loss":0.0,"damage_taken":5.0,"relics_obtained":["Potion Belt"]},{"cards_removed":["Strike_B"],"damage_healed":0.0,"max_hp_gain":0.0,"max_hp_loss":0.0,"gold_gain":0.0,"event_name":"Bonfire Elementals","player_choice":"Offered Basic","floor":14.0,"gold_loss":0.0,"damage_taken":0.0},{"damage_healed":0.0,"max_hp_gain":0.0,"max_hp_loss":0.0,"gold_gain":0.0,"event_name":"Tomb of Lord Red Mask","player_choice":"Paid","floor":37.0,"gold_loss":67.0,"damage_taken":0.0,"relics_obtained":["Red Mask"]},{"damage_healed":0,"gold_gain":0,"player_choice":"Ignored","damage_taken":0,"max_hp_gain":0,"max_hp_loss":0,"event_name":"SecretPortal","floor":42,"gold_loss":0}],"is_beta":false,"boss_relics":[{"not_picked":["Tiny House","FrozenCore"],"picked":"Fusion Hammer"},{"not_picked":["Busted Crown","Pandora\u0027s Box"],"picked":"Empty Cage"}],"items_purged_floors":[13],"is_endless":false,"potions_floor_spawned":[1,5,10,11,16,18,20,21,24,25,28,29,30,31,33,35,39,41,44,45],"killed_by":"Giant Head","ascension_level":15}}