{"host":"cijhj3091wf4aho3","time":1608613186,"event":{"mods":["BaseMod","Colored Map","Colored Powertips","Downfall","Friendly Minions","GifTheSpireLib","Highlight Path","Minty Spire (QoL Compilation)","Permanent Neow","Random Character Button","Relic Sorter","Relic Stats","StSLib","everything is the same but u backflip on backflip","slay the spire mod where everything is the same but ironclad has a cowboy hat"],"gold_per_floor":[99,115,131,141,141,66,147,147,5,105,105,118,151,174,184,287,287,212,223,223,6,22,55,55,80,80,80,268,287,301,333,351,454,454,379,392,409,422,422,452,477,489,489,514,528,557,567,600,617,617,617,650,320,320,320],"floor_reached":56,"playtime":3407,"items_purged":["champ:Strike","champ:Strike","champ:Strike","champ:Execute"],"score":2220,"play_id":"307f26a8-a0a8-4cad-90f0-2e05ddaf8280","local_time":"20201221205946","is_ascension_mode":true,"campfire_choices":[{"floor":1,"key":"RECALL"},{"data":"champ:Taunt","floor":6,"key":"SMITH"},{"data":"champ:PreciseThrust","floor":8,"key":"SMITH"},{"data":"champ:GladiatorStyle","floor":11,"key":"SMITH"},{"data":"champ:CrownThrow","floor":18,"key":"SMITH"},{"data":"champ:ViciousMockery","floor":35,"key":"SMITH"},{"data":"champ:SwordSigil","floor":43,"key":"SMITH"},{"data":"champ:GladiatorStyle","floor":54,"key":"SMITH"}],"circlet_count":0,"master_deck":["champ:Defend","champ:Defend","champ:Defend","champ:Defend","champ:Taunt+1","champ:RisingSlash","champ:GladiatorStyle+1","champ:PreciseThrust+1","champ:ViciousMockery+1","champ:SwordSigil+1","champ:CrownThrow+1","champ:EnchantCrown+1","RitualDagger","champ:GladiatorStyle+1"],"relics":["champ:ChampionCrown","champ:SpectersHand","downfall:HeartBlessingRed","Mummified Hand","CloakClasp","Meat on the Bone","Centennial Puzzle","champ:PowerArmor","downfall:HeartBlessingGreen","Membership Card","PreservedInsect","Toy Ornithopter","Bag of Preparation","Pen Nib","Coffee Dripper","downfall:HeartBlessingBlue","Du-Vu Doll","Oddly Smooth Stone","Toxic Egg 2","Blood Vial","Pantograph","Lantern","Shuriken","Cauldron"],"acts_visited":["Exordium","TheCity","TheBeyond","TheEnding"],"potions_floor_usage":[13,28,33,46,46,48,55,55,55],"damage_taken":[{"damage":11,"enemies":"Jaw Worm","floor":2,"turns":4},{"damage":5,"enemies":"Small Slimes","floor":3,"turns":3},{"damage":6,"enemies":"2 Louse","floor":4,"turns":3},{"damage":0,"enemies":"downfall:FleeingMerchant","floor":9,"turns":4},{"damage":0,"enemies":"downfall:FleeingMerchant","floor":10,"turns":7},{"damage":0,"enemies":"2 Fungi Beasts","floor":12,"turns":2},{"damage":1,"enemies":"Gremlin Nob","floor":13,"turns":4},{"damage":10,"enemies":"Gremlin Gang","floor":15,"turns":6},{"damage":13,"enemies":"downfall:Ironclad","floor":16,"turns":7},{"damage":0,"enemies":"Chosen","floor":19,"turns":3},{"damage":0,"enemies":"downfall:FleeingMerchant","floor":21,"turns":4},{"damage":2,"enemies":"Snake Plant","floor":22,"turns":3},{"damage":0,"enemies":"Gremlin Leader","floor":23,"turns":8},{"damage":0,"enemies":"Book of Stabbing","floor":25,"turns":3},{"damage":2,"enemies":"downfall:FleeingMerchant","floor":28,"turns":4},{"damage":0,"enemies":"Sentry and Sphere","floor":29,"turns":3},{"damage":0,"enemies":"3 Cultists","floor":30,"turns":4},{"damage":0,"enemies":"Gremlin Leader","floor":31,"turns":3},{"damage":11,"enemies":"Snecko","floor":32,"turns":6},{"damage":0,"enemies":"downfall:Defect","floor":33,"turns":5},{"damage":0,"enemies":"Orb Walker","floor":36,"turns":2},{"damage":0,"enemies":"3 Darklings","floor":37,"turns":4},{"damage":0,"enemies":"Spire Growth","floor":38,"turns":4},{"damage":0,"enemies":"Nemesis","floor":40,"turns":9},{"damage":4,"enemies":"Sphere and 2 Shapes","floor":42,"turns":3},{"damage":0,"enemies":"Reptomancer","floor":44,"turns":2},{"damage":1,"enemies":"4 Shapes","floor":45,"turns":4},{"damage":7,"enemies":"Nemesis","floor":46,"turns":9},{"damage":0,"enemies":"Spire Growth","floor":47,"turns":2},{"damage":0,"enemies":"Reptomancer","floor":48,"turns":3},{"damage":0,"enemies":"Maw","floor":49,"turns":5},{"damage":0,"enemies":"downfall:Silent","floor":50,"turns":9},{"damage":0,"enemies":"downfall:CharBossMerchant","floor":52,"turns":7},{"damage":0,"enemies":"downfall:NeowBoss","floor":55,"turns":13}],"seed_played":"-849242077957546557","potions_obtained":[{"floor":2,"key":"DuplicationPotion"},{"floor":3,"key":"Dexterity Potion"},{"floor":10,"key":"Fire Potion"},{"floor":16,"key":"Swift Potion"},{"floor":30,"key":"sneckomod:MuddlingPotion"},{"floor":31,"key":"Explosive Potion"},{"floor":33,"key":"Block Potion"},{"floor":42,"key":"GamblersBrew"},{"floor":46,"key":"DistilledChaos"},{"floor":47,"key":"hexamod:EctoCoolerPotion"},{"floor":48,"key":"Fruit Juice"},{"floor":49,"key":"PowerPotion"},{"floor":52,"key":"Block Potion"},{"floor":53,"key":"Energy Potion"}],"is_trial":false,"path_per_floor":["R","M","M","M","?","R","T","R","$","?","R","M","E","T","M","B",null,"R","M","?","$","M","E","T","E","?","?","$","M","M","E","M","B",null,"R","M","M","M","?","E","T","M","R","E","M","E","M","E","M","B",null,"E","$","R","B",null],"character_chosen":"THE_CHAMP","items_purchased":["champ:SwordSigil","Membership Card","Bag of Preparation","Shuriken","GamblersBrew","champ:GladiatorStyle","Cauldron"],"campfire_rested":0,"item_purchase_floors":[9,21,28,53,53,53,53],"current_hp_per_floor":[81,81,81,75,75,75,75,75,75,75,75,75,74,74,74,61,83,83,83,77,77,75,75,75,75,75,75,78,78,78,78,67,72,86,96,96,96,96,96,96,96,92,92,92,91,94,96,105,105,105,105,105,105,105,105],"gold":320,"neow_bonus":"TRANSFORM_CARD","is_daily":false,"chose_seed":false,"campfire_upgraded":7,"win_rate":0.0,"timestamp":1608613186,"path_taken":["R","M","M","M","?","R","T","R","$","?","R","M","E","?","M","BOSS","R","M","?","$","M","E","T","E","?","?","$","M","M","E","M","BOSS","R","M","M","M","?","E","T","?","R","E","M","E","M","E","M","BOSS","E","$","R","BOSS"],"items_purchased_type":["Card","Relic","Relic","Relic","Potion","Card","Relic"],"build_version":"2020-12-13","purchased_purges":4,"victory":true,"max_hp_per_floor":[90,90,90,90,90,90,90,90,90,90,90,90,90,90,90,90,90,90,90,90,90,90,90,90,90,90,90,90,90,90,90,90,90,90,100,100,100,100,100,100,100,100,100,100,100,100,100,105,105,105,105,105,105,105,105],"relic_stats":{"counters":[34,162],"PreservedInsect":398,"Pen Nib":[27],"CloakClasp":[603],"Bag of Preparation":[38],"Blood Vial":4,"Centennial Puzzle":[19],"Mummified Hand":[35],"Shuriken":[11],"Pantograph":0,"obtain_stats":[{"Lantern":52,"downfall:HeartBlessingRed":6,"Oddly Smooth Stone":41,"champ:ChampionCrown":0,"downfall:HeartBlessingGreen":18,"PreservedInsect":23,"Pen Nib":31,"CloakClasp":10,"Bag of Preparation":28,"champ:PowerArmor":17,"Du-Vu Doll":40,"Blood Vial":46,"Cauldron":53,"Centennial Puzzle":14,"Mummified Hand":7,"downfall:HeartBlessingBlue":35,"Shuriken":53,"Pantograph":48,"Coffee Dripper":34,"Membership Card":21,"Toxic Egg 2":44,"champ:SpectersHand":5,"Toy Ornithopter":25,"Meat on the Bone":13},{"Lantern":33,"downfall:HeartBlessingRed":3,"Oddly Smooth Stone":24,"champ:ChampionCrown":0,"downfall:HeartBlessingGreen":9,"PreservedInsect":13,"Pen Nib":18,"CloakClasp":5,"Bag of Preparation":15,"champ:PowerArmor":9,"Du-Vu Doll":24,"Blood Vial":28,"Cauldron":33,"Centennial Puzzle":7,"Mummified Hand":3,"downfall:HeartBlessingBlue":20,"Shuriken":33,"Pantograph":30,"Coffee Dripper":20,"Membership Card":11,"Toxic Egg 2":26,"champ:SpectersHand":3,"Toy Ornithopter":14,"Meat on the Bone":7},{"Lantern":149,"downfall:HeartBlessingRed":10,"Oddly Smooth Stone":105,"champ:ChampionCrown":0,"downfall:HeartBlessingGreen":40,"PreservedInsect":58,"Pen Nib":75,"CloakClasp":21,"Bag of Preparation":65,"champ:PowerArmor":40,"Du-Vu Doll":105,"Blood Vial":123,"Cauldron":149,"Centennial Puzzle":27,"Mummified Hand":10,"downfall:HeartBlessingBlue":86,"Shuriken":149,"Pantograph":128,"Coffee Dripper":86,"Membership Card":47,"Toxic Egg 2":110,"champ:SpectersHand":10,"Toy Ornithopter":61,"Meat on the Bone":27}],"Toy Ornithopter":22,"Meat on the Bone":0},"card_choices":[{"not_picked":["champ:FocusedGladiator","champ:GladiatorsShout"],"picked":"champ:GladiatorStyle","floor":2},{"not_picked":["champ:TornadoPunch","champ:Encircle","champ:Circumvent"],"picked":"SKIP","floor":3},{"not_picked":["champ:Encircle","champ:Aggression"],"picked":"champ:PreciseThrust","floor":4},{"not_picked":["champ:PerfectedStrike","champ:ShieldSigil"],"picked":"champ:ViciousMockery","floor":9},{"not_picked":["champ:BerserkersShout","champ:StanceDance","champ:DefensiveStyle"],"picked":"SKIP","floor":12},{"not_picked":["champ:Shatter","champ:RisingSlash","champ:Duel"],"picked":"SKIP","floor":13},{"not_picked":["champ:CalledShot","champ:PerfectedStrike"],"picked":"champ:CrownThrow","floor":15},{"not_picked":["champ:DancingMaster","champ:HeavySlash"],"picked":"champ:EnchantCrown","floor":16},{"not_picked":["champ:HeartStrike","champ:BringItOn","champ:ShieldSigil"],"picked":"SKIP","floor":19},{"not_picked":["champ:StanceDance","champ:CrookedStrike","champ:Encircle+1"],"picked":"SKIP","floor":21},{"not_picked":["champ:Haymaker","champ:CrookedStrike","champ:DefensiveShout+1"],"picked":"SKIP","floor":22},{"not_picked":["champ:RageSigil","champ:Balance","champ:Encircle"],"picked":"SKIP","floor":23},{"not_picked":["champ:HeartStrike","champ:FalseCounter","champ:Circumvent"],"picked":"SKIP","floor":25},{"not_picked":["champ:StrikeOfGenius","champ:ShieldSigil","champ:FlashCut+1"],"picked":"SKIP","floor":28},{"not_picked":["champ:FightOn","champ:AdrenalArmor","champ:FocusedDefense"],"picked":"SKIP","floor":29},{"not_picked":["champ:TornadoPunch","champ:HeartStrike+1","champ:Backstep"],"picked":"SKIP","floor":30},{"not_picked":["champ:Haymaker","champ:LastStand","champ:DefensiveShout+1"],"picked":"SKIP","floor":31},{"not_picked":["champ:CalledShot","champ:DeathBlow","champ:Circumvent"],"picked":"SKIP","floor":32},{"not_picked":["champ:Haymaker","champ:DeathBlow","champ:EnGarde"],"picked":"SKIP","floor":36},{"not_picked":["champ:GladiatorsShout+1","champ:SwordSigil+1","champ:FlashCut+1"],"picked":"SKIP","floor":37},{"not_picked":["champ:TornadoPunch","champ:Backstep+1","champ:CrookedStrike+1"],"picked":"SKIP","floor":38},{"not_picked":["champ:TornadoPunch+1","champ:FaceSlap","champ:BringItOn+1"],"picked":"SKIP","floor":40},{"not_picked":["champ:ViciousMockery","champ:ShieldSigil+1","champ:RecklessLeap+1"],"picked":"SKIP","floor":42},{"not_picked":["champ:Haymaker+1","champ:ShieldSigil+1","champ:BerserkersShout+1"],"picked":"SKIP","floor":44},{"not_picked":["champ:TornadoPunch","champ:RecklessLeap+1","champ:PerfectedStrike"],"picked":"SKIP","floor":45},{"not_picked":["champ:BerserkersShout+1","champ:Duel+1","champ:EnchantSword+1"],"picked":"SKIP","floor":46},{"not_picked":["champ:GutPunch+1","champ:PreciseThrust+1","champ:Haymaker"],"picked":"SKIP","floor":47},{"not_picked":["champ:Backstep+1","champ:StanceDance+1","champ:TornadoPunch"],"picked":"SKIP","floor":48},{"not_picked":["champ:Encircle","champ:ShieldWall","champ:PerfectedStrike"],"picked":"SKIP","floor":49},{"not_picked":["champ:ArenaPreparation+1","champ:ShieldWall","champ:Devastate"],"picked":"SKIP","floor":52}],"player_experience":459453,"relics_obtained":[{"floor":7,"key":"Mummified Hand"},{"floor":10,"key":"CloakClasp"},{"floor":13,"key":"Meat on the Bone"},{"floor":14,"key":"Centennial Puzzle"},{"floor":23,"key":"PreservedInsect"},{"floor":25,"key":"Toy Ornithopter"},{"floor":31,"key":"Pen Nib"},{"floor":40,"key":"Du-Vu Doll"},{"floor":41,"key":"Oddly Smooth Stone"},{"floor":44,"key":"Toxic Egg 2"},{"floor":46,"key":"Blood Vial"},{"floor":48,"key":"Pantograph"},{"floor":52,"key":"Lantern"}],"event_choices":[{"damage_healed":0,"gold_gain":0,"player_choice":"Ignored","damage_taken":0,"max_hp_gain":0,"max_hp_loss":0,"event_name":"Vampires","floor":26,"gold_loss":0},{"damage_healed":0,"gold_gain":0,"player_choice":"Ignored","damage_taken":0,"max_hp_gain":0,"max_hp_loss":0,"event_name":"Ghosts","floor":27,"gold_loss":0},{"damage_healed":0,"gold_gain":0,"player_choice":"Upgraded","damage_taken":0,"max_hp_gain":0,"max_hp_loss":0,"event_name":"Upgrade Shrine","floor":39,"gold_loss":0,"cards_upgraded":["champ:EnchantCrown"]}],"is_beta":false,"boss_relics":[{"not_picked":["SacredBark","Calling Bell"],"picked":"champ:PowerArmor"},{"not_picked":["Black Star","champ:ChampionCrownUpgraded"],"picked":"Coffee Dripper"}],"items_purged_floors":[9,21,28,53],"is_endless":false,"potions_floor_spawned":[2,3,10,16,19,30,31,32,33,37,42,46,47,48,49,52],"ascension_level":7}}