{"host":"1c52r9kaxdyo25eq","time":1608623331,"event":{"mods":["AchievementEnabler","BaseMod","Minty Spire (QoL Compilation)","Rare Cards Sparkle","SuperFastMode","everything is the same but u backflip on backflip"],"gold_per_floor":[115,115,115,115,115,148,148,180,180,180,180],"floor_reached":10,"playtime":113,"items_purged":[],"score":244,"play_id":"ba3de431-580b-4c3e-ae3b-ce4a97d1789c","local_time":"20201222164851","is_ascension_mode":true,"campfire_choices":[{"data":"Blur","floor":7,"key":"SMITH"}],"circlet_count":0,"master_deck":["AscendersBane","Strike_G","Strike_G","Strike_G","Strike_G","Strike_G","Defend_G","Defend_G","Defend_G","Defend_G","Defend_G+1","Survivor","Neutralize+1","Tactician","Blur+1","Dagger Spray"],"relics":["Ring of the Snake","NeowsBlessing","Paper Crane","Pen Nib","Question Card","Pear"],"acts_visited":["Exordium"],"potions_floor_usage":[10],"damage_taken":[{"damage":0,"enemies":"2 Louse","floor":1,"turns":1},{"damage":0,"enemies":"Lagavulin","floor":6,"turns":1},{"damage":0,"enemies":"Gremlin Nob","floor":8,"turns":1},{"damage":46,"enemies":"Lagavulin","floor":10,"turns":12}],"seed_played":"967214016180804753","potions_obtained":[{"floor":1,"key":"BlessingOfTheForge"},{"floor":8,"key":"Energy Potion"}],"is_trial":false,"path_per_floor":["M","?","?","?","T","E","R","E","T","E"],"character_chosen":"THE_SILENT","items_purchased":[],"campfire_rested":0,"item_purchase_floors":[],"current_hp_per_floor":[59,64,64,43,43,43,43,43,53,7,7],"gold":180,"neow_bonus":"THREE_ENEMY_KILL","is_daily":false,"chose_seed":false,"campfire_upgraded":1,"win_rate":0.0,"timestamp":1608623331,"path_taken":["M","?","?","?","?","E","R","E","T","E"],"items_purchased_type":[],"build_version":"2020-12-13","purchased_purges":0,"victory":false,"max_hp_per_floor":[66,71,71,71,71,71,71,71,81,81,81],"card_choices":[{"not_picked":["Sucker Punch","Riddle With Holes"],"picked":"Tactician","floor":1},{"not_picked":["Cloak And Dagger","Slice"],"picked":"Blur","floor":6},{"not_picked":["Blade Dance","Dagger Throw"],"picked":"Dagger Spray","floor":8}],"player_experience":505880,"relics_obtained":[{"floor":5,"key":"Paper Crane"},{"floor":6,"key":"Pen Nib"},{"floor":8,"key":"Question Card"},{"floor":9,"key":"Pear"}],"event_choices":[{"damage_healed":0,"gold_gain":0,"player_choice":"Donut","damage_taken":0,"max_hp_gain":5,"max_hp_loss":0,"event_name":"Big Fish","floor":2,"gold_loss":0},{"damage_healed":0,"gold_gain":0,"player_choice":"Ignored","damage_taken":0,"max_hp_gain":0,"max_hp_loss":0,"event_name":"Liars Game","floor":3,"gold_loss":0},{"damage_healed":0,"gold_gain":0,"player_choice":"Entered Light","damage_taken":21,"max_hp_gain":0,"max_hp_loss":0,"event_name":"Shining Light","floor":4,"gold_loss":0,"cards_upgraded":["Defend_G","Neutralize"]}],"is_beta":false,"boss_relics":[],"items_purged_floors":[],"is_endless":false,"potions_floor_spawned":[1,8],"killed_by":"Lagavulin","ascension_level":20}}