{"host":"k5dhp0bkccqfauyu","time":1608631073,"event":{"mods":["BaseMod","Better Note","Better Skull","Better Vampires","Colored Map","Colored Powertips","DeckTracker","Minty Spire (QoL Compilation)","Permanent Neow","StSLib","SuperFastMode"],"gold_per_floor":[125,212,224,250,281,293,305,347,359,4,4,4,29,44,44,44,44],"floor_reached":16,"playtime":637,"items_purged":[],"score":220,"play_id":"503a70e3-274f-4fdc-ab4c-80bed175494f","local_time":"20201222205753","is_ascension_mode":true,"campfire_choices":[{"floor":6,"key":"REST"},{"floor":15,"key":"REST"}],"circlet_count":0,"master_deck":["AscendersBane","Strike_B","Strike_B","Strike_B","Strike_B","Defend_B","Defend_B","Defend_B","Defend_B","Zap","Dualcast","Rebound","Barrage","Streamline","Loop","Cold Snap+1","Hologram","White Noise","Redo"],"relics":["Cracked Core","MawBank","Eternal Feather","Molten Egg 2","Sundial","Happy Flower","Matryoshka"],"acts_visited":["Exordium"],"potions_floor_usage":[7,13,14],"damage_taken":[{"damage":10,"enemies":"Small Slimes","floor":1,"turns":3},{"damage":0,"enemies":"2 Louse","floor":4,"turns":2},{"damage":14,"enemies":"Jaw Worm","floor":5,"turns":4},{"damage":0,"enemies":"2 Fungi Beasts","floor":7,"turns":2},{"damage":39,"enemies":"Lagavulin","floor":8,"turns":6},{"damage":6,"enemies":"Gremlin Nob","floor":13,"turns":3},{"damage":3,"enemies":"Blue Slaver","floor":14,"turns":3},{"damage":36,"enemies":"Hexaghost","floor":16,"turns":8}],"seed_played":"-6729460057391282156","potions_obtained":[{"floor":1,"key":"SmokeBomb"},{"floor":8,"key":"FearPotion"},{"floor":13,"key":"ColorlessPotion"}],"is_trial":false,"path_per_floor":["M","?","?","M","M","R","M","E","T","$","T","?","E","M","R","B"],"character_chosen":"DEFECT","items_purchased":["Cold Snap+1","Sundial","Hologram"],"campfire_rested":2,"item_purchase_floors":[10,10,10],"current_hp_per_floor":[54,43,43,43,29,50,50,11,11,11,11,11,5,2,32,0,0],"gold":44,"neow_bonus":"RANDOM_COMMON_RELIC","is_daily":false,"chose_seed":false,"campfire_upgraded":0,"win_rate":0.0,"timestamp":1608631073,"path_taken":["M","?","?","M","M","R","M","E","T","$","?","?","E","M","R","BOSS"],"items_purchased_type":["Card","Relic","Card"],"build_version":"2020-12-13","purchased_purges":0,"victory":false,"max_hp_per_floor":[71,71,71,71,71,71,71,71,71,71,71,71,71,71,71,71,71],"card_choices":[{"not_picked":["Double Energy","Go for the Eyes"],"picked":"Rebound","floor":1},{"not_picked":["Go for the Eyes","Self Repair"],"picked":"Barrage","floor":4},{"not_picked":["Rebound","Heatsinks"],"picked":"Streamline","floor":5},{"not_picked":["BootSequence","Sunder"],"picked":"Loop","floor":8},{"not_picked":["Sunder+1","Compile Driver+1"],"picked":"White Noise","floor":13},{"not_picked":["Redo","Auto Shields","Hologram"],"picked":"SKIP","floor":14},{"not_picked":["Auto Shields","Hologram"],"picked":"Redo","floor":14}],"player_experience":1807377,"relics_obtained":[{"floor":8,"key":"Eternal Feather"},{"floor":9,"key":"Molten Egg 2"},{"floor":11,"key":"Happy Flower"},{"floor":13,"key":"Matryoshka"}],"event_choices":[{"damage_healed":0,"gold_gain":75,"player_choice":"Gather Gold","damage_taken":11,"max_hp_gain":0,"max_hp_loss":0,"event_name":"World of Goop","floor":2,"gold_loss":0},{"damage_healed":0,"gold_gain":0,"player_choice":"Ignored","damage_taken":0,"max_hp_gain":0,"max_hp_loss":0,"event_name":"Liars Game","floor":3,"gold_loss":0},{"damage_healed":0,"gold_gain":0,"player_choice":"Searched \u00270\u0027 times","damage_taken":0,"max_hp_gain":0,"max_hp_loss":0,"event_name":"Dead Adventurer","floor":12,"gold_loss":0}],"is_beta":false,"boss_relics":[],"items_purged_floors":[],"is_endless":false,"potions_floor_spawned":[1,8,13],"killed_by":"Hexaghost","ascension_level":20}}