{"host":"67b023zx83deun0a","time":1608641268,"event":{"mods":["BaseMod","Minty Spire (QoL Compilation)","Relic Stats","StSLib"],"gold_per_floor":[118,136,155,170,186,186,213,224,224,224,5,30,50,50,50,121,121,132,145,145,156,23,23,56,56,83,97,97,114,114,142,142,214,214,226,226,226,238,249,277,290,307,307,323,337,337,348,368,368,368],"floor_reached":51,"playtime":5625,"items_purged":["Strike_G","Strike_G"],"score":1324,"play_id":"4644e411-a2fb-4598-bba0-ece3d22860e6","local_time":"20201222044748","is_ascension_mode":true,"campfire_choices":[{"data":"Dagger Spray","floor":6.0,"key":"SMITH"},{"data":"Neutralize","floor":10.0,"key":"SMITH"},{"data":"Well Laid Plans","floor":15.0,"key":"SMITH"},{"data":"Strike_G","floor":23.0,"key":"PURGE"},{"data":"Strike_G","floor":25.0,"key":"PURGE"},{"floor":28.0,"key":"REST"},{"data":"Defend_G","floor":32.0,"key":"PURGE"},{"floor":49,"key":"REST"}],"circlet_count":0,"master_deck":["AscendersBane","Defend_G","Defend_G","Defend_G","Survivor","Neutralize+1","CurseOfTheBell","Dagger Throw","Dagger Spray+1","Expertise+1","Underhanded Strike","After Image","Dagger Throw","Backflip+1","Deadly Poison+1","Prepared+1","Well Laid Plans+1","Dodge and Roll+1","Deflect+1","Storm of Steel+1","Masterful Stab+1","Cloak And Dagger+1","Calculated Gamble+1","Poisoned Stab+1","Infinite Blades","Malaise+1","Predator+1","Eviscerate+1","A Thousand Cuts","Leg Sweep+1","Apotheosis+1","Deep Breath+1","Enlightenment+1","Prepared+1","Catalyst+1","Blade Dance+1","Backflip+1","Catalyst+1","Tactician+1","Predator+1","Crippling Poison+1"],"relics":["Calling Bell","Oddly Smooth Stone","Toxic Egg 2","Tough Bandages","Peace Pipe","The Specimen","Happy Flower","Ginger","WristBlade","Molten Egg 2","Bronze Scales","Pantograph","Snecko Eye","Anchor"],"acts_visited":["Exordium","TheCity","TheBeyond"],"potions_floor_usage":[],"damage_taken":[{"damage":1.0,"enemies":"2 Louse","floor":1.0,"turns":5.0},{"damage":0.0,"enemies":"Jaw Worm","floor":2.0,"turns":5.0},{"damage":2.0,"enemies":"Cultist","floor":3.0,"turns":5.0},{"damage":6.0,"enemies":"Large Slime","floor":4.0,"turns":5.0},{"damage":3.0,"enemies":"Exordium Thugs","floor":5.0,"turns":5.0},{"damage":24.0,"enemies":"Gremlin Nob","floor":7.0,"turns":5.0},{"damage":0.0,"enemies":"3 Louse","floor":8.0,"turns":2.0},{"damage":0.0,"enemies":"Lagavulin","floor":12.0,"turns":6.0},{"damage":3.0,"enemies":"Looter","floor":13.0,"turns":3.0},{"damage":0.0,"enemies":"Hexaghost","floor":16.0,"turns":11.0},{"damage":4.0,"enemies":"3 Byrds","floor":18.0,"turns":5.0},{"damage":1.0,"enemies":"Chosen","floor":19.0,"turns":3.0},{"damage":18.0,"enemies":"Centurion and Healer","floor":21.0,"turns":7.0},{"damage":16.0,"enemies":"Gremlin Leader","floor":24.0,"turns":7.0},{"damage":0.0,"enemies":"Sentry and Sphere","floor":27.0,"turns":5.0},{"damage":1.0,"enemies":"Cultist and Chosen","floor":29.0,"turns":5.0},{"damage":0.0,"enemies":"Book of Stabbing","floor":31.0,"turns":5.0},{"damage":37.0,"enemies":"Collector","floor":33.0,"turns":12.0},{"damage":0.0,"enemies":"3 Shapes","floor":35.0,"turns":6.0},{"damage":1.0,"enemies":"3 Darklings","floor":38.0,"turns":4.0},{"damage":7.0,"enemies":"Transient","floor":39.0,"turns":5.0},{"damage":6.0,"enemies":"Giant Head","floor":40.0,"turns":9.0},{"damage":0.0,"enemies":"Maw","floor":41.0,"turns":4.0},{"damage":9.0,"enemies":"3 Darklings","floor":42.0,"turns":7.0},{"damage":0.0,"enemies":"Spire Growth","floor":44.0,"turns":4.0},{"damage":4.0,"enemies":"Writhing Mass","floor":45.0,"turns":4.0},{"damage":13.0,"enemies":"Transient","floor":47.0,"turns":5.0},{"damage":2,"enemies":"Sphere and 2 Shapes","floor":48,"turns":7},{"damage":62,"enemies":"Donu and Deca","floor":50,"turns":8}],"seed_played":"-1897197524627019664","potions_obtained":[{"floor":1.0,"key":"SteroidPotion"},{"floor":4.0,"key":"FairyPotion"},{"floor":7.0,"key":"BlessingOfTheForge"},{"floor":16.0,"key":"CultistPotion"}],"is_trial":false,"path_per_floor":["M","M","M","M","M","R","E","M","T","R","$","E","M","?","R","B",null,"M","M","?","M","$","R","E","R","T","M","R","M","?","E","R","B",null,"M","?","?","M","M","E","M","M","T","M","M","?","M","M","R","B",null],"character_chosen":"THE_SILENT","items_purchased":["Deadly Poison+1","Prepared+1","Well Laid Plans","Calculated Gamble+1"],"campfire_rested":2,"item_purchase_floors":[11,11,11,22],"current_hp_per_floor":[62,62,60,54,51,51,27,27,27,27,27,27,24,17,17,17,57,53,52,52,34,34,34,18,18,18,18,39,38,38,38,38,26,59,59,59,49,48,41,35,35,26,26,26,22,22,9,7,26,19],"gold":368,"neow_bonus":"BOSS_RELIC","is_daily":false,"chose_seed":false,"campfire_upgraded":3,"win_rate":0.0,"timestamp":1608641268,"path_taken":["M","M","M","M","M","R","E","M","T","R","$","E","M","?","R","BOSS","M","M","?","M","$","R","E","R","T","M","R","?","?","E","R","BOSS","M","?","?","M","M","E","M","M","T","M","M","?","M","M","R","BOSS"],"items_purchased_type":["Card","Card","Card","Card"],"build_version":"2020-12-13","purchased_purges":2,"victory":true,"max_hp_per_floor":[70,70,70,70,70,70,70,70,70,70,70,70,70,70,70,70,70,70,70,70,70,70,70,70,70,70,70,70,70,70,70,70,70,70,70,70,70,70,70,70,70,70,70,70,70,66,66,66,66,66],"relic_stats":{"Peace Pipe":7,"Tough Bandages":[1080],"Happy Flower":[42],"counters":[29,164],"Bronze Scales":[226],"Pantograph":50,"Snecko Eye":[151,137,145,160],"Ginger":[15],"obtain_stats":[{"The Specimen":9,"Happy Flower":12,"Oddly Smooth Stone":0,"Ginger":14,"Calling Bell":0,"Peace Pipe":7,"Tough Bandages":0,"Anchor":40,"WristBlade":17,"Bronze Scales":26,"Pantograph":31,"Snecko Eye":34,"Molten Egg 2":24,"Toxic Egg 2":0,"Ring of the Snake":0},{"The Specimen":7,"Happy Flower":8,"Oddly Smooth Stone":0,"Ginger":9,"Calling Bell":0,"Peace Pipe":6,"Tough Bandages":0,"Anchor":22,"WristBlade":10,"Bronze Scales":14,"Pantograph":17,"Snecko Eye":18,"Molten Egg 2":14,"Toxic Egg 2":0,"Ring of the Snake":0},{"The Specimen":32,"Happy Flower":38,"Oddly Smooth Stone":0,"Ginger":41,"Calling Bell":0,"Peace Pipe":30,"Tough Bandages":0,"Anchor":125,"WristBlade":52,"Bronze Scales":74,"Pantograph":89,"Snecko Eye":101,"Molten Egg 2":74,"Toxic Egg 2":0,"Ring of the Snake":0}]},"card_choices":[{"not_picked":["Dagger Spray","Backflip+1"],"picked":"Dagger Throw","floor":1.0},{"not_picked":["Backflip+1","Escape Plan+1"],"picked":"Dagger Spray","floor":2.0},{"not_picked":["Riddle With Holes","Dagger Spray"],"picked":"Expertise+1","floor":3.0},{"not_picked":["Bane","Dagger Spray"],"picked":"Underhanded Strike","floor":4.0},{"not_picked":["Riddle With Holes","Underhanded Strike"],"picked":"After Image","floor":5.0},{"not_picked":["Flechettes","Quick Slash"],"picked":"Dagger Throw","floor":7.0},{"not_picked":["Noxious Fumes","Choke"],"picked":"Backflip+1","floor":8.0},{"not_picked":["Deadly Poison+1","Backflip+1"],"picked":"Dodge and Roll+1","floor":12.0},{"not_picked":["Outmaneuver+1","Backstab"],"picked":"Deflect+1","floor":13.0},{"not_picked":["Die Die Die","Unload"],"picked":"Storm of Steel+1","floor":16.0},{"not_picked":["Heel Hook","Outmaneuver+1"],"picked":"Masterful Stab+1","floor":18.0},{"not_picked":["Riddle With Holes","Bane","Flying Knee"],"picked":"SKIP","floor":19.0},{"not_picked":["Poisoned Stab","Underhanded Strike"],"picked":"Cloak And Dagger+1","floor":21.0},{"not_picked":["Escape Plan+1","Dodge and Roll+1"],"picked":"Poisoned Stab+1","floor":24.0},{"not_picked":["Expertise+1","Quick Slash+1"],"picked":"Infinite Blades","floor":27.0},{"not_picked":["Backstab+1","Flying Knee+1","Concentrate+1"],"picked":"SKIP","floor":29.0},{"not_picked":["Predator+1","Glass Knife+1"],"picked":"Eviscerate+1","floor":31.0},{"not_picked":["Wraith Form v2","Venomology+1"],"picked":"A Thousand Cuts","floor":33.0},{"not_picked":["Concentrate+1","Dagger Throw+1"],"picked":"Leg Sweep+1","floor":35.0},{"not_picked":["Mayhem","Impatience+1"],"picked":"Apotheosis+1","floor":37.0},{"not_picked":["Discovery+1","Mind Blast+1"],"picked":"Deep Breath+1","floor":37.0},{"not_picked":["Discovery+1","Mind Blast+1"],"picked":"Enlightenment+1","floor":37.0},{"not_picked":["Predator+1","Sucker Punch+1"],"picked":"Prepared+1","floor":38.0},{"not_picked":["Caltrops","Flechettes+1"],"picked":"Catalyst+1","floor":39.0},{"not_picked":["Skewer+1","Dagger Spray+1"],"picked":"Blade Dance+1","floor":40.0},{"not_picked":["Deadly Poison+1","Bane+1"],"picked":"Backflip+1","floor":41.0},{"not_picked":["Sucker Punch+1","Choke+1"],"picked":"Catalyst+1","floor":42.0},{"not_picked":["Riddle With Holes+1","Poisoned Stab+1"],"picked":"Tactician+1","floor":44.0},{"not_picked":["Bane+1","Bullet Time+1"],"picked":"Predator+1","floor":45.0},{"not_picked":["Dagger Throw+1","Terror+1","Slice+1"],"picked":"SKIP","floor":47.0},{"not_picked":["Prepared+1","Leg Sweep+1"],"picked":"Crippling Poison+1","floor":48}],"player_experience":322030,"relics_obtained":[{"floor":0.0,"key":"Oddly Smooth Stone"},{"floor":0.0,"key":"Toxic Egg 2"},{"floor":0.0,"key":"Tough Bandages"},{"floor":7.0,"key":"Peace Pipe"},{"floor":9.0,"key":"The Specimen"},{"floor":12.0,"key":"Happy Flower"},{"floor":24.0,"key":"Molten Egg 2"},{"floor":26.0,"key":"Bronze Scales"},{"floor":31.0,"key":"Pantograph"},{"floor":40.0,"key":"Anchor"}],"event_choices":[{"damage_healed":0.0,"max_hp_gain":0.0,"max_hp_loss":0.0,"gold_gain":0.0,"event_name":"Scrap Ooze","player_choice":"Success","floor":14.0,"gold_loss":0.0,"damage_taken":7.0,"relics_obtained":["Ginger"]},{"cards_removed":["Strike_G"],"damage_healed":0.0,"max_hp_gain":0.0,"max_hp_loss":0.0,"gold_gain":0.0,"event_name":"Purifier","player_choice":"Purged","floor":20.0,"gold_loss":0.0,"damage_taken":0.0},{"damage_healed":0.0,"max_hp_gain":0.0,"max_hp_loss":0.0,"gold_gain":0.0,"event_name":"Match and Keep!","player_choice":"2 cards matched","floor":30.0,"gold_loss":0.0,"damage_taken":0.0,"cards_obtained":["Malaise","Predator"]},{"cards_removed":["Defend_G"],"damage_healed":0.0,"max_hp_gain":0.0,"max_hp_loss":0.0,"gold_gain":0.0,"event_name":"Falling","player_choice":"Removed Skill","floor":36.0,"gold_loss":0.0,"damage_taken":0.0},{"damage_healed":0.0,"max_hp_gain":0.0,"max_hp_loss":0.0,"gold_gain":0.0,"event_name":"SensoryStone","player_choice":"Memory 3","floor":37.0,"gold_loss":0.0,"damage_taken":10.0},{"damage_healed":0.0,"max_hp_gain":0.0,"max_hp_loss":4.0,"gold_gain":0.0,"event_name":"Winding Halls","player_choice":"Max HP","floor":46.0,"gold_loss":0.0,"damage_taken":0.0}],"is_beta":false,"boss_relics":[{"not_picked":["Velvet Choker","Coffee Dripper"],"picked":"WristBlade"},{"not_picked":["Busted Crown","Cursed Key"],"picked":"Snecko Eye"}],"items_purged_floors":[11,22],"is_endless":false,"potions_floor_spawned":[1,4,7,8,13,16,19,29,38,44,45],"ascension_level":13}}