{"host":"cyh4fejqtcjbfr7k","time":1608671869,"event":{"mods":["2.2 Compatiblity","AchievementEnabler","BaseMod","Colored Map","Colored Powertips","DeckTracker","Downfall","Googly Eyes","Hubris","Infinite Spire","Minty Spire (QoL Compilation)","Replay The Spire","Shop Mod","StSLib","SuperFastMode","Unceasing Turn Reminder"],"gold_per_floor":[109,184,184,237,255,288,304,304,304,304,108,108,108,133,133,237,237,252,50,69,69,0,0,0,0],"floor_reached":24,"playtime":643,"items_purged":["Strike_G"],"score":240,"play_id":"8f494513-a9e6-4c1d-8b14-48a1e0f2136b","local_time":"20201222141749","is_ascension_mode":true,"campfire_choices":[{"floor":8,"key":"REST"},{"data":"expansioncontent:TimeRipple","floor":10,"key":"SMITH"},{"data":"Neutralize","floor":13,"key":"SMITH"},{"data":"ReplayTheSpireMod:Necrosis","floor":15,"key":"SMITH"},{"floor":23,"key":"REST"}],"circlet_count":0,"master_deck":["Strike_G","Strike_G","Strike_G","Strike_G","Defend_G","Defend_G","Defend_G","Defend_G","Defend_G","Survivor","expansioncontent:TimeRipple+1","Prepared","Dagger Spray","Finisher","Noxious Fumes+1","hubris:DuctTapeCard","ReplayTheSpireMod:Necrosis+1","Burst","Catalyst","Dagger Spray","Eviscerate","Eviscerate","Leg Sweep","Well Laid Plans","Poisoned Stab"],"relics":["Ring of the Snake","hubris:CrystalStatue","hubris:BottledRain","Mummified Hand","PreservedInsect","hubris:DuctTape","BargainBundle","MutagenicStrength"],"acts_visited":["Exordium","TheCity"],"potions_floor_usage":[14,16,18],"damage_taken":[{"damage":0,"enemies":"2 Louse","floor":1,"turns":2},{"damage":1,"enemies":"Cultist","floor":5,"turns":4},{"damage":11,"enemies":"3 Sentries","floor":6,"turns":5},{"damage":0,"enemies":"Jaw Worm","floor":7,"turns":3},{"damage":5,"enemies":"Lagavulin","floor":14,"turns":3},{"damage":37,"enemies":"Slime Boss","floor":16,"turns":12},{"damage":30,"enemies":"Shell Parasite","floor":18,"turns":8},{"damage":27,"enemies":"Spheric Guardian","floor":20,"turns":5},{"damage":44,"enemies":"3 Cultists","floor":24,"turns":4}],"seed_played":"3208412294036892130","potions_obtained":[{"floor":6,"key":"Explosive Potion"},{"floor":7,"key":"BlessingOfTheForge"},{"floor":16,"key":"SneckoOil"},{"floor":18,"key":"Dexterity Potion"}],"is_trial":false,"path_per_floor":["M","?","T","?","M","E","M","R","T","R","$","?","R","E","R","B",null,"M","$","M","?","?","R","M"],"character_chosen":"THE_SILENT","items_purchased":["Noxious Fumes+1","PreservedInsect","BargainBundle","Dagger Spray","Eviscerate","Leg Sweep","Well Laid Plans"],"campfire_rested":2,"item_purchase_floors":[11,11,19,19,19,19,19],"current_hp_per_floor":[70,59,59,59,58,47,47,68,68,68,68,68,68,63,63,26,70,40,40,13,13,13,34,0,0],"gold":0,"neow_bonus":"RANDOM_COLORLESS","is_daily":false,"chose_seed":false,"campfire_upgraded":3,"win_rate":0.0,"timestamp":1608671869,"path_taken":["M","?","?","?","M","E","?","R","T","R","$","?","R","E","R","BOSS","M","$","M","?","?","R","M"],"items_purchased_type":["Card","Relic","Relic","Card","Card","Card","Card"],"build_version":"2020-12-13","purchased_purges":1,"victory":false,"max_hp_per_floor":[70,70,70,70,70,70,70,70,70,70,70,70,70,70,70,70,70,70,70,70,70,70,70,70,70],"card_choices":[{"not_picked":["Dark Shackles","Impatience"],"picked":"expansioncontent:TimeRipple","floor":0},{"not_picked":["Eviscerate","Flechettes"],"picked":"Prepared","floor":1},{"not_picked":["Poisoned Stab","Sucker Punch"],"picked":"Dagger Spray","floor":5},{"not_picked":["ReplayTheSpireMod:The Works","Crippling Poison"],"picked":"Deflect","floor":6},{"not_picked":["Flying Knee","Prepared"],"picked":"Finisher","floor":7},{"not_picked":["hubris:SlightOfHand","Dagger Spray"],"picked":"ReplayTheSpireMod:Necrosis","floor":14},{"not_picked":["ReplayTheSpireMod:From All Sides","Tools of the Trade"],"picked":"Burst","floor":16},{"not_picked":["Calculated Gamble+1","Choke+1"],"picked":"Catalyst","floor":18},{"not_picked":["Caltrops","Riddle With Holes+1"],"picked":"Poisoned Stab","floor":20}],"player_experience":600994,"relics_obtained":[{"floor":3,"key":"hubris:CrystalStatue"},{"floor":6,"key":"hubris:BottledRain"},{"floor":9,"key":"Mummified Hand"},{"floor":14,"key":"hubris:DuctTape"}],"event_choices":[{"damage_healed":0,"gold_gain":75,"player_choice":"Gather Gold","damage_taken":11,"max_hp_gain":0,"max_hp_loss":0,"event_name":"World of Goop","floor":2,"gold_loss":0},{"damage_healed":0,"gold_gain":53,"player_choice":"Gained Gold","damage_taken":0,"max_hp_gain":0,"max_hp_loss":0,"event_name":"Golden Wing","floor":4,"gold_loss":0},{"damage_healed":0,"gold_gain":0,"player_choice":"Inject Mutagens","damage_taken":0,"relics_obtained":["MutagenicStrength"],"max_hp_gain":0,"max_hp_loss":0,"event_name":"Drug Dealer","floor":21,"gold_loss":0},{"damage_healed":0,"gold_gain":0,"player_choice":"Paid Fearfully","damage_taken":0,"max_hp_gain":0,"max_hp_loss":0,"event_name":"Masked Bandits","floor":22,"gold_loss":69}],"is_beta":false,"boss_relics":[{"not_picked":["Snecko Eye","hubris:VirtuousBlindfold","hubris:GrandSneckoEye"]}],"items_purged_floors":[19],"is_endless":false,"potions_floor_spawned":[6,7,16,18],"killed_by":"3 Cultists","ascension_level":4}}