{"host":"nk3joubtnzg8efqy","time":1608602960,"event":{"mods":["BaseMod","Colored Map","Downfall","Googly Eyes","Highlight Path","Minty Spire (QoL Compilation)","StSLib"],"gold_per_floor":[99,114,127,127,143,176,176,202,127,127,127,138,138,165,183,287,287,287,302,302,319,404,404,404,414,414,447,458,483,498,532,544,641,641,641,655,655,655,678,705,732,334,364,382,413,423,160,172,183,183],"floor_reached":51,"playtime":5996,"items_purged":["Slimebound:Schlurp","Slimebound:Defend_Slimebound"],"score":850,"play_id":"a3814edd-fd53-4051-bc63-56e06777d8f0","local_time":"20201222100920","is_ascension_mode":true,"campfire_choices":[{"data":"Slimebound:CorrosiveSpit","floor":1.0,"key":"SMITH"},{"data":"Slimebound:Split","floor":9.0,"key":"SMITH"},{"data":"Slimebound:LeechEnergy","floor":11.0,"key":"SMITH"},{"floor":13.0,"key":"REST"},{"data":"Slimebound:SelfFormingGoo","floor":18.0,"key":"SMITH"},{"data":"Slimebound:LeadByExample","floor":26.0,"key":"SMITH"},{"data":"Slimebound:Recycling","floor":35.0,"key":"SMITH"}],"circlet_count":0,"master_deck":["Slimebound:Strike_Slimebound","Slimebound:Strike_Slimebound","Slimebound:Strike_Slimebound","Slimebound:Tackle","Slimebound:Defend_Slimebound","Slimebound:Split+1","Slimebound:CorrosiveSpit+1","Slimebound:LeechEnergy+1","Slimebound:LeadByExample+1","Slimebound:SplitMire","Iron Wave","Slimebound:SelfFormingGoo+1","Slimebound:Dissolve+1","Slimebound:SplitMire","Slimebound:SplitBruiser","Slimebound:SamplingLick+1","Slimebound:Nibble","Slimebound:Repurpose+1","Slimebound:Recycling+1","Slimebound:HauntingLick+1","Slimebound:Darklings+1","Slimebound:SlimeBrawl+1","Secret Technique+1","Slimebound:GrowthPunch","Slimebound:SplitMire+1","Slimebound:Recollect+1","Slimebound:Gluttony","Slimebound:RallyTheTroops"],"relics":["Slimebound:AbsorbEndCombat","Ornamental Fan","Pear","Gremlin Horn","Matryoshka","downfall:HeartBlessingGreen","Odd Mushroom","Coffee Dripper","Bag of Preparation","Toy Ornithopter","Toxic Egg 2","Tiny Chest","Red Mask","SacredBark","Centennial Puzzle","Vajra","Nunchaku","Anchor","Oddly Smooth Stone","Toolbox","Smiling Mask","Mercury Hourglass","Bag of Marbles","Bottled Lightning"],"acts_visited":["Exordium","TheCity","TheBeyond"],"potions_floor_usage":[50],"damage_taken":[{"damage":4.0,"enemies":"Cultist","floor":2.0,"turns":3.0},{"damage":10.0,"enemies":"Jaw Worm","floor":3.0,"turns":3.0},{"damage":4.0,"enemies":"2 Louse","floor":5.0,"turns":3.0},{"damage":42.0,"enemies":"Gremlin Nob","floor":6.0,"turns":4.0},{"damage":51.0,"enemies":"3 Sentries","floor":8.0,"turns":7.0},{"damage":18.0,"enemies":"Blue Slaver","floor":12.0,"turns":4.0},{"damage":18.0,"enemies":"The Mushroom Lair","floor":14.0,"turns":3.0},{"damage":12.0,"enemies":"2 Fungi Beasts","floor":15.0,"turns":2.0},{"damage":25.0,"enemies":"downfall:Watcher","floor":16.0,"turns":8.0},{"damage":28.0,"enemies":"Shell Parasite","floor":19.0,"turns":5.0},{"damage":28.0,"enemies":"Spheric Guardian","floor":21.0,"turns":4.0},{"damage":32.0,"enemies":"Centurion and Healer","floor":25.0,"turns":3.0},{"damage":36.0,"enemies":"Slavers","floor":27.0,"turns":3.0},{"damage":30.0,"enemies":"Chosen and Byrds","floor":28.0,"turns":3.0},{"damage":20.0,"enemies":"Gremlin Leader","floor":29.0,"turns":3.0},{"damage":30.0,"enemies":"Snecko","floor":30.0,"turns":4.0},{"damage":20.0,"enemies":"Masked Bandits","floor":31.0,"turns":2.0},{"damage":34.0,"enemies":"Centurion and Healer","floor":32.0,"turns":3.0},{"damage":80.0,"enemies":"downfall:Ironclad","floor":33.0,"turns":7.0},{"damage":24.0,"enemies":"3 Darklings","floor":36.0,"turns":4.0},{"damage":41.0,"enemies":"Giant Head","floor":40.0,"turns":6.0},{"damage":28.0,"enemies":"downfall:FleeingMerchant","floor":42.0,"turns":4.0},{"damage":39.0,"enemies":"Nemesis","floor":43.0,"turns":3.0},{"damage":12.0,"enemies":"Orb Walker","floor":44.0,"turns":2.0},{"damage":42.0,"enemies":"Giant Head","floor":45.0,"turns":4.0},{"damage":61.0,"enemies":"Spire Growth","floor":46.0,"turns":3.0},{"damage":28.0,"enemies":"downfall:FleeingMerchant","floor":47.0,"turns":4.0},{"damage":37.0,"enemies":"Maw","floor":48.0,"turns":5.0},{"damage":28,"enemies":"Transient","floor":49,"turns":5},{"damage":49,"enemies":"downfall:Silent","floor":50,"turns":4}],"seed_played":"2514568217845998429","potions_obtained":[{"floor":3.0,"key":"LiquidMemories"},{"floor":12.0,"key":"EntropicBrew"},{"floor":15.0,"key":"Fire Potion"},{"floor":16.0,"key":"SteroidPotion"},{"floor":28.0,"key":"SteroidPotion"},{"floor":30.0,"key":"DuplicationPotion"},{"floor":33.0,"key":"Block Potion"},{"floor":46.0,"key":"Fire Potion"}],"is_trial":false,"path_per_floor":["R","M","M","?","M","E","T","E","R","?","R","M","R","?","M","B",null,"R","M","?","M","?","?","T","M","R","E","M","E","M","?","M","B",null,"R","M","?","?","T","E","T","$","E","M","E","M","$","M","M","B",null],"character_chosen":"SLIMEBOUND","items_purchased":["Toolbox","Secret Technique+1","Slimebound:Gluttony","Bag of Marbles","Bottled Lightning","AttackPotion"],"campfire_rested":1,"item_purchase_floors":[42,42,47,47,47,47],"current_hp_per_floor":[66,66,62,62,66,46,46,17,17,17,17,17,39,41,45,58,76,76,72,72,60,48,48,48,51,51,60,64,76,71,74,72,45,76,76,76,76,76,76,75,75,76,71,75,76,49,66,76,76,67],"gold":183,"neow_bonus":"TEN_PERCENT_HP_BONUS","is_daily":false,"chose_seed":false,"campfire_upgraded":6,"win_rate":0.0,"timestamp":1608602960,"path_taken":["R","M","M","?","M","E","T","E","R","?","R","?","R","?","M","BOSS","R","M","?","M","?","?","T","?","R","E","M","E","M","?","M","BOSS","R","M","?","?","?","E","T","$","E","?","E","M","$","M","M","BOSS"],"items_purchased_type":["Relic","Card","Card","Relic","Relic","Potion"],"build_version":"2020-12-13","purchased_purges":2,"victory":true,"max_hp_per_floor":[66,66,66,66,66,76,76,76,76,76,76,76,76,76,76,76,76,76,76,76,76,76,76,76,76,76,76,76,76,76,76,76,76,76,76,76,76,76,76,76,76,76,76,76,76,76,76,76,76,76],"card_choices":[{"not_picked":["Slimebound:SlimeSpikes","Slimebound:ProtectTheBoss"],"picked":"Slimebound:LeechEnergy","floor":2.0},{"not_picked":["Slimebound:SplitLeeching","Slimebound:ServeAndProtect","Slimebound:Equalize"],"picked":"SKIP","floor":3.0},{"not_picked":["Slimebound:LevelUp","Slimebound:Recollect"],"picked":"Slimebound:LeadByExample","floor":5.0},{"not_picked":["Slimebound:GoopSpray","Slimebound:SpikyOuterGoop"],"picked":"Slimebound:SplitMire","floor":6.0},{"not_picked":["Slimebound:AcidTongue","Slimebound:ComboTackle","Slimebound:SplitLeeching"],"picked":"SKIP","floor":8.0},{"not_picked":["Slimebound:RainOfGoop","Slimebound:ItLooksTasty"],"picked":"Slimebound:Schlurp","floor":12.0},{"not_picked":["Slimebound:MegaLick","Slimebound:LeechEnergy","Slimebound:FormOfPuddle"],"picked":"SKIP","floor":15.0},{"not_picked":["Slimebound:RallyTheTroops","Slimebound:PrepareCrush"],"picked":"Slimebound:SelfFormingGoo","floor":16.0},{"not_picked":["Slimebound:PressTheAttack","Slimebound:SamplingLick"],"picked":"Slimebound:Dissolve+1","floor":19.0},{"not_picked":["Slimebound:SlimeSpikes","Slimebound:FinishingTackle"],"picked":"Slimebound:SplitMire","floor":21.0},{"not_picked":["Slimebound:RejuvenatingLick","Slimebound:SplitAcid+1"],"picked":"Slimebound:SplitBruiser","floor":25.0},{"not_picked":["Slimebound:LeechingTouch","Slimebound:ItLooksTasty","Slimebound:Dissolve+1"],"picked":"SKIP","floor":27.0},{"not_picked":["Slimebound:RainOfGoop+1","Slimebound:LeechEnergy"],"picked":"Slimebound:SamplingLick+1","floor":28.0},{"not_picked":["Slimebound:MinionMaster","Slimebound:SplitLeeching+1"],"picked":"Slimebound:Nibble","floor":29.0},{"not_picked":["Slimebound:LeechEnergy","Slimebound:Recollect+1","Slimebound:ViciousTackle"],"picked":"SKIP","floor":30.0},{"not_picked":["Slimebound:PressTheAttack","Slimebound:FinishingTackle"],"picked":"Slimebound:Repurpose+1","floor":31.0},{"not_picked":["Slimebound:GrowthPunch","Slimebound:SlimeSpikes+1","Slimebound:DisruptingSlam+1"],"picked":"SKIP","floor":32.0},{"not_picked":["Slimebound:DuplicatedForm","Slimebound:CheckThePlaybook+1"],"picked":"Slimebound:Recycling","floor":33.0},{"not_picked":["Slimebound:DisruptingSlam","Slimebound:RainOfGoop+1"],"picked":"Slimebound:HauntingLick+1","floor":36.0},{"not_picked":["Slimebound:SlimeSlap","Slimebound:ServeAndProtect+1"],"picked":"Slimebound:SlimeBrawl+1","floor":40.0},{"not_picked":["Slimebound:SpikyOuterGoop","Slimebound:RejuvenatingLick+1","Slimebound:FinishingTackle"],"picked":"SKIP","floor":42.0},{"not_picked":["Slimebound:LeechEnergy+1","Slimebound:OozeBath+1"],"picked":"Slimebound:GrowthPunch","floor":43.0},{"not_picked":["Slimebound:SamplingLick+1","Slimebound:BestDefense","Slimebound:ViciousTackle"],"picked":"SKIP","floor":44.0},{"not_picked":["Slimebound:RollThrough+1","Slimebound:ComboTackle"],"picked":"Slimebound:SplitMire+1","floor":45.0},{"not_picked":["Slimebound:GoopSpray+1","Slimebound:SamplingLick+1","Slimebound:FlameTackle"],"picked":"SKIP","floor":46.0},{"not_picked":["Slimebound:Schlurp+1","Slimebound:SpikyOuterGoop"],"picked":"Slimebound:Recollect+1","floor":47.0},{"not_picked":["Slimebound:MegaLick+1","Slimebound:SplitAcid+1"],"picked":"Slimebound:RallyTheTroops","floor":48.0},{"not_picked":["Slimebound:SplitBruiser+1","Slimebound:SplitAcid+1","Slimebound:GoopSpray+1"],"picked":"SKIP","floor":49}],"player_experience":115621,"relics_obtained":[{"floor":6.0,"key":"Pear"},{"floor":7.0,"key":"Gremlin Horn"},{"floor":8.0,"key":"Matryoshka"},{"floor":14.0,"key":"Odd Mushroom"},{"floor":24.0,"key":"Bag of Preparation"},{"floor":24.0,"key":"Toy Ornithopter"},{"floor":27.0,"key":"Toxic Egg 2"},{"floor":29.0,"key":"Tiny Chest"},{"floor":31.0,"key":"Red Mask"},{"floor":38.0,"key":"Centennial Puzzle"},{"floor":39.0,"key":"Vajra"},{"floor":39.0,"key":"Nunchaku"},{"floor":40.0,"key":"Anchor"},{"floor":41.0,"key":"Oddly Smooth Stone"},{"floor":43.0,"key":"Smiling Mask"},{"floor":45.0,"key":"Mercury Hourglass"}],"event_choices":[{"cards_removed":["Slimebound:Defend_Slimebound"],"damage_healed":0.0,"max_hp_gain":0.0,"max_hp_loss":0.0,"gold_gain":0.0,"event_name":"NoteForYourself","player_choice":"Took Card","floor":10.0,"gold_loss":0.0,"damage_taken":0.0,"cards_obtained":["Iron Wave"]},{"damage_healed":0.0,"max_hp_gain":0.0,"max_hp_loss":0.0,"gold_gain":0.0,"event_name":"Mushrooms","player_choice":"Fought Mushrooms","floor":14.0,"gold_loss":0.0,"damage_taken":0.0},{"damage_healed":0.0,"max_hp_gain":0.0,"max_hp_loss":0.0,"gold_gain":0.0,"event_name":"Ghosts","player_choice":"Ignored","floor":20.0,"gold_loss":0.0,"damage_taken":0.0},{"cards_removed":["Slimebound:Defend_Slimebound"],"damage_healed":0.0,"max_hp_gain":0.0,"max_hp_loss":0.0,"gold_gain":0.0,"event_name":"Bonfire Elementals","player_choice":"Offered Basic","floor":23.0,"gold_loss":0.0,"damage_taken":0.0},{"damage_healed":0.0,"max_hp_gain":0.0,"max_hp_loss":0.0,"gold_gain":0.0,"event_name":"Masked Bandits","player_choice":"Fought Bandits","floor":31.0,"gold_loss":0.0,"damage_taken":0.0},{"damage_healed":0.0,"max_hp_gain":0.0,"max_hp_loss":0.0,"gold_gain":0.0,"event_name":"Wheel of Change","player_choice":"Relic","floor":38.0,"gold_loss":0.0,"damage_taken":0.0}],"is_beta":false,"boss_relics":[{"not_picked":["Pandora\u0027s Box","Empty Cage"],"picked":"Coffee Dripper"},{"not_picked":["Calling Bell","Fusion Hammer"],"picked":"SacredBark"}],"items_purged_floors":[42,47],"is_endless":false,"potions_floor_spawned":[3,12,15,16,28,30,31,33,40,43,46],"ascension_level":1}}