{"host":"uc3yqlcea8xhzyx4","time":1608608496,"event":{"mods":["2.2 Compatiblity","Act Like it!","BaseMod","Better Altar","Better Synergies","Better Third Choice","Better Vampires","CCEM","Clawfect","Colored Map","Colored Powertips","Conspire","Downfall","Energized Spire","GifTheSpireLib","Highlight Path","Infinite Spire","Jedi Mod","Marisa????????","Minty Spire (QoL Compilation)","Permanent Neow","Prisma Mod","Quick Restart","Replay The Spire","Shade Mod","Shop Mod","Spicy Shops","StSLib","The Marked","???????????mod"],"gold_per_floor":[114,134,84,84,9,9,36,36,36,51,51,51,69,69,80,95,110,110,206,156,156,261,261,281,291,306,28,28,28,61,61,88,111,190,275,287,302,502,517,534,534,639,639,701,765,436,480,521,521,566,629,629,687,687,687,687,687,687,748,748,748,748,748,894,894,949,949,949,1012,344,344,379,420,420,472,548,583,583,583,638,638,689,689,820,820,820,948,948,1008,933,987,987,1052,1052,1052,1052,1123,1191,1280,1359,1359,1453,1453,1453,1621,1621,1722,1722,1837,1955,1955,2086,2202,2202,2249,2276,2431,2588,2758,2758,1402,1402,1563,1563,1563,350,387,472],"floor_reached":129,"playtime":7301,"items_purged":["Shade:Strike_Shade","Mind Blast","Shade:ExtraLimbs+1","Shade:Defend_Shade","Shade:Bite_Shade"],"score":5086,"play_id":"3e3c11df-686a-4df3-b91c-f77a0909622d","local_time":"20201222044136","is_ascension_mode":false,"campfire_choices":[{"data":"Shade:AnimateDead","floor":9,"key":"SMITH"},{"data":"Shade:FleshLikeOak","floor":18,"key":"SMITH"},{"data":"Shade:Coordination","floor":21,"key":"SMITH"},{"data":"Shade:LoseControl","floor":31,"key":"SMITH"},{"data":"Shade:CommandSoldier","floor":41,"key":"SMITH"},{"data":"infinitespire:UltimateForm","floor":52,"key":"SMITH"},{"floor":54,"key":"REST"},{"floor":58,"key":"RECALL"},{"floor":60,"key":"REST"},{"floor":62,"key":"REST"},{"floor":63,"key":"REST"},{"data":"Apotheosis+1","floor":71,"key":"PURGE"},{"data":"Shade:SpectralStrikes+1","floor":78,"key":"PURGE"},{"data":"Shade:Doomsay","floor":81,"key":"PURGE"},{"data":"Shade:RitualOffering","floor":83,"key":"PURGE"},{"data":"Shade:RavenousHorde+1","floor":86,"key":"PURGE"},{"floor":94,"key":"DIG"},{"floor":96,"key":"DIG"},{"floor":101,"key":"DIG"},{"floor":103,"key":"DIG"},{"floor":104,"key":"DIG"},{"floor":114,"key":"DIG"},{"floor":120,"key":"DIG"},{"floor":122,"key":"DIG"},{"floor":125,"key":"DIG"}],"circlet_count":0,"master_deck":["Shade:AnimateDead+1","Shade:CarefulCut+1","Shade:FleshLikeOak+1","Shade:PressTheAttack+1","Shade:CommandSoldier+1","Master of Strategy+1","Shade:DangerousRitual+1","Shade:Coordination+1","Shade:LoseControl+1","Shade:Patience+1","Shade:GraveStillness+1","Shade:GraveStillness+1","Shade:FuneraryArmor+1","infinitespire:UltimateForm+1","Shade:GreaterAnimation+1","Shade:LichForm+1","infinitespire:UltimateForm+1","infinitespire:Collect","Shade:LichForm+1","PrismaMod:IllyaCheapChannelPoison+1"],"relics":["Shade:YorickSkull","CCEMRelics:FestiveHat","The Courier","conspire:BottledYoYo","infinitespire:ShieldingShard","energizedSpire:HugeHouse","infinitespire:EmpoweringShard","Oddly Smooth Stone","Pocketwatch","Bronze Scales","Singing Bowl","Happy Flower","conspire:RoyalGoblet","infinitespire:EvilPickle","Sling","Gremlin Horn","CaptainsWheel","Iron Hammer","Strawberry","Pandora\u0027s Box","Peace Pipe","Darkstone Periapt","DollysMirror","Incense Burner","Shovel","Pen Nib","jedi:shrinkray","conspire:TopHat","CCEMRelics:Pendulum","jedi:bottledfury","Replay:Bottled Snecko","Calipers","Replay:Bronze Core","Empty Cage","CCEMRelics:PorcelainBowl","ReplayTheSpireMod:Ninjato","BranchBurnRelic","Boot","Chameleon Ring","Bottled Tornado","Kunai","Replay:Mystery Machine","ReplayTheSpireMod:TigerMarble","infinitespire:EvilPickle","Calling Bell","CCEMRelics:Francisca","Onion Ring","jedi:cryingmask","PreservedInsect","Shuriken","Pondfish Scales","PreservedInsect","infinitespire:Beetle Shell","jedi:arcanewood","ReplayFunnel","Bottled Lightning","conspire:Dentures","Nunchaku","Art of War","StoneCalendar","ReplayTheSpireMod:Lightbulb","Frozen Eye","Golden Egg","Toy Ornithopter","energizedSpire:MagnifyingGlass","conspire:DeflatedDodgeball","Medical Kit","PrismaticShard","jedi:heavyjacket","InkBottle","Mercury Hourglass","Centennial Puzzle","Replay:Bottled Eggs","Omamori","Orichalcum"],"acts_visited":["Exordium","TheCity","TheBeyond","Exordium","TheCity","TheBeyond","TheEnding"],"potions_floor_usage":[],"damage_taken":[{"damage":0,"enemies":"2 Louse","floor":1,"turns":2},{"damage":0,"enemies":"Small Slimes","floor":2,"turns":4},{"damage":31,"enemies":"3 Sentries","floor":7,"turns":7},{"damage":2,"enemies":"Gremlin Gang","floor":10,"turns":2},{"damage":0,"enemies":"Exordium Thugs","floor":13,"turns":3},{"damage":0,"enemies":"conspire:2 RoseBushes","floor":15,"turns":3},{"damage":0,"enemies":"Looter","floor":16,"turns":3},{"damage":1,"enemies":"Large Slime","floor":17,"turns":4},{"damage":1,"enemies":"The Guardian","floor":19,"turns":9},{"damage":0,"enemies":"The Guardian","floor":22,"turns":6},{"damage":0,"enemies":"3 Byrds","floor":24,"turns":3},{"damage":0,"enemies":"Shell Parasite","floor":25,"turns":4},{"damage":5,"enemies":"Snecko","floor":26,"turns":5},{"damage":10,"enemies":"Nightmare","floor":30,"turns":7},{"damage":1,"enemies":"Book of Stabbing","floor":32,"turns":4},{"damage":0,"enemies":"Snake Plant","floor":36,"turns":3},{"damage":2,"enemies":"Centurion and Healer","floor":37,"turns":3},{"damage":0,"enemies":"conspire:HollyBat","floor":39,"turns":5},{"damage":0,"enemies":"Snecko","floor":40,"turns":3},{"damage":1,"enemies":"Pondfish","floor":42,"turns":8},{"damage":0,"enemies":"3 Darklings","floor":44,"turns":3},{"damage":2,"enemies":"3 Shapes","floor":45,"turns":4},{"damage":4,"enemies":"Jaw Worm Horde","floor":47,"turns":2},{"damage":0,"enemies":"Sphere and 2 Shapes","floor":48,"turns":4},{"damage":0,"enemies":"3 Darklings","floor":50,"turns":3},{"damage":0,"enemies":"R_Hoarder","floor":51,"turns":6},{"damage":22,"enemies":"Transient","floor":53,"turns":5},{"damage":0,"enemies":"Transient","floor":57,"turns":8},{"damage":0,"enemies":"Jaw Worm Horde","floor":59,"turns":2},{"damage":21,"enemies":"Awakened One","floor":64,"turns":7},{"damage":0,"enemies":"Cultist","floor":66,"turns":3},{"damage":0,"enemies":"Jaw Worm","floor":69,"turns":3},{"damage":0,"enemies":"Lagavulin","floor":72,"turns":4},{"damage":0,"enemies":"Small Slimes","floor":73,"turns":2},{"damage":0,"enemies":"Gremlin Nob","floor":75,"turns":3},{"damage":0,"enemies":"Red Slaver","floor":77,"turns":3},{"damage":0,"enemies":"3 Sentries","floor":80,"turns":3},{"damage":0,"enemies":"Looter","floor":82,"turns":2},{"damage":0,"enemies":"The Guardian","floor":84,"turns":5},{"damage":0,"enemies":"The Guardian","floor":87,"turns":5},{"damage":0,"enemies":"Spheric Guardian","floor":89,"turns":3},{"damage":1,"enemies":"2 Thieves","floor":91,"turns":3},{"damage":0,"enemies":"Centurion and Healer","floor":93,"turns":3},{"damage":0,"enemies":"Shelled Parasite and Fungi","floor":98,"turns":2},{"damage":0,"enemies":"Snake Plant","floor":99,"turns":3},{"damage":0,"enemies":"Snecko","floor":100,"turns":3},{"damage":0,"enemies":"Gremlin Leader","floor":102,"turns":3},{"damage":0,"enemies":"Pondfish","floor":105,"turns":4},{"damage":0,"enemies":"3 Darklings","floor":107,"turns":3},{"damage":0,"enemies":"3 Shapes","floor":109,"turns":2},{"damage":0,"enemies":"Sphere and 2 Shapes","floor":110,"turns":2},{"damage":0,"enemies":"Nemesis","floor":112,"turns":3},{"damage":0,"enemies":"Transient","floor":113,"turns":5},{"damage":0,"enemies":"3 Darklings","floor":117,"turns":2},{"damage":0,"enemies":"Nightmare","floor":118,"turns":4},{"damage":0,"enemies":"Sphere and 2 Shapes","floor":119,"turns":2},{"damage":0,"enemies":"Time Eater","floor":123,"turns":5},{"damage":0,"enemies":"Shield and Spear","floor":127,"turns":3},{"damage":0,"enemies":"The Heart","floor":128,"turns":7}],"seed_played":"-6219784555323741543","potions_obtained":[{"floor":10,"key":"LiquidBronze"},{"floor":13,"key":"Dexterity Potion"},{"floor":16,"key":"Flashbang"},{"floor":22,"key":"jedi:tentaclejuice"},{"floor":26,"key":"ColorlessPotion"},{"floor":40,"key":"DuplicationPotion"},{"floor":112,"key":"Fire Potion"}],"is_trial":false,"path_per_floor":["M","M","?","?","$","M","E","$","R","M","T","T","M","T","M","M","M","R","B",null,"R","B",null,"M","M","M","$","?","$","NM","R","E","T","T","?","M","M","?","M","M","R","B",null,"M","M","$","M","M","AVR","M","E","R","M","R","T","T","?","R","M","R","?","R","R","B",null,"M","?","T","M","$","R","E","M","M","E","T","M","R","AVR","E","R","M","R","B",null,"R_BF","B",null,"M","?","M","?","M","R","T","R","T","M","M","M","R","E","R_BF","R","B",null,"M","AVR","M","M","?","E","M","R","T","T","M","NM","M","R","$","R","B",null,"R","$","E","B",null],"character_chosen":"SHADE","items_purchased":["infinitespire:EmpoweringShard","Sling","Gremlin Horn","DollysMirror","Incense Burner","Shovel","Pen Nib","jedi:shrinkray","conspire:TopHat","Bottled Lightning","conspire:Dentures","Nunchaku","Art of War","StoneCalendar","ReplayTheSpireMod:Lightbulb","Frozen Eye","Golden Egg","Medical Kit","PrismaticShard","jedi:heavyjacket","InkBottle","Mercury Hourglass","Centennial Puzzle","Replay:Bottled Eggs","Omamori"],"campfire_rested":4,"item_purchase_floors":[27,46,46,70,70,70,70,70,70,121,121,121,121,121,121,121,121,126,126,126,126,126,126,126,126],"current_hp_per_floor":[65,65,65,65,65,65,34,34,34,32,32,32,32,32,32,32,31,31,30,30,30,30,60,60,60,55,55,55,55,45,45,44,44,44,31,31,31,31,33,33,33,34,68,68,66,66,64,66,66,66,66,66,46,68,68,75,81,81,83,83,64,85,85,66,87,89,89,89,91,91,91,93,95,95,97,97,99,99,99,101,101,103,103,105,105,105,107,107,109,109,110,110,112,112,112,112,112,115,117,119,119,121,121,121,121,121,123,123,123,125,125,127,129,129,129,129,131,133,135,135,135,135,137,137,137,137,137,139],"gold":472,"neow_bonus":"REMOVE_CARD","is_daily":false,"chose_seed":false,"campfire_upgraded":6,"win_rate":0.0,"timestamp":1608608496,"path_taken":["M","M","?","?","?","?","E","$","R","M","T","T","M","?","M","M","M","R","BOSS","R","BOSS","M","?","M","$","?","$","NM","R","E","T","T","?","M","M","?","M","M","R","BOSS","M","M","$","M","M","AVR","M","E","R","?","R","T","T","?","R","M","R","?","R","R","BOSS","M","?","?","M","$","R","E","M","?","E","T","?","R","AVR","E","R","M","R","BOSS","R_BF","BOSS","M","?","M","?","M","R","?","R","T","M","?","?","R","E","R_BF","R","BOSS","M","AVR","?","M","?","E","M","R","T","T","M","NM","M","R","$","R","BOSS","R","$","E","BOSS"],"items_purchased_type":["Relic","Relic","Relic","Relic","Relic","Relic","Relic","Relic","Relic","Relic","Relic","Relic","Relic","Relic","Relic","Relic","Relic","Relic","Relic","Relic","Relic","Relic","Relic","Relic","Relic"],"build_version":"2020-12-13","purchased_purges":5,"victory":true,"max_hp_per_floor":[65,65,65,65,65,65,65,65,65,65,65,65,65,65,65,65,65,65,65,60,60,60,60,60,60,60,60,60,60,60,60,60,60,60,62,62,64,64,66,66,66,68,68,68,68,68,70,72,72,72,72,72,74,74,74,81,81,81,83,83,85,85,85,87,87,89,89,89,91,91,91,93,95,95,97,97,99,99,99,101,101,103,103,105,105,105,107,107,109,109,111,111,113,113,113,113,113,115,117,119,119,121,121,121,121,121,123,123,123,125,125,127,129,129,129,129,131,133,135,135,135,135,137,137,137,137,137,139],"card_choices":[{"not_picked":["Shade:PotionOfRestlessness","Shade:CloudOfShrapnel"],"picked":"Shade:FleshLikeOak","floor":1},{"not_picked":["Shade:FleshToFlesh","Shade:Asphyxiate"],"picked":"Shade:Bonestorm","floor":2},{"not_picked":["Shade:Premonition","Shade:PotionOfRestlessness"],"picked":"Shade:PressTheAttack","floor":7},{"not_picked":["Replay:Dark Deal+1","Magnetism+1"],"picked":"Apotheosis+1","floor":10},{"not_picked":["Shade:CallOfTheGrave","Shade:CallWraith"],"picked":"Shade:CommandSoldier","floor":10},{"not_picked":["expansioncontent:StudyTheSpire+1","Finesse+1"],"picked":"Master of Strategy+1","floor":13},{"not_picked":["Shade:Brains","Shade:Trample","Shade:ClawBack"],"picked":"SKIP","floor":13},{"not_picked":["expansioncontent:Torchfire+1","Sadistic Nature+1"],"picked":"Master of Strategy+1","floor":15},{"not_picked":["Shade:LyeBath","Shade:Asphyxiate"],"picked":"Shade:DangerousRitual","floor":15},{"not_picked":["Shade:SkeletonHug","Shade:CoffinDance","Shade:Trample"],"picked":"SKIP","floor":16},{"not_picked":["Shade:ScuttlingHand","Shade:ClawBack","Shade:FreshBones"],"picked":"SKIP","floor":17},{"not_picked":["Shade:SoulPierce","Shade:Putrefaction"],"picked":"Shade:Coordination","floor":19},{"not_picked":["Shade:LastGasp","Shade:SelfBurial"],"picked":"Shade:LoseControl","floor":22},{"not_picked":["Shade:PressTheAttack","Shade:FingerOfDeath"],"picked":"Shade:ExtraLimbs+1","floor":24},{"not_picked":["Shade:ClawBack","Shade:ScuttlingHand","Shade:Frenzy"],"picked":"SKIP","floor":25},{"not_picked":["Shade:Premonition","Shade:BoneShards","Shade:GreyBargain"],"picked":"SKIP","floor":26},{"not_picked":["Shade:FleshOffering+1","Shade:Asphyxiate","Shade:Consume"],"picked":"SKIP","floor":30},{"not_picked":["Shade:FleshOffering+1","Shade:Asphyxiate","Shade:Consume"],"picked":"SKIP","floor":30},{"not_picked":["Shade:AncientSpear","Shade:ScuttlingHand"],"picked":"Shade:Patience+1","floor":32},{"not_picked":["Shade:ClawBack","Shade:GreyBargain+1"],"picked":"Shade:RavenousHorde","floor":35},{"not_picked":["Shade:SkeletonHug","Shade:FingerOfDeath","Shade:AncientSpear"],"picked":"Singing Bowl","floor":35},{"not_picked":["Shade:GreyBargain","Shade:Trample"],"picked":"Shade:GraveStillness","floor":36},{"not_picked":["Shade:Premonition","Shade:BoneShards","Shade:FleshToFlesh"],"picked":"Singing Bowl","floor":37},{"not_picked":["Shade:GreyBargain+1","Shade:Consume","Shade:SkeletonHug"],"picked":"Singing Bowl","floor":39},{"not_picked":["Shade:GoDigging","Shade:Trample"],"picked":"Shade:GraveStillness+1","floor":40},{"not_picked":["Shade:SelfBurial","Shade:DarkOfNight","Shade:OfferingToTheBeyond"],"picked":"Singing Bowl","floor":42},{"not_picked":["Shade:Frenzy+1","Shade:ClawBack+1"],"picked":"Shade:FuneraryArmor+1","floor":44},{"not_picked":["Shade:ExtraLimbs+1","Shade:WallOfFlesh"],"picked":"Shade:SpectralStrikes","floor":45},{"not_picked":["Shade:Frenzy","Shade:OminousRitual","Shade:RavenousHorde"],"picked":"Singing Bowl","floor":47},{"not_picked":["Shade:WallOfFlesh+1","Shade:AncientSpear+1","Shade:SpontaneousRitual+1"],"picked":"Singing Bowl","floor":48},{"not_picked":["Shade:BoneShards+1","Shade:Premonition+1"],"picked":"Shade:RitualOffering","floor":50},{"not_picked":["Shade:Patience","Shade:OneIsEnough"],"picked":"Shade:GreaterAnimation","floor":51},{"not_picked":["Shade:RitualOffering+1","Shade:Patience","Shade:FeralStrike"],"picked":"Singing Bowl","floor":53},{"not_picked":["Shade:FuneraryArmor+1","Shade:FreshBones+1"],"picked":"Shade:Brains+1","floor":57},{"not_picked":["Shade:PoundOfFlesh","Shade:Brains","Shade:FuneraryArmor"],"picked":"Singing Bowl","floor":59},{"not_picked":["infinitespire:Oblivion","infinitespire:Starlight","infinitespire:TheBestDefense"],"picked":"Singing Bowl","floor":61},{"not_picked":["Shade:SelfBurial","Shade:SoulPierce","Shade:LastGasp"],"picked":"Singing Bowl","floor":64},{"not_picked":["Shade:Frenzy","Shade:ExtraLimbs","Shade:Carnophage"],"picked":"Singing Bowl","floor":66},{"not_picked":["Shade:PotionOfRestlessness","Shade:BoneShards","Shade:Bonestorm"],"picked":"Singing Bowl","floor":69},{"not_picked":["Shade:ExtraLimbs","Shade:MadHubris","Shade:SelfBurial"],"picked":"Singing Bowl","floor":72},{"not_picked":["Shade:GraveStillness","Shade:FeralStrike","Shade:Frenzy"],"picked":"Singing Bowl","floor":73},{"not_picked":["Shade:SkeletonHug","Shade:SensePrey","Shade:Carnophage"],"picked":"Singing Bowl","floor":75},{"not_picked":["Shade:FingerOfDeath","Shade:SanguineRitual","Shade:OminousRitual"],"picked":"Singing Bowl","floor":77},{"not_picked":["Shade:CommandSoldier","Shade:GraveStillness","Shade:FuneraryJewels"],"picked":"Singing Bowl","floor":80},{"not_picked":["Shade:CloudOfShrapnel","Shade:Brains","Shade:WallOfFlesh"],"picked":"Singing Bowl","floor":82},{"not_picked":["ReplayTheSpireMod:Echoes of Time","ReplayTheSpireMod:Book of Names"],"picked":"infinitespire:Collect","floor":84},{"not_picked":["Shade:OneIsEnough","Shade:Consume","Shade:Putrefaction"],"picked":"Singing Bowl","floor":84},{"not_picked":["Shade:MadHubris","Shade:Coordination","Shade:DarkOfNight"],"picked":"Singing Bowl","floor":87},{"not_picked":["Shade:Carnophage","Shade:Frenzy","Shade:GraveStillness"],"picked":"Singing Bowl","floor":89},{"not_picked":["Shade:BoneShards+1","Shade:DarkOfNight","Shade:SkeletonHug"],"picked":"Singing Bowl","floor":91},{"not_picked":["Shade:FuneraryJewels","Shade:AblativeArmor+1","Shade:SanguineRitual"],"picked":"Singing Bowl","floor":93},{"not_picked":["Shade:Frenzy","Shade:GoDigging","Shade:Consume"],"picked":"Singing Bowl","floor":98},{"not_picked":["Shade:SpectralStrikes","Shade:BoneShards+1","Shade:SkeletonHug"],"picked":"Singing Bowl","floor":99},{"not_picked":["Shade:SkeletonHug","Shade:ClawBack","Shade:Trample"],"picked":"Singing Bowl","floor":100},{"not_picked":["Shade:DarkOfNight","Shade:SpontaneousRitual+1","Shade:AncientSpear+1"],"picked":"Singing Bowl","floor":102},{"not_picked":["Shade:GreaterAnimation","Shade:SoulPierce"],"picked":"Shade:LichForm","floor":105},{"not_picked":["Shade:DangerousRitual+1","Shade:FreshBones","Shade:ExtraLimbs"],"picked":"Singing Bowl","floor":107},{"not_picked":["Shade:Asphyxiate","Shade:Carnophage","Shade:BoneShards+1"],"picked":"SKIP","floor":109},{"not_picked":["Shade:WallOfFlesh","Shade:Premonition+1","Shade:FreshBones+1"],"picked":"Singing Bowl","floor":110},{"not_picked":["Shade:Consume","Shade:Bonestorm","Shade:LichForm"],"picked":"Singing Bowl","floor":112},{"not_picked":["Shade:Bonestorm+1","Shade:AncientSpear","Shade:FuneraryJewels"],"picked":"Singing Bowl","floor":113},{"not_picked":["Shade:ScuttlingHand","Shade:ExtraLimbs","Shade:OpenGraves"],"picked":"Singing Bowl","floor":117},{"not_picked":["Shade:Bonestorm+1","Shade:ClawBack","Shade:CloudOfShrapnel+1"],"picked":"Singing Bowl","floor":118},{"not_picked":["Shade:SpectralStrikes+1","Shade:CoffinDance","Shade:Bite_Shade+1"],"picked":"Singing Bowl","floor":119},{"not_picked":["Shade:UnbarTheGrave","Shade:GreaterAnimation","Shade:LoseControl"],"picked":"Singing Bowl","floor":123},{"not_picked":["theMarked:Frustration","Shade:DarkOfNight"],"picked":"PrismaMod:IllyaCheapChannelPoison+1","floor":127},{"not_picked":["Clawfect:ClawForOne","PrismaMod:IllyaZwei","DeusExMachina"],"picked":"Singing Bowl","floor":128}],"player_experience":227856,"relics_obtained":[{"floor":7,"key":"CCEMRelics:FestiveHat"},{"floor":11,"key":"The Courier"},{"floor":12,"key":"conspire:BottledYoYo"},{"floor":14,"key":"infinitespire:ShieldingShard"},{"floor":30,"key":"Oddly Smooth Stone"},{"floor":32,"key":"Pocketwatch"},{"floor":33,"key":"Bronze Scales"},{"floor":34,"key":"Singing Bowl"},{"floor":35,"key":"Happy Flower"},{"floor":51,"key":"Iron Hammer"},{"floor":56,"key":"Strawberry"},{"floor":67,"key":"Peace Pipe"},{"floor":68,"key":"Darkstone Periapt"},{"floor":72,"key":"CCEMRelics:Pendulum"},{"floor":75,"key":"jedi:bottledfury"},{"floor":76,"key":"Replay:Bottled Snecko"},{"floor":80,"key":"Calipers"},{"floor":92,"key":"CCEMRelics:PorcelainBowl"},{"floor":94,"key":"Dead Branch"},{"floor":95,"key":"ReplayTheSpireMod:Ninjato"},{"floor":96,"key":"Boot"},{"floor":97,"key":"Chameleon Ring"},{"floor":101,"key":"Bottled Tornado"},{"floor":102,"key":"Kunai"},{"floor":103,"key":"Replay:Mystery Machine"},{"floor":104,"key":"ReplayTheSpireMod:TigerMarble"},{"floor":106,"key":"CCEMRelics:Francisca"},{"floor":106,"key":"Onion Ring"},{"floor":106,"key":"jedi:cryingmask"},{"floor":112,"key":"Shuriken"},{"floor":114,"key":"Pondfish Scales"},{"floor":115,"key":"PreservedInsect"},{"floor":116,"key":"infinitespire:Beetle Shell"},{"floor":118,"key":"jedi:arcanewood"},{"floor":120,"key":"ReplayFunnel"},{"floor":122,"key":"Toy Ornithopter"},{"floor":125,"key":"conspire:DeflatedDodgeball"},{"floor":127,"key":"Orichalcum"}],"event_choices":[{"cards_removed":["Shade:Strike_Shade"],"damage_healed":0,"gold_gain":0,"player_choice":"Card Removal","damage_taken":0,"max_hp_gain":0,"max_hp_loss":0,"event_name":"The Cleric","floor":3,"gold_loss":50},{"damage_healed":0,"gold_gain":250,"player_choice":"Bet on Owner","damage_taken":0,"max_hp_gain":0,"max_hp_loss":0,"event_name":"The Joust","floor":38,"gold_loss":50},{"cards_removed":["Shade:Brains"],"damage_healed":0,"gold_gain":0,"player_choice":"Gave Gold","damage_taken":0,"max_hp_gain":0,"max_hp_loss":0,"event_name":"Beggar","floor":90,"gold_loss":75},{"damage_healed":0,"gold_gain":0,"player_choice":"Ignored","damage_taken":0,"max_hp_gain":0,"max_hp_loss":0,"event_name":"Tomb of Lord Red Mask","floor":111,"gold_loss":0}],"is_beta":false,"boss_relics":[{"not_picked":["energizedSpire:RedRose","Philosopher\u0027s Stone"],"picked":"energizedSpire:HugeHouse"},{"not_picked":["Snecko Eye","Honey Jar","Velvet Choker"]},{"not_picked":["ChewingGum","energizedSpire:SpiderWeb"],"picked":"conspire:RoyalGoblet"},{"not_picked":["energizedSpire:DeadBattery","Tiny House"],"picked":"Pandora\u0027s Box"},{"not_picked":["Replay:Drink Me","CCEMRelics:GreenEgg"],"picked":"Replay:Bronze Core"},{"not_picked":["Cursed Key","Snecko Eye"],"picked":"Empty Cage"},{"not_picked":["Replay:Grab Bag","ReplayTheSpireMod:SealedPack"],"picked":"Calling Bell"},{"not_picked":["Runic Dome","energizedSpire:SpiderWeb"],"picked":"energizedSpire:MagnifyingGlass"}],"items_purged_floors":[5,27,46,49,79],"is_endless":true,"potions_floor_spawned":[10,13,16,19,22,25,26,32,40,44,51,53,57,66,77,80,84,93,98,105,107,110,112,117,123,127],"ascension_level":0}}