{"host":"yo9wwslrag05lh37","time":1608602179,"event":{"mods":["AchievementEnabler","BaseMod","Block Reminder","Colored Map","Colored Powertips","GifTheSpireLib","HexUI Lib","Highlight Path","Minty Spire (QoL Compilation)","Rare Cards Sparkle","Relic Stats","StSLib","everything is the same but u backflip on backflip"],"gold_per_floor":[113,113,133,143,163,192,203,203,203,203,258,283,318,26,26,112,112,139,184,0,11,34,34,34,34],"floor_reached":24,"playtime":845,"items_purged":["Strike_B"],"score":441,"play_id":"0004aff3-2ee1-4492-aca6-5f5644e82d1e","local_time":"20201222025619","is_ascension_mode":true,"campfire_choices":[{"data":"Defragment","floor":8.0,"key":"SMITH"},{"floor":10.0,"key":"REST"},{"data":"Defragment","floor":15.0,"key":"SMITH"},{"floor":23.0,"key":"REST"}],"circlet_count":0,"master_deck":["AscendersBane","Defend_B","Defend_B","Defend_B","Defend_B","Zap+1","Dualcast","Sweeping Beam","Defragment+1","Darkness","FTL","Genetic Algorithm","Doom and Gloom","Coolheaded","Rainbow","Defragment+1","Genetic Algorithm","Melter","Electrodynamics","Compile Driver","Bite","Bite","Bite","Bite","Bite","Compile Driver"],"relics":["Cracked Core","Tiny Chest","CeramicFish","MawBank","Philosopher\u0027s Stone"],"acts_visited":["Exordium","TheCity"],"potions_floor_usage":[24,24],"damage_taken":[{"damage":1.0,"enemies":"Cultist","floor":1.0,"turns":3.0},{"damage":4.0,"enemies":"Small Slimes","floor":3.0,"turns":3.0},{"damage":1.0,"enemies":"2 Louse","floor":4.0,"turns":3.0},{"damage":7.0,"enemies":"2 Fungi Beasts","floor":5.0,"turns":3.0},{"damage":36.0,"enemies":"Gremlin Nob","floor":6.0,"turns":4.0},{"damage":15.0,"enemies":"Exordium Thugs","floor":7.0,"turns":4.0},{"damage":6.0,"enemies":"3 Louse","floor":12.0,"turns":3.0},{"damage":14.0,"enemies":"3 Sentries","floor":13.0,"turns":5.0},{"damage":5.0,"enemies":"Slime Boss","floor":16.0,"turns":7.0},{"damage":7.0,"enemies":"Spheric Guardian","floor":18.0,"turns":3.0},{"damage":14.0,"enemies":"3 Byrds","floor":21.0,"turns":2.0},{"damage":43.0,"enemies":"Snake Plant","floor":22.0,"turns":4.0},{"damage":33,"enemies":"Book of Stabbing","floor":24,"turns":3}],"seed_played":"-345664847711902905","potions_obtained":[{"floor":4.0,"key":"LiquidMemories"},{"floor":5.0,"key":"SpeedPotion"},{"floor":12.0,"key":"Weak Potion"},{"floor":13.0,"key":"EssenceOfSteel"},{"floor":16.0,"key":"Strength Potion"},{"floor":18.0,"key":"Block Potion"},{"floor":22.0,"key":"BlessingOfTheForge"}],"is_trial":false,"path_per_floor":["M","?","M","M","M","E","M","R","T","R","?","M","E","$","R","B",null,"M","?","?","M","M","R","E"],"character_chosen":"DEFECT","items_purchased":["Defragment","FocusPotion","Genetic Algorithm","Melter"],"campfire_rested":2,"item_purchase_floors":[14,14,14,14],"current_hp_per_floor":[70,70,66,65,58,22,7,7,7,30,30,24,10,10,10,5,60,53,53,53,39,6,22,0,0],"gold":34,"neow_bonus":"TEN_PERCENT_HP_BONUS","is_daily":false,"chose_seed":false,"campfire_upgraded":2,"win_rate":0.0,"timestamp":1608602179,"path_taken":["M","?","?","M","M","E","M","R","T","R","?","M","E","$","R","BOSS","M","?","?","M","M","R","E"],"items_purchased_type":["Card","Potion","Card","Card"],"build_version":"2020-12-13","purchased_purges":1,"victory":false,"max_hp_per_floor":[78,78,78,78,78,78,78,78,78,78,78,78,78,78,78,78,78,78,54,54,54,54,54,54,54],"relic_stats":{"counters":[13,47],"CeramicFish":117,"Tiny Chest":0,"MawBank":12,"obtain_stats":[{"CeramicFish":9,"Tiny Chest":6,"Philosopher\u0027s Stone":17,"Cracked Core":0,"MawBank":13},{"CeramicFish":6,"Tiny Chest":5,"Philosopher\u0027s Stone":9,"Cracked Core":0,"MawBank":8},{"CeramicFish":20,"Tiny Chest":16,"Philosopher\u0027s Stone":35,"Cracked Core":0,"MawBank":28}]},"card_choices":[{"not_picked":["Conserve Battery","Hello World"],"picked":"Sweeping Beam","floor":1.0},{"not_picked":["Compile Driver","Stack"],"picked":"Defragment","floor":3.0},{"not_picked":["Meteor Strike","Hologram"],"picked":"Darkness","floor":4.0},{"not_picked":["Scrape","Compile Driver"],"picked":"FTL","floor":5.0},{"not_picked":["Conserve Battery","Go for the Eyes"],"picked":"Genetic Algorithm","floor":6.0},{"not_picked":["Sunder","Sweeping Beam"],"picked":"Doom and Gloom","floor":7.0},{"not_picked":["Gash","Tempest"],"picked":"Coolheaded","floor":12.0},{"not_picked":["Force Field","Beam Cell"],"picked":"Rainbow","floor":13.0},{"not_picked":["All For One","Core Surge"],"picked":"Electrodynamics","floor":16.0},{"not_picked":["Turbo","Steam+1"],"picked":"Compile Driver","floor":18.0},{"not_picked":["Ball Lightning+1","Stack","Consume"],"picked":"SKIP","floor":21.0},{"not_picked":["Conserve Battery","Sweeping Beam"],"picked":"Compile Driver","floor":22.0}],"player_experience":1376742,"relics_obtained":[{"floor":6.0,"key":"Tiny Chest"},{"floor":9.0,"key":"CeramicFish"},{"floor":13.0,"key":"MawBank"}],"event_choices":[{"damage_healed":0.0,"max_hp_gain":0.0,"max_hp_loss":0.0,"gold_gain":0.0,"event_name":"Accursed Blacksmith","player_choice":"Forge","floor":2.0,"gold_loss":0.0,"damage_taken":0.0,"cards_upgraded":["Zap"]},{"damage_healed":0.0,"max_hp_gain":0.0,"max_hp_loss":0.0,"gold_gain":55.0,"event_name":"Golden Wing","player_choice":"Gained Gold","floor":11.0,"gold_loss":0.0,"damage_taken":0.0},{"damage_healed":0.0,"max_hp_gain":0.0,"max_hp_loss":24.0,"gold_gain":0.0,"event_name":"Vampires","player_choice":"Became a vampire","floor":19.0,"gold_loss":0.0,"damage_taken":0.0,"cards_obtained":["Bite","Bite","Bite","Bite","Bite"]},{"damage_healed":0.0,"max_hp_gain":0.0,"max_hp_loss":0.0,"gold_gain":0.0,"event_name":"Masked Bandits","player_choice":"Paid Fearfully","floor":20.0,"gold_loss":184.0,"damage_taken":0.0}],"is_beta":false,"boss_relics":[{"not_picked":["Black Star","SlaversCollar"],"picked":"Philosopher\u0027s Stone"}],"items_purged_floors":[14],"is_endless":false,"potions_floor_spawned":[4,5,12,13,16,18,22],"killed_by":"Book of Stabbing","ascension_level":20}}