{"host":"03a85bwj0a5skoit","time":1608622151,"event":{"mods":["BaseMod","Block Reminder","Minty Spire (QoL Compilation)","Relic Stats","StSLib"],"gold_per_floor":[115,133,133,283,8,35,35,35,35,35,49,49,49,68,68,143,143,156,156,156,168,181,181,55,55,55,55,55,55],"floor_reached":28,"playtime":615,"items_purged":["Doubt","Writhe"],"score":448,"play_id":"3df3f0e9-3b6c-4985-a5a6-926b815d36c5","local_time":"20201222175911","is_ascension_mode":true,"campfire_choices":[{"data":"Catalyst","floor":7,"key":"SMITH"},{"data":"Sucker Punch","floor":10,"key":"SMITH"},{"data":"Noxious Fumes","floor":12,"key":"SMITH"},{"floor":15,"key":"REST"},{"floor":23,"key":"REST"},{"data":"Burst","floor":25,"key":"SMITH"}],"circlet_count":0,"master_deck":["AscendersBane","Strike_G","Strike_G","Strike_G","Strike_G","Defend_G+1","Defend_G","Defend_G","Survivor","Neutralize+1","CurseOfTheBell","Noxious Fumes","Sucker Punch+1","Noxious Fumes+1","Catalyst+1","Flying Knee","Crippling Poison","Burst+1","Acrobatics","Blur","Die Die Die","Dagger Throw","Bane+1"],"relics":["Calling Bell","Bag of Marbles","StrikeDummy","Ice Cream","Bronze Scales","Tough Bandages","Thread and Needle","SacredBark","The Courier","Frozen Egg 2"],"acts_visited":["Exordium","TheCity"],"potions_floor_usage":[8,21],"damage_taken":[{"damage":0,"enemies":"Jaw Worm","floor":1,"turns":1},{"damage":0,"enemies":"2 Louse","floor":2,"turns":3},{"damage":10,"enemies":"Lagavulin","floor":6,"turns":7},{"damage":6,"enemies":"Gremlin Nob","floor":8,"turns":3},{"damage":0,"enemies":"Small Slimes","floor":11,"turns":2},{"damage":0,"enemies":"Looter","floor":14,"turns":2},{"damage":3,"enemies":"Hexaghost","floor":16,"turns":7},{"damage":20,"enemies":"2 Thieves","floor":18,"turns":4},{"damage":20,"enemies":"Shell Parasite","floor":21,"turns":5},{"damage":14,"enemies":"3 Cultists","floor":22,"turns":5},{"damage":14,"enemies":"Chosen and Byrds","floor":28,"turns":4}],"seed_played":"-4637147451735133015","potions_obtained":[{"floor":6,"key":"SmokeBomb"},{"floor":11,"key":"Strength Potion"},{"floor":16,"key":"Ancient Potion"},{"floor":18,"key":"BlessingOfTheForge"},{"floor":21,"key":"Fruit Juice"}],"is_trial":false,"path_per_floor":["M","M","?","?","$","E","R","E","T","R","M","R","?","M","R","B",null,"M","?","?","M","M","R","$","R","T","?","M"],"character_chosen":"THE_SILENT","items_purchased":["Noxious Fumes","Bronze Scales","SteroidPotion"],"campfire_rested":2,"item_purchase_floors":[5,5,24],"current_hp_per_floor":[59,59,39,39,39,29,29,23,23,23,23,23,16,16,35,32,58,38,38,38,28,14,36,36,36,36,14,0,0],"gold":55,"neow_bonus":"BOSS_RELIC","is_daily":false,"chose_seed":false,"campfire_upgraded":4,"win_rate":0.0,"timestamp":1608622151,"path_taken":["M","M","?","?","$","E","R","E","T","R","M","R","?","M","R","BOSS","M","?","?","M","M","R","$","R","T","?","M"],"items_purchased_type":["Card","Relic","Potion"],"build_version":"2020-12-13","purchased_purges":2,"victory":false,"max_hp_per_floor":[66,66,66,66,66,66,66,66,66,66,66,66,66,66,66,66,66,66,66,66,76,76,76,76,76,76,81,81,81],"relic_stats":{"Tough Bandages":[21],"counters":[11,43],"Bronze Scales":[114],"obtain_stats":[{"Calling Bell":0,"Ice Cream":0,"Tough Bandages":6,"Bronze Scales":5,"SacredBark":17,"Thread and Needle":9,"The Courier":19,"Bag of Marbles":0,"Frozen Egg 2":26,"StrikeDummy":0,"Ring of the Snake":0},{"Calling Bell":0,"Ice Cream":0,"Tough Bandages":3,"Bronze Scales":2,"SacredBark":7,"Thread and Needle":4,"The Courier":8,"Bag of Marbles":0,"Frozen Egg 2":10,"StrikeDummy":0,"Ring of the Snake":0},{"Calling Bell":0,"Ice Cream":0,"Tough Bandages":11,"Bronze Scales":4,"SacredBark":25,"Thread and Needle":14,"The Courier":29,"Bag of Marbles":0,"Frozen Egg 2":39,"StrikeDummy":0,"Ring of the Snake":0}]},"card_choices":[{"not_picked":["PiercingWail","All Out Attack"],"picked":"Noxious Fumes","floor":1},{"not_picked":["Prepared","Dash"],"picked":"Sucker Punch","floor":2},{"not_picked":["Distraction","Dodge and Roll"],"picked":"Catalyst","floor":6},{"not_picked":["PiercingWail","Underhanded Strike"],"picked":"Flying Knee","floor":11},{"not_picked":["Quick Slash","Cloak And Dagger"],"picked":"Crippling Poison","floor":14},{"not_picked":["Venomology","Unload"],"picked":"Burst","floor":16},{"not_picked":["Outmaneuver","Infinite Blades+1"],"picked":"Acrobatics","floor":18},{"not_picked":["Cloak And Dagger","Quick Slash"],"picked":"Dagger Throw","floor":21},{"not_picked":["Prepared","Backflip"],"picked":"Bane+1","floor":22}],"player_experience":2296232,"relics_obtained":[{"floor":0,"key":"Bag of Marbles"},{"floor":0,"key":"StrikeDummy"},{"floor":0,"key":"Ice Cream"},{"floor":6,"key":"Tough Bandages"},{"floor":9,"key":"Thread and Needle"},{"floor":26,"key":"Frozen Egg 2"}],"event_choices":[{"damage_healed":0,"gold_gain":0,"player_choice":"Entered Light","damage_taken":20,"max_hp_gain":0,"max_hp_loss":0,"event_name":"Shining Light","floor":3,"gold_loss":0,"cards_upgraded":["Neutralize","Defend_G"]},{"damage_healed":0,"gold_gain":150,"player_choice":"AGREE","damage_taken":0,"max_hp_gain":0,"max_hp_loss":0,"event_name":"Liars Game","floor":4,"gold_loss":0,"cards_obtained":["Doubt"]},{"cards_removed":["Strike_G"],"damage_healed":0,"gold_gain":0,"player_choice":"Card Removal","damage_taken":7,"max_hp_gain":0,"max_hp_loss":0,"event_name":"Golden Wing","floor":13,"gold_loss":0},{"damage_healed":0,"gold_gain":0,"player_choice":"Opened","damage_taken":0,"relics_obtained":["The Courier"],"max_hp_gain":0,"max_hp_loss":0,"event_name":"The Mausoleum","floor":19,"gold_loss":0,"cards_obtained":["Writhe"]},{"damage_healed":0,"gold_gain":0,"cards_transformed":["Defend_G","Defend_G"],"player_choice":"Became Test Subject","damage_taken":0,"max_hp_gain":0,"max_hp_loss":0,"event_name":"Drug Dealer","floor":20,"gold_loss":0,"cards_obtained":["Blur","Die Die Die"]},{"damage_healed":0,"gold_gain":0,"player_choice":"Shed Blood","damage_taken":27,"max_hp_gain":5,"max_hp_loss":0,"event_name":"Forgotten Altar","floor":27,"gold_loss":0}],"is_beta":false,"boss_relics":[{"not_picked":["Coffee Dripper","Astrolabe"],"picked":"SacredBark"}],"items_purged_floors":[5,24],"is_endless":false,"potions_floor_spawned":[6,11,16,18,21],"killed_by":"Chosen and Byrds","ascension_level":20}}