{"host":"93x13jgem5w43hjr","time":1608653267,"event":{"mods":["AchievementEnabler","BaseMod","Colored Map","Colored Powertips","Downfall","Minty Spire (QoL Compilation)","Remilia??????","StSLib","The Animator"],"gold_per_floor":[123,137,137,137,165,165,70,70,94,94,132,174,240,270,270,377,377,397,397,397,395,423,423,461,461,461,492,492,533,533,568,568,573,573],"floor_reached":33,"playtime":3049,"items_purged":[],"score":259,"play_id":"80878ef6-8b8b-4201-9b48-92396cf858b3","local_time":"20201222090747","is_ascension_mode":false,"campfire_choices":[{"data":"animator:Demiurge","floor":6,"key":"SMITH"},{"data":"animator:Defend_Kancolle","floor":8,"key":"SMITH"},{"data":"animator:Demiurge","floor":10,"key":"SMITH"},{"floor":15,"key":"REST"},{"data":"animator:PinaCoLada","floor":23,"key":"SMITH"},{"floor":25,"key":"DIG"},{"floor":28,"key":"DIG"},{"floor":32,"key":"DIG"}],"circlet_count":0,"master_deck":["animator:Strike_Overlord+1","animator:Defend_Overlord+1","animator:Cocytus","animator:Demiurge+1","animator:GuildGirl","animator:Demiurge+1","animator:YaoHaDucy","animator:Strike_FullmetalAlchemist+1","animator:Strike_Elsword+1","animator:Defend_FullmetalAlchemist+1","animator:Defend_Kancolle+1","animator:Defend_GoblinSlayer+1","animator:PandorasActor","animator:Raven","animator:Raven","animator:PinaCoLada+1","animator:Add","animator:Shinoa","animator:Shalltear","animator:Albedo","Writhe","animator:Bozes+1"],"relics":["animator:LivingPicture","animator:TheMissingPiece","Letter Opener","Shovel","Coffee Dripper","Blood Vial","Potion Belt","Toxic Egg 2","Lantern","animator:BattleDrones","Happy Flower"],"acts_visited":["Exordium","TheCity"],"potions_floor_usage":[13,13,16,18,18,21,22,33],"damage_taken":[{"damage":2,"enemies":"Jaw Worm","floor":1,"turns":4},{"damage":0,"enemies":"2 Louse","floor":2,"turns":4},{"damage":0,"enemies":"Small Slimes","floor":5,"turns":5},{"damage":11,"enemies":"Exordium Thugs","floor":11,"turns":5},{"damage":0,"enemies":"2 Fungi Beasts","floor":12,"turns":4},{"damage":23,"enemies":"Gremlin Nob","floor":13,"turns":6},{"damage":3,"enemies":"Large Slime","floor":14,"turns":6},{"damage":6,"enemies":"Hexaghost","floor":16,"turns":9},{"damage":2,"enemies":"Spheric Guardian","floor":18,"turns":5},{"damage":8,"enemies":"2 Thieves","floor":21,"turns":4},{"damage":7,"enemies":"Centurion and Healer","floor":22,"turns":7},{"damage":18,"enemies":"Book of Stabbing","floor":24,"turns":7},{"damage":15,"enemies":"Shelled Parasite and Fungi","floor":27,"turns":8},{"damage":4,"enemies":"Snake Plant","floor":29,"turns":6},{"damage":1,"enemies":"3 Cultists","floor":31,"turns":5},{"damage":36,"enemies":"Automaton","floor":33,"turns":6}],"seed_played":"1274855625420087044","potions_obtained":[{"floor":11,"key":"SteroidPotion"},{"floor":12,"key":"PowerPotion"},{"floor":13,"key":"Fire Potion"},{"floor":14,"key":"Strength Potion"},{"floor":16,"key":"FearPotion"},{"floor":18,"key":"AttackPotion"},{"floor":21,"key":"Dexterity Potion"},{"floor":29,"key":"ColorlessPotion"}],"is_trial":false,"path_per_floor":["M","M","?","T","M","R","?","R","T","R","M","M","?","M","R","B",null,"M","?","?","M","M","R","E","R","T","M","R","M","?","M","R","B"],"character_chosen":"THE_ANIMATOR","items_purchased":[],"campfire_rested":1,"item_purchase_floors":[],"current_hp_per_floor":[70,70,70,70,70,70,70,70,70,70,59,59,36,33,54,48,72,71,71,71,63,56,56,39,39,39,26,26,24,24,25,25,0,0],"gold":573,"neow_bonus":"TEN_PERCENT_HP_BONUS","is_daily":false,"chose_seed":false,"campfire_upgraded":4,"win_rate":0.0,"timestamp":1608653267,"path_taken":["M","M","?","?","M","R","?","R","T","R","M","M","?","?","R","BOSS","M","?","?","?","M","R","E","R","T","M","R","M","?","M","R","BOSS"],"items_purchased_type":[],"build_version":"2020-12-13","purchased_purges":0,"victory":false,"max_hp_per_floor":[72,72,72,72,72,72,72,72,72,72,72,72,72,72,72,72,72,73,73,73,73,73,73,74,74,74,74,74,74,74,74,74,74,74],"card_choices":[{"not_picked":["animator:Tatsumaki","animator:MumenRider"],"picked":"animator:GuildGirl","floor":1},{"not_picked":["animator:Shigure","animator:Geryuganshoop"],"picked":"animator:Demiurge","floor":2},{"not_picked":["animator:IzunaHatsuse","animator:Entoma"],"picked":"animator:YaoHaDucy","floor":5},{"not_picked":["animator:Evileye","animator:Entoma"],"picked":"animator:PandorasActor","floor":11},{"not_picked":["animator:Mikaela","animator:KrulTepes"],"picked":"animator:Raven","floor":12},{"not_picked":["animator:Entoma","animator:DwarfShaman"],"picked":"animator:Raven","floor":14},{"not_picked":["animator:Saitama","animator:Eve"],"picked":"animator:PinaCoLada","floor":16},{"not_picked":["animator:Aisha","animator:Laby"],"picked":"animator:Add","floor":18},{"not_picked":["animator:PandorasActor","animator:HiiragiShinya","animator:Shigure+1"],"picked":"SKIP","floor":21},{"not_picked":["animator:HiiragiShinya+1","animator:Demiurge+1"],"picked":"animator:Shinoa","floor":22},{"not_picked":["animator:Yoichi","animator:Sonic"],"picked":"animator:Shalltear","floor":24},{"not_picked":["animator:Lu","animator:Geryuganshoop+1"],"picked":"animator:Albedo","floor":29},{"not_picked":["animator:LizardPriest+1","animator:Kuribayashi+1"],"picked":"animator:Bozes+1","floor":31}],"player_experience":183049,"relics_obtained":[{"floor":4,"key":"Letter Opener"},{"floor":13,"key":"Shovel"},{"floor":24,"key":"Blood Vial"},{"floor":25,"key":"Potion Belt"},{"floor":26,"key":"Toxic Egg 2"},{"floor":28,"key":"Lantern"},{"floor":32,"key":"Happy Flower"}],"event_choices":[{"cards_removed":["animator:Strike"],"damage_healed":0,"gold_gain":0,"player_choice":"Forget","damage_taken":0,"max_hp_gain":0,"max_hp_loss":0,"event_name":"Living Wall","floor":3,"gold_loss":0},{"damage_healed":0,"gold_gain":0,"player_choice":"Searched \u00271\u0027 times","damage_taken":0,"max_hp_gain":0,"max_hp_loss":0,"event_name":"Dead Adventurer","floor":13,"gold_loss":0},{"damage_healed":0,"gold_gain":0,"player_choice":"Simplicity","damage_taken":0,"max_hp_gain":0,"max_hp_loss":0,"event_name":"Back to Basics","floor":19,"gold_loss":0,"cards_upgraded":["animator:Strike_Overlord","animator:Defend_Overlord","animator:Strike_FullmetalAlchemist","animator:Strike_Elsword","animator:Defend_FullmetalAlchemist","animator:Defend_GoblinSlayer"]},{"damage_healed":0,"gold_gain":0,"player_choice":"Ignored","damage_taken":0,"max_hp_gain":0,"max_hp_loss":0,"event_name":"Vampires","floor":20,"gold_loss":0},{"damage_healed":0,"gold_gain":0,"player_choice":"Opened","damage_taken":0,"relics_obtained":["animator:BattleDrones"],"max_hp_gain":0,"max_hp_loss":0,"event_name":"The Mausoleum","floor":30,"gold_loss":0,"cards_obtained":["Writhe"]}],"is_beta":false,"boss_relics":[{"not_picked":["Sozu","Astrolabe"],"picked":"Coffee Dripper"}],"items_purged_floors":[],"is_endless":false,"potions_floor_spawned":[11,12,13,14,16,18,21,29],"killed_by":"Automaton","ascension_level":0}}