{"host":"esx1hwjnbftf3eqj","time":1608617685,"event":{"mods":["BaseMod","Colored Map","Minty Spire (QoL Compilation)","StSLib","The Jungle"],"gold_per_floor":[119,394,407,332,342,342,371,371,371,383,416,57,57,70,70,165,165,184,184,59,79,79,126,126,126,126,141,141,174,187,65,65,170,170,185,185,205,225,24,24,44,44,44,44,58,71,21,21,21,21],"floor_reached":51,"playtime":8278,"items_purged":["Regret","Defend_G","Defend_G","Defend_G","Defend_G","Strike_G"],"score":963,"play_id":"d02c193b-0536-4511-81b6-b5724f66e8d0","local_time":"20201221221445","is_ascension_mode":true,"campfire_choices":[{"data":"Well Laid Plans","floor":6,"key":"SMITH"},{"data":"Neutralize","floor":8,"key":"SMITH"},{"data":"Footwork","floor":13,"key":"SMITH"},{"data":"Calculated Gamble","floor":15,"key":"SMITH"},{"data":"Wraith Form v2","floor":24,"key":"SMITH"},{"data":"Choke","floor":28,"key":"SMITH"},{"floor":32,"key":"DIG"},{"floor":40,"key":"DIG"},{"floor":42,"key":"DIG"},{"floor":49,"key":"DIG"}],"circlet_count":0,"master_deck":["Survivor+1","Neutralize+1","Footwork+1","Well Laid Plans+1","Blade Dance+1","Crippling Poison+1","Backstab+1","Leg Sweep+1","Calculated Gamble+1","Wraith Form v2+1","Dagger Spray+1","Leg Sweep+1","Flechettes+1","Blur+1","Choke+1","Finisher+1","Infinite Blades+1","Leg Sweep+1","Night Terror+1","Deadly Poison+1","Skewer+1","Deadly Poison+1","Night Terror+1","Leg Sweep+1","Riddle With Holes+1","Blur+1"],"relics":["Ring of the Snake","Ice Cream","Torii","PreservedInsect","White Beast Statue","Snecko Eye","Shovel","Smiling Mask","Eternal Feather","Pen Nib","Coffee Dripper","Bag of Preparation","DollysMirror","Ornamental Fan","Omamori","HornCleat","Mark of the Bloom","Letter Opener"],"acts_visited":["Exordium","TheCity","TheBeyond"],"potions_floor_usage":[7,11,16,23,23,27,33,33,37,50,50,50],"damage_taken":[{"damage":0,"enemies":"Small Slimes","floor":1,"turns":5},{"damage":5,"enemies":"Cultist","floor":3,"turns":6},{"damage":0,"enemies":"2 Louse","floor":5,"turns":4},{"damage":6,"enemies":"Lagavulin","floor":7,"turns":10},{"damage":1,"enemies":"Exordium Wildlife","floor":10,"turns":5},{"damage":14,"enemies":"Gremlin Nob","floor":11,"turns":5},{"damage":1,"enemies":"Blue Slaver","floor":14,"turns":4},{"damage":10,"enemies":"Slime Boss","floor":16,"turns":21},{"damage":0,"enemies":"3 Byrds","floor":18,"turns":6},{"damage":0,"enemies":"Chosen","floor":21,"turns":5},{"damage":0,"enemies":"Gremlin Leader","floor":23,"turns":8},{"damage":2,"enemies":"Snake Plant","floor":27,"turns":5},{"damage":28,"enemies":"Slavers","floor":29,"turns":10},{"damage":1,"enemies":"Snecko","floor":30,"turns":5},{"damage":18,"enemies":"Collector","floor":33,"turns":8},{"damage":0,"enemies":"3 Darklings","floor":35,"turns":5},{"damage":0,"enemies":"Orb Walker","floor":37,"turns":3},{"damage":0,"enemies":"3 Darklings","floor":38,"turns":5},{"damage":0,"enemies":"Maw","floor":41,"turns":8},{"damage":0,"enemies":"Sphere and 2 Shapes","floor":45,"turns":3},{"damage":0,"enemies":"Jaw Worm Horde","floor":46,"turns":4},{"damage":26,"enemies":"Awakened One","floor":50,"turns":19}],"seed_played":"3599813118555026636","potions_obtained":[{"floor":3,"key":"SteroidPotion"},{"floor":10,"key":"Poison Potion"},{"floor":11,"key":"ColorlessPotion"},{"floor":14,"key":"SkillPotion"},{"floor":16,"key":"AttackPotion"},{"floor":18,"key":"ColorlessPotion"},{"floor":21,"key":"CultistPotion"},{"floor":23,"key":"SteroidPotion"},{"floor":27,"key":"Dexterity Potion"},{"floor":29,"key":"Block Potion"},{"floor":33,"key":"Block Potion"},{"floor":35,"key":"FearPotion"},{"floor":37,"key":"Fruit Juice"},{"floor":38,"key":"SmokeBomb"},{"floor":41,"key":"DuplicationPotion"}],"is_trial":false,"path_per_floor":["M","?","M","$","M","R","E","R","T","M","E","$","R","M","R","B",null,"M","?","$","M","?","E","R","?","T","M","R","E","M","$","R","B",null,"M","?","M","M","$","R","M","R","T","?","M","M","$","?","R","B",null],"character_chosen":"THE_SILENT","items_purchased":["White Beast Statue","Leg Sweep","DollysMirror"],"campfire_rested":0,"item_purchase_floors":[12,31,39],"current_hp_per_floor":[63,63,58,58,58,58,52,52,52,51,37,37,37,36,36,26,59,59,59,59,59,59,59,59,59,59,57,57,29,28,28,40,22,58,58,58,63,63,63,75,75,75,75,75,75,75,75,75,75,49],"gold":21,"neow_bonus":"TRANSFORM_CARD","is_daily":false,"chose_seed":false,"campfire_upgraded":6,"win_rate":0.0,"timestamp":1608617685,"path_taken":["M","?","M","$","M","R","E","R","T","M","E","$","R","?","R","BOSS","M","?","$","M","?","E","R","?","T","M","R","E","?","$","R","BOSS","M","?","?","?","$","R","M","R","T","?","M","?","$","?","R","BOSS"],"items_purchased_type":["Relic","Card","Relic"],"build_version":"2020-12-13","purchased_purges":6,"victory":true,"max_hp_per_floor":[70,70,70,70,70,70,70,70,70,70,70,70,70,70,70,70,70,70,70,70,70,70,70,70,70,70,70,70,70,70,70,70,70,70,70,70,75,75,75,75,75,75,75,75,75,75,75,75,75,75],"card_choices":[{"not_picked":["Backflip","Prepared"],"picked":"Well Laid Plans","floor":1},{"not_picked":["Deflect","Deadly Poison"],"picked":"Blade Dance","floor":3},{"not_picked":["Dagger Throw","Choke","All Out Attack"],"picked":"SKIP","floor":5},{"not_picked":["Endless Agony","Masterful Stab"],"picked":"Crippling Poison","floor":7},{"not_picked":["Flying Knee","Reflex"],"picked":"Backstab","floor":10},{"not_picked":["Expertise","Setup"],"picked":"Leg Sweep","floor":11},{"not_picked":["Deflect","Quick Slash"],"picked":"Calculated Gamble","floor":14},{"not_picked":["After Image","Venomology"],"picked":"Wraith Form v2","floor":16},{"not_picked":["Finisher","Sucker Punch","Dagger Spray+1"],"picked":"SKIP","floor":18},{"not_picked":["Deflect","Cloak And Dagger"],"picked":"Dagger Spray","floor":21},{"not_picked":["Dagger Throw","Dagger Spray"],"picked":"Flechettes","floor":23},{"not_picked":["Flying Knee","Underhanded Strike"],"picked":"Finisher","floor":27},{"not_picked":["Bane","Phantasmal Killer"],"picked":"Infinite Blades","floor":29},{"not_picked":["Slice","Catalyst","Bane"],"picked":"SKIP","floor":30},{"not_picked":["A Thousand Cuts","Storm of Steel"],"picked":"Night Terror","floor":33},{"not_picked":["Dagger Spray","Flying Knee"],"picked":"Deadly Poison+1","floor":35},{"not_picked":["Flechettes+1","Leg Sweep+1"],"picked":"Skewer","floor":37},{"not_picked":["Heel Hook","Expertise"],"picked":"Deadly Poison+1","floor":38},{"not_picked":["Finisher","Backflip+1"],"picked":"Leg Sweep+1","floor":41},{"not_picked":["Bane","Expertise"],"picked":"Blur+1","floor":45},{"not_picked":["Slice+1","Backflip+1","Bane"],"picked":"SKIP","floor":46}],"player_experience":579156,"relics_obtained":[{"floor":7,"key":"Ice Cream"},{"floor":9,"key":"Torii"},{"floor":11,"key":"PreservedInsect"},{"floor":23,"key":"Shovel"},{"floor":26,"key":"Smiling Mask"},{"floor":29,"key":"Eternal Feather"},{"floor":32,"key":"Pen Nib"},{"floor":36,"key":"Bag of Preparation"},{"floor":40,"key":"Ornamental Fan"},{"floor":42,"key":"Omamori"},{"floor":43,"key":"HornCleat"},{"floor":49,"key":"Letter Opener"}],"event_choices":[{"damage_healed":0,"gold_gain":275,"player_choice":"Desecrate","damage_taken":0,"max_hp_gain":0,"max_hp_loss":0,"event_name":"Golden Shrine","floor":2,"gold_loss":0,"cards_obtained":["Regret"]},{"cards_removed":["Strike_G"],"damage_healed":0,"gold_gain":0,"player_choice":"Elegance","damage_taken":0,"max_hp_gain":0,"max_hp_loss":0,"event_name":"Back to Basics","floor":19,"gold_loss":0},{"damage_healed":0,"gold_gain":0,"player_choice":"Read","damage_taken":0,"max_hp_gain":0,"max_hp_loss":0,"event_name":"The Library","floor":22,"gold_loss":0,"cards_obtained":["Leg Sweep"]},{"damage_healed":0,"gold_gain":0,"cards_transformed":["Strike_G","Strike_G"],"player_choice":"Became Test Subject","damage_taken":0,"max_hp_gain":0,"max_hp_loss":0,"event_name":"Drug Dealer","floor":25,"gold_loss":0,"cards_obtained":["Blur","Choke"]},{"damage_healed":0,"gold_gain":0,"player_choice":"Relic","damage_taken":0,"max_hp_gain":0,"max_hp_loss":0,"event_name":"Wheel of Change","floor":36,"gold_loss":0},{"damage_healed":0,"gold_gain":0,"cards_transformed":["Defend_G"],"player_choice":"Transformed","damage_taken":0,"max_hp_gain":0,"max_hp_loss":0,"event_name":"Transmorgrifier","floor":44,"gold_loss":0,"cards_obtained":["Riddle With Holes"]},{"damage_healed":0,"gold_gain":0,"player_choice":"Upgrade","damage_taken":0,"relics_obtained":["Mark of the Bloom"],"max_hp_gain":0,"max_hp_loss":0,"event_name":"MindBloom","floor":48,"gold_loss":0,"cards_upgraded":["Survivor","Blade Dance","Crippling Poison","Backstab","Leg Sweep","Dagger Spray","Leg Sweep","Flechettes","Blur","Finisher","Infinite Blades","Leg Sweep","Night Terror","Skewer","Night Terror","Riddle With Holes"]}],"is_beta":false,"boss_relics":[{"not_picked":["Black Star","Busted Crown"],"picked":"Snecko Eye"},{"not_picked":["Astrolabe","Sozu"],"picked":"Coffee Dripper"}],"items_purged_floors":[4,12,20,31,39,47],"is_endless":false,"potions_floor_spawned":[3,10,11,14,16,18,21,23,27,29,30,33,35,37,38,41,45,46],"ascension_level":8}}