{"host":"yp47u74hk6n79vj1","time":1608664815,"event":{"mods":["BaseMod","Minty Spire (QoL Compilation)"],"gold_per_floor":[113,113,113,124,144,170,189,189,243,259,278,294,326,197,197,297,297,281,296,314,314,86,86,86],"floor_reached":23,"playtime":1348,"items_purged":["Strike_B","Defend_B"],"score":205,"play_id":"5e2b63d0-34b0-4f37-b6d2-be2aad7b85eb","local_time":"20201222142015","is_ascension_mode":false,"campfire_choices":[{"data":"Streamline","floor":8,"key":"SMITH"},{"data":"Loop","floor":15,"key":"SMITH"}],"circlet_count":0,"master_deck":["Strike_B","Strike_B","Defend_B","Defend_B","Zap","Dualcast","Glacier","Streamline+1","Chill","Self Repair","Loop+1","Streamline","Conserve Battery","Seek","Conserve Battery","Capacitor+1","Capacitor","Turbo"],"relics":["Cracked Core","Blue Candle","Ancient Tea Set"],"acts_visited":["Exordium","TheCity"],"potions_floor_usage":[6,19],"damage_taken":[{"damage":1,"enemies":"Jaw Worm","floor":1,"turns":4},{"damage":0,"enemies":"Cultist","floor":4,"turns":5},{"damage":0,"enemies":"Small Slimes","floor":5,"turns":2},{"damage":22,"enemies":"3 Sentries","floor":6,"turns":14},{"damage":3,"enemies":"Exordium Thugs","floor":7,"turns":7},{"damage":7,"enemies":"Red Slaver","floor":10,"turns":3},{"damage":0,"enemies":"2 Fungi Beasts","floor":11,"turns":3},{"damage":6,"enemies":"Exordium Wildlife","floor":12,"turns":7},{"damage":12,"enemies":"Gremlin Nob","floor":13,"turns":4},{"damage":21,"enemies":"Slime Boss","floor":16,"turns":12},{"damage":13,"enemies":"2 Thieves","floor":18,"turns":4},{"damage":0,"enemies":"Spheric Guardian","floor":19,"turns":6},{"damage":10,"enemies":"Centurion and Healer","floor":20,"turns":19},{"damage":84,"enemies":"Gremlin Leader","floor":23,"turns":9}],"seed_played":"-2776064528845770724","potions_obtained":[{"floor":5,"key":"Swift Potion"},{"floor":7,"key":"Swift Potion"},{"floor":13,"key":"SmokeBomb"},{"floor":16,"key":"Block Potion"}],"is_trial":false,"path_per_floor":["M","?","?","M","M","E","M","R","T","M","M","M","E","$","R","B",null,"M","M","M","?","$","E"],"character_chosen":"DEFECT","items_purchased":["Conserve Battery","Capacitor","Turbo"],"campfire_rested":0,"item_purchase_floors":[14,22,22],"current_hp_per_floor":[74,79,79,79,79,57,54,54,54,47,54,55,50,50,50,36,80,74,80,77,77,77,0,0],"gold":86,"neow_bonus":"REMOVE_CARD","is_daily":false,"chose_seed":false,"campfire_upgraded":2,"win_rate":0.0,"timestamp":1608664815,"path_taken":["M","?","?","M","M","E","M","R","T","M","?","M","E","$","R","BOSS","M","M","M","?","$","E"],"items_purchased_type":["Card","Card","Card"],"build_version":"2020-12-13","purchased_purges":2,"victory":false,"max_hp_per_floor":[75,80,80,80,80,80,80,80,80,80,80,80,80,80,80,80,80,80,80,80,80,80,80,80],"card_choices":[{"not_picked":["Rebound","Redo"],"picked":"Glacier","floor":1},{"not_picked":["Steam","Rip and Tear"],"picked":"Streamline","floor":4},{"not_picked":["Stack","Fusion","Ball Lightning"],"picked":"SKIP","floor":5},{"not_picked":["Storm","Undo"],"picked":"Chill","floor":6},{"not_picked":["Fusion","Recycle","Steam"],"picked":"SKIP","floor":7},{"not_picked":["Auto Shields","Gash"],"picked":"Self Repair","floor":10},{"not_picked":["Fusion","Ball Lightning","Beam Cell"],"picked":"SKIP","floor":11},{"not_picked":["Redo","Reboot"],"picked":"Loop","floor":12},{"not_picked":["Redo","Ball Lightning"],"picked":"Streamline","floor":13},{"not_picked":["All For One","Hyperbeam"],"picked":"Seek","floor":16},{"not_picked":["Rip and Tear+1","Hologram"],"picked":"Conserve Battery","floor":18},{"not_picked":["Lockon","Stack+1","Conserve Battery"],"picked":"SKIP","floor":19},{"not_picked":["Leap","Ball Lightning+1"],"picked":"Capacitor","floor":20}],"player_experience":489850,"relics_obtained":[{"floor":6,"key":"Blue Candle"},{"floor":13,"key":"Ancient Tea Set"}],"event_choices":[{"damage_healed":0,"gold_gain":0,"player_choice":"Donut","damage_taken":0,"max_hp_gain":5,"max_hp_loss":0,"event_name":"Big Fish","floor":2,"gold_loss":0},{"cards_removed":["Defend_B"],"damage_healed":0,"gold_gain":0,"player_choice":"Offered Basic","damage_taken":0,"max_hp_gain":0,"max_hp_loss":0,"event_name":"Bonfire Elementals","floor":3,"gold_loss":0},{"damage_healed":0,"gold_gain":0,"player_choice":"Upgraded","damage_taken":0,"max_hp_gain":0,"max_hp_loss":0,"event_name":"Upgrade Shrine","floor":21,"gold_loss":0,"cards_upgraded":["Capacitor"]}],"is_beta":false,"boss_relics":[{"not_picked":["Ectoplasm","Snecko Eye","Pandora\u0027s Box"]}],"items_purged_floors":[14,22],"is_endless":false,"potions_floor_spawned":[5,7,13,16],"killed_by":"Gremlin Leader","ascension_level":0}}