{"host":"03a85bwj0a5skoit","time":1608605387,"event":{"mods":["BaseMod","Block Reminder","Minty Spire (QoL Compilation)","Relic Stats","StSLib"],"gold_per_floor":[119,119,137,212,212,245,269,304,304,348,348,368,406,420,420,513,513,527,527,527,543,11,45,2,2,2,2,17,67,87,155,155,155,155],"floor_reached":33,"playtime":921,"items_purged":[],"score":636,"play_id":"ecb75d35-6803-442e-a31f-f62ce3b61c03","local_time":"20201222131947","is_ascension_mode":true,"campfire_choices":[{"data":"Armaments","floor":11,"key":"SMITH"},{"data":"Armaments","floor":15,"key":"SMITH"},{"data":"Panache","floor":25,"key":"SMITH"},{"floor":32,"key":"REST"}],"circlet_count":0,"master_deck":["AscendersBane","Strike_R","Strike_R","Strike_R","Strike_R","Strike_R","Defend_R","Defend_R","Defend_R","Defend_R","Bash","Anger","Perfected Strike","Twin Strike","Armaments+1","Armaments+1","Seeing Red","True Grit","Shrug It Off","Impervious","Perfected Strike+1","Perfected Strike","Clash","Panache+1","Disarm","Second Wind+1","Spot Weakness","Flex+1","Twin Strike"],"relics":["Burning Blood","NeowsBlessing","Singing Bowl","Bloody Idol","StrikeDummy","Bag of Preparation","Kunai","Lantern","Centennial Puzzle","SacredBark","Tiny Chest","Art of War","Toxic Egg 2","InkBottle"],"acts_visited":["Exordium","TheCity"],"potions_floor_usage":[8,10,13,21,23,28,28],"damage_taken":[{"damage":0,"enemies":"Cultist","floor":1,"turns":1},{"damage":0,"enemies":"Jaw Worm","floor":3,"turns":1},{"damage":0,"enemies":"Gremlin Nob","floor":6,"turns":1},{"damage":7,"enemies":"Small Slimes","floor":7,"turns":3},{"damage":18,"enemies":"Lagavulin","floor":8,"turns":5},{"damage":9,"enemies":"3 Sentries","floor":10,"turns":7},{"damage":3,"enemies":"Blue Slaver","floor":12,"turns":3},{"damage":7,"enemies":"Gremlin Nob","floor":13,"turns":3},{"damage":0,"enemies":"3 Louse","floor":14,"turns":2},{"damage":26,"enemies":"Hexaghost","floor":16,"turns":7},{"damage":3,"enemies":"Spheric Guardian","floor":18,"turns":3},{"damage":0,"enemies":"3 Byrds","floor":21,"turns":3},{"damage":38,"enemies":"Book of Stabbing","floor":23,"turns":7},{"damage":36,"enemies":"3 Cultists","floor":28,"turns":8},{"damage":18,"enemies":"Centurion and Healer","floor":30,"turns":5},{"damage":56,"enemies":"Automaton","floor":33,"turns":6}],"seed_played":"-2050849895928539741","potions_obtained":[{"floor":7,"key":"HeartOfIron"},{"floor":8,"key":"Energy Potion"},{"floor":10,"key":"SpeedPotion"},{"floor":12,"key":"AttackPotion"},{"floor":13,"key":"SteroidPotion"},{"floor":18,"key":"SkillPotion"},{"floor":23,"key":"PowerPotion"}],"is_trial":false,"path_per_floor":["M","?","M","?","?","E","M","E","T","E","R","M","E","M","R","B",null,"M","?","?","M","$","E","$","R","T","?","M","?","M","T","R","B"],"character_chosen":"IRONCLAD","items_purchased":["Tiny Chest","Panache","Disarm","DistilledChaos","Spot Weakness"],"campfire_rested":1,"item_purchase_floors":[22,22,22,22,24],"current_hp_per_floor":[74,48,56,45,45,51,50,38,38,35,35,38,37,43,43,23,58,61,61,61,70,70,43,43,43,43,43,18,23,16,21,42,0,0],"gold":155,"neow_bonus":"THREE_ENEMY_KILL","is_daily":false,"chose_seed":false,"campfire_upgraded":3,"win_rate":0.0,"timestamp":1608605387,"path_taken":["M","?","M","?","?","E","M","E","T","E","R","M","E","M","R","BOSS","M","?","?","M","$","E","$","R","T","?","?","?","M","?","R","BOSS"],"items_purchased_type":["Relic","Card","Card","Potion","Card"],"build_version":"2020-12-13","purchased_purges":0,"victory":false,"max_hp_per_floor":[75,75,77,77,70,70,70,70,70,70,70,70,70,70,70,70,70,70,70,70,70,70,70,70,70,70,70,70,70,70,70,70,70,70],"relic_stats":{"Centennial Puzzle":[18],"Singing Bowl":2,"counters":[16,65],"Bloody Idol":28,"Tiny Chest":1,"Bag of Preparation":[22],"Art of War":[3],"Kunai":[11],"obtain_stats":[{"Lantern":10,"NeowsBlessing":0,"Singing Bowl":2,"Golden Idol":5,"SacredBark":17,"Bag of Preparation":8,"Burning Blood":0,"Centennial Puzzle":13,"Bloody Idol":19,"Tiny Chest":22,"Art of War":23,"Kunai":9,"Toxic Egg 2":26,"StrikeDummy":6,"InkBottle":31},{"Lantern":6,"NeowsBlessing":0,"Singing Bowl":1,"Golden Idol":2,"SacredBark":10,"Bag of Preparation":5,"Burning Blood":0,"Centennial Puzzle":8,"Bloody Idol":11,"Tiny Chest":12,"Art of War":13,"Kunai":5,"Toxic Egg 2":13,"StrikeDummy":3,"InkBottle":15},{"Lantern":18,"NeowsBlessing":0,"Singing Bowl":1,"Golden Idol":2,"SacredBark":33,"Bag of Preparation":11,"Burning Blood":0,"Centennial Puzzle":24,"Bloody Idol":36,"Tiny Chest":39,"Art of War":46,"Kunai":11,"Toxic Egg 2":46,"StrikeDummy":3,"InkBottle":59}],"Burning Blood":90,"InkBottle":[2]},"card_choices":[{"not_picked":["True Grit","Heavy Blade"],"picked":"Anger","floor":1},{"not_picked":["Sentinel","Body Slam","Bloodletting"],"picked":"Singing Bowl","floor":3},{"not_picked":["Pommel Strike","Berserk"],"picked":"Perfected Strike","floor":6},{"not_picked":["Clash","Warcry"],"picked":"Twin Strike","floor":7},{"not_picked":["Sentinel","Dropkick"],"picked":"Armaments","floor":8},{"not_picked":["Power Through","Second Wind"],"picked":"Armaments","floor":10},{"not_picked":["Headbutt","Clash"],"picked":"Seeing Red","floor":12},{"not_picked":["Disarm","Fire Breathing"],"picked":"True Grit","floor":13},{"not_picked":["Clothesline","Dark Embrace"],"picked":"Shrug It Off","floor":14},{"not_picked":["Bludgeon","Fiend Fire"],"picked":"Impervious","floor":16},{"not_picked":["True Grit","Iron Wave"],"picked":"Perfected Strike+1","floor":18},{"not_picked":["Rampage","Clothesline+1"],"picked":"Clash","floor":21},{"not_picked":["True Grit","Iron Wave"],"picked":"Second Wind+1","floor":23},{"not_picked":["Heavy Blade","Armaments+1"],"picked":"Flex+1","floor":28},{"not_picked":["Anger","Armaments+1"],"picked":"Twin Strike","floor":30}],"player_experience":2283950,"relics_obtained":[{"floor":6,"key":"StrikeDummy"},{"floor":8,"key":"Bag of Preparation"},{"floor":9,"key":"Kunai"},{"floor":10,"key":"Lantern"},{"floor":13,"key":"Centennial Puzzle"},{"floor":23,"key":"Art of War"},{"floor":26,"key":"Toxic Egg 2"},{"floor":31,"key":"InkBottle"}],"event_choices":[{"damage_healed":0,"gold_gain":0,"player_choice":"Success","damage_taken":26,"relics_obtained":["Singing Bowl"],"max_hp_gain":0,"max_hp_loss":0,"event_name":"Scrap Ooze","floor":2,"gold_loss":0},{"damage_healed":0,"gold_gain":75,"player_choice":"Gather Gold","damage_taken":11,"max_hp_gain":0,"max_hp_loss":0,"event_name":"World of Goop","floor":4,"gold_loss":0},{"damage_healed":0,"gold_gain":0,"player_choice":"Lose Max HP","damage_taken":0,"relics_obtained":["Golden Idol"],"max_hp_gain":0,"max_hp_loss":7,"event_name":"Golden Idol","floor":5,"gold_loss":0},{"damage_healed":0,"gold_gain":0,"player_choice":"Gave Idol","damage_taken":0,"relics_obtained":["Bloody Idol"],"max_hp_gain":0,"max_hp_loss":0,"event_name":"Forgotten Altar","floor":19,"relics_lost":["Golden Idol"],"gold_loss":0},{"damage_healed":0,"gold_gain":0,"player_choice":"Read","damage_taken":0,"max_hp_gain":0,"max_hp_loss":0,"event_name":"The Library","floor":20,"gold_loss":0,"cards_obtained":["Perfected Strike"]},{"damage_healed":0,"gold_gain":0,"player_choice":"Ignored","damage_taken":0,"max_hp_gain":0,"max_hp_loss":0,"event_name":"Vampires","floor":27,"gold_loss":0},{"damage_healed":0,"gold_gain":50,"player_choice":"Pray","damage_taken":0,"max_hp_gain":0,"max_hp_loss":0,"event_name":"Golden Shrine","floor":29,"gold_loss":0}],"is_beta":false,"boss_relics":[{"not_picked":["Philosopher\u0027s Stone","Snecko Eye"],"picked":"SacredBark"}],"items_purged_floors":[],"is_endless":false,"potions_floor_spawned":[7,8,10,12,13,16,18,23],"killed_by":"Automaton","ascension_level":20}}