{"host":"leem2xi7qlpn2ezy","time":1608612482,"event":{"mods":["BaseMod","Colored Powertips","Highlight Path","Minty Spire (QoL Compilation)","Quick Restart","StSLib"],"gold_per_floor":[109,109,123,123,147,147,147,147,147,160,160,160,175,350,350,448,448,448,448],"floor_reached":18,"playtime":445,"items_purged":[],"score":248,"play_id":"2148eee4-0e4a-4f20-b989-02a85ce9a3e0","local_time":"20201221204802","daily_mods":["Heirloom","Flight"],"is_ascension_mode":false,"campfire_choices":[{"data":"Infinite Blades","floor":8.0,"key":"SMITH"},{"data":"Neutralize","floor":11.0,"key":"SMITH"},{"data":"Survivor","floor":15.0,"key":"SMITH"}],"circlet_count":0,"master_deck":["Strike_G","Strike_G","Strike_G","Strike_G","Strike_G","Defend_G","Defend_G","Defend_G","Defend_G","Survivor+1","Neutralize+1","Infinite Blades+1","Setup","Cloak And Dagger","Pain","Doubt","Burst"],"relics":["Ring of the Snake","StoneCalendar","Vajra","Smiling Mask","WarpedTongs"],"acts_visited":[],"potions_floor_usage":[],"damage_taken":[{"damage":0.0,"enemies":"2 Louse","floor":1.0,"turns":3.0},{"damage":0.0,"enemies":"Cultist","floor":3.0,"turns":4.0},{"damage":0.0,"enemies":"Small Slimes","floor":10.0,"turns":3.0},{"damage":4.0,"enemies":"Blue Slaver","floor":13.0,"turns":4.0},{"damage":54.0,"enemies":"Slime Boss","floor":16.0,"turns":10.0},{"damage":0,"enemies":"Shell Parasite","floor":18,"turns":1}],"seed_played":"844156262393261316","potions_obtained":[{"floor":3.0,"key":"Energy Potion"},{"floor":10.0,"key":"DuplicationPotion"},{"floor":13.0,"key":"Explosive Potion"}],"is_trial":true,"path_per_floor":["M","?","M","?","T","$","$","R","T","M","R","?","M","?","R","B",null,"M"],"character_chosen":"THE_SILENT","items_purchased":[],"campfire_rested":0,"item_purchase_floors":[],"current_hp_per_floor":[70,70,70,70,70,70,70,70,70,70,70,70,66,66,66,12,70,70,70],"gold":448,"neow_bonus":"","is_daily":false,"chose_seed":false,"campfire_upgraded":3,"win_rate":0.0,"timestamp":1608612482,"path_taken":["M","?","?","?","?","?","$","R","T","M","R","?","?","?","R","BOSS","M"],"items_purchased_type":[],"build_version":"2020-12-13","purchased_purges":0,"victory":false,"max_hp_per_floor":[70,70,70,70,70,70,70,70,70,70,70,70,70,70,70,70,70,70,70],"card_choices":[{"not_picked":["Dagger Spray","Dagger Throw"],"picked":"Infinite Blades","floor":1.0},{"not_picked":["Acrobatics","Flying Knee"],"picked":"Cloak And Dagger","floor":3.0},{"not_picked":["Caltrops","Flying Knee","Concentrate"],"picked":"SKIP","floor":10.0},{"not_picked":["Heel Hook","Backflip","Dagger Spray"],"picked":"SKIP","floor":13.0},{"not_picked":["Storm of Steel","Grand Finale"],"picked":"Burst","floor":16.0}],"player_experience":84239,"relics_obtained":[{"floor":5.0,"key":"Vajra"},{"floor":9.0,"key":"Smiling Mask"}],"event_choices":[{"damage_healed":0.0,"max_hp_gain":0.0,"max_hp_loss":0.0,"gold_gain":0.0,"cards_transformed":["Defend_G"],"event_name":"Transmorgrifier","player_choice":"Transformed","floor":2.0,"gold_loss":0.0,"damage_taken":0.0,"cards_obtained":["Setup"]},{"damage_healed":0.0,"max_hp_gain":0.0,"max_hp_loss":0.0,"gold_gain":0.0,"event_name":"Shining Light","player_choice":"Ignored","floor":4.0,"gold_loss":0.0,"damage_taken":0.0},{"damage_healed":0.0,"max_hp_gain":0.0,"max_hp_loss":0.0,"gold_gain":0.0,"event_name":"Accursed Blacksmith","player_choice":"Rummage","floor":12.0,"gold_loss":0.0,"damage_taken":0.0,"relics_obtained":["WarpedTongs"],"cards_obtained":["Pain"]},{"damage_healed":0.0,"max_hp_gain":0.0,"max_hp_loss":0.0,"gold_gain":175.0,"event_name":"Liars Game","player_choice":"AGREE","floor":14.0,"gold_loss":0.0,"damage_taken":0.0,"cards_obtained":["Doubt"]}],"is_beta":false,"boss_relics":[{"not_picked":["Runic Pyramid","Coffee Dripper","Fusion Hammer"]}],"items_purged_floors":[],"is_endless":true,"potions_floor_spawned":[3,10,13],"killed_by":"Shell Parasite","ascension_level":0}}