{"host":"czen9m7c7ttmirt2","time":1608652707,"event":{"mods":["AchievementEnabler","BaseMod","Better Third Choice","Colored Map","Colored Powertips","Conspire","Hubris","Minty Spire (QoL Compilation)","Replay The Spire","StSLib"],"gold_per_floor":[112,54,54,54,79,123,138,138,138,138,138,138,138,161,161,161,161],"floor_reached":16,"playtime":502,"items_purged":[],"score":113,"play_id":"151726f2-f708-41ce-9fdc-81e5de8aaacb","local_time":"20201222095827","is_ascension_mode":true,"campfire_choices":[{"floor":8,"key":"REST"},{"floor":10,"key":"RECALL"},{"floor":15,"key":"REST"}],"circlet_count":0,"master_deck":["Strike_B","Strike_B","Strike_B","Strike_B","Defend_B","Defend_B","Defend_B","Defend_B","Zap","Dualcast","Compile Driver","Storm+1","Gash","Storm","ReplaySort+1","Rip and Tear"],"relics":["Cracked Core","Golden Idol","Mummified Hand"],"acts_visited":["Exordium"],"potions_floor_usage":[],"damage_taken":[{"damage":2,"enemies":"2 Louse","floor":1,"turns":3},{"damage":0,"enemies":"Small Slimes","floor":5,"turns":3},{"damage":30,"enemies":"Gremlin Nob","floor":6,"turns":4},{"damage":1,"enemies":"Cultist","floor":7,"turns":3},{"damage":15,"enemies":"2 Fungi Beasts","floor":14,"turns":4},{"damage":58,"enemies":"Slime Boss","floor":16,"turns":9}],"seed_played":"-1937575031025449972","potions_obtained":[{"floor":6,"key":"LiquidBronze"},{"floor":13,"key":"SteroidPotion"},{"floor":13,"key":"Fire Potion"}],"is_trial":false,"path_per_floor":["M","$","?","?","M","E","M","R","T","R","?","$","?","M","R","B"],"character_chosen":"DEFECT","items_purchased":["Storm+1"],"campfire_rested":2,"item_purchase_floors":[2],"current_hp_per_floor":[80,80,60,52,52,22,21,45,45,45,45,45,45,30,54,0,0],"gold":161,"neow_bonus":"TEN_PERCENT_HP_BONUS","is_daily":false,"chose_seed":false,"campfire_upgraded":0,"win_rate":0.0,"timestamp":1608652707,"path_taken":["M","$","?","?","M","E","?","R","T","R","?","$","?","M","R","BOSS"],"items_purchased_type":["Card"],"build_version":"2020-12-13","purchased_purges":0,"victory":false,"max_hp_per_floor":[82,82,82,82,82,82,82,82,82,82,82,82,82,82,82,82,82],"card_choices":[{"not_picked":["Sweeping Beam","Beam Cell"],"picked":"Compile Driver","floor":1},{"not_picked":["Double Energy","Compile Driver"],"picked":"Gash","floor":5},{"not_picked":["Coolheaded","Streamline"],"picked":"ReplaySolidLightProjector","floor":6},{"not_picked":["Streamline","Cold Snap"],"picked":"Storm","floor":7},{"not_picked":["Coolheaded","Go for the Eyes"],"picked":"Rip and Tear","floor":14}],"player_experience":183908,"relics_obtained":[{"floor":6,"key":"Mummified Hand"}],"event_choices":[{"damage_healed":0,"gold_gain":0,"player_choice":"Take Damage","damage_taken":20,"relics_obtained":["Golden Idol"],"max_hp_gain":0,"max_hp_loss":0,"event_name":"Golden Idol","floor":3,"gold_loss":0},{"damage_healed":0,"gold_gain":0,"player_choice":"Damaged","damage_taken":8,"max_hp_gain":0,"max_hp_loss":0,"event_name":"Wheel of Change","floor":4,"gold_loss":0},{"damage_healed":0,"gold_gain":0,"player_choice":"Got Potions","damage_taken":0,"max_hp_gain":0,"max_hp_loss":0,"event_name":"Lab","floor":13,"gold_loss":0}],"is_beta":false,"boss_relics":[],"items_purged_floors":[],"is_endless":false,"potions_floor_spawned":[6,14],"killed_by":"Slime Boss","ascension_level":3}}