{"host":"4edbuligkc8x13l4","time":1608646059,"event":{"mods":["BaseMod","Minty Spire (QoL Compilation)","StSLib","SuperFastMode"],"gold_per_floor":[118,39,55,69,79,79,89,89,115,140,140,170,270,289,289,366,366,381,381,394,444,205,230,230,256,256,276,276,276],"floor_reached":28,"playtime":754,"items_purged":["Strike_R"],"score":459,"play_id":"bb4265cf-9063-4b4f-86fa-c785713c0aaa","local_time":"20201222220739","is_ascension_mode":true,"campfire_choices":[{"data":"Blood for Blood","floor":6.0,"key":"SMITH"},{"data":"Bash","floor":11.0,"key":"SMITH"},{"floor":15.0,"key":"REST"},{"floor":24.0,"key":"REST"}],"circlet_count":0,"master_deck":["AscendersBane","Strike_R","Strike_R","Strike_R","Strike_R","Defend_R","Defend_R","Defend_R","Bash+1","Blood for Blood+1","Inflame","Clash","Flex","Rage","Rage","Sword Boomerang","Havoc","Berserk","Dropkick","Shrug It Off","Seeing Red+1","Spot Weakness"],"relics":["Black Blood","Orichalcum","Centennial Puzzle","Anchor","Vajra","Singing Bowl","Orrery","Molten Egg 2","PreservedInsect","Kunai"],"acts_visited":["Exordium","TheCity"],"potions_floor_usage":[],"damage_taken":[{"damage":8.0,"enemies":"Small Slimes","floor":1.0,"turns":4.0},{"damage":0.0,"enemies":"Cultist","floor":3.0,"turns":4.0},{"damage":9.0,"enemies":"Jaw Worm","floor":4.0,"turns":3.0},{"damage":19.0,"enemies":"Exordium Wildlife","floor":5.0,"turns":5.0},{"damage":12.0,"enemies":"Blue Slaver","floor":7.0,"turns":4.0},{"damage":6.0,"enemies":"Gremlin Nob","floor":10.0,"turns":3.0},{"damage":17.0,"enemies":"Lagavulin","floor":12.0,"turns":4.0},{"damage":7.0,"enemies":"Gremlin Gang","floor":14.0,"turns":4.0},{"damage":46.0,"enemies":"The Guardian","floor":16.0,"turns":9.0},{"damage":21.0,"enemies":"Spheric Guardian","floor":18.0,"turns":4.0},{"damage":3.0,"enemies":"Chosen","floor":20.0,"turns":3.0},{"damage":52.0,"enemies":"Gremlin Leader","floor":23.0,"turns":6.0},{"damage":36,"enemies":"Centurion and Healer","floor":27,"turns":7},{"damage":44,"enemies":"Cultist and Chosen","floor":28,"turns":3}],"seed_played":"-6148730794056074753","potions_obtained":[{"floor":1.0,"key":"FearPotion"},{"floor":7.0,"key":"FearPotion"},{"floor":12.0,"key":"Energy Potion"},{"floor":18.0,"key":"DistilledChaos"}],"is_trial":false,"path_per_floor":["M","$","M","M","M","R","M","?","T","E","R","E","?","M","R","B",null,"M","T","M","?","$","E","R","T","T","M","M"],"character_chosen":"IRONCLAD","items_purchased":["Inflame","Orrery"],"campfire_rested":2,"item_purchase_floors":[2,22],"current_hp_per_floor":[66,66,72,69,56,56,50,43,43,43,43,32,32,31,53,13,60,51,51,62,62,70,30,55,55,55,31,0,0],"gold":276,"neow_bonus":"RANDOM_COMMON_RELIC","is_daily":false,"chose_seed":false,"campfire_upgraded":2,"win_rate":0.0,"timestamp":1608646059,"path_taken":["M","$","M","M","M","R","M","?","T","E","R","E","?","M","R","BOSS","M","?","M","?","?","E","R","?","T","M","?"],"items_purchased_type":["Card","Relic"],"build_version":"2020-12-13","purchased_purges":1,"victory":false,"max_hp_per_floor":[75,75,75,75,75,75,75,75,75,75,75,75,75,75,75,75,75,75,75,77,77,85,85,85,85,85,85,85,85],"card_choices":[{"not_picked":["Metallicize","Heavy Blade"],"picked":"Blood for Blood","floor":1.0},{"not_picked":["Pommel Strike","Sever Soul"],"picked":"Clash","floor":3.0},{"not_picked":["Havoc","Heavy Blade"],"picked":"Flex","floor":4.0},{"not_picked":["Iron Wave","Thunderclap"],"picked":"Rage","floor":5.0},{"not_picked":["Bloodletting","Sentinel"],"picked":"Rage","floor":7.0},{"not_picked":["Sentinel","Carnage","Combust"],"picked":"SKIP","floor":10.0},{"not_picked":["Power Through","Impervious"],"picked":"Sword Boomerang","floor":12.0},{"not_picked":["Pummel","Pommel Strike"],"picked":"Havoc","floor":14.0},{"not_picked":["Impervious","Feed"],"picked":"Berserk","floor":16.0},{"not_picked":["Perfected Strike","Reckless Charge"],"picked":"Dropkick","floor":18.0},{"not_picked":["Sever Soul","Iron Wave","Body Slam"],"picked":"Singing Bowl","floor":20.0},{"not_picked":["Sever Soul","Clash"],"picked":"Shrug It Off","floor":22.0},{"not_picked":["Feed","Heavy Blade","Clothesline+1"],"picked":"Singing Bowl","floor":22.0},{"not_picked":["Dropkick","Sword Boomerang","Perfected Strike"],"picked":"Singing Bowl","floor":22.0},{"not_picked":["Iron Wave+1","Burning Pact","Entrench+1"],"picked":"Singing Bowl","floor":22.0},{"not_picked":["Body Slam","Heavy Blade+1","Sentinel"],"picked":"Singing Bowl","floor":22.0},{"not_picked":["Clothesline+1","Blood for Blood+1"],"picked":"Seeing Red+1","floor":23.0},{"not_picked":["Uppercut+1","Havoc"],"picked":"Spot Weakness","floor":27}],"player_experience":907723,"relics_obtained":[{"floor":9.0,"key":"Centennial Puzzle"},{"floor":10.0,"key":"Anchor"},{"floor":12.0,"key":"Vajra"},{"floor":19.0,"key":"Singing Bowl"},{"floor":23.0,"key":"Molten Egg 2"},{"floor":25.0,"key":"PreservedInsect"},{"floor":26.0,"key":"Kunai"}],"event_choices":[{"cards_removed":["Defend_R"],"damage_healed":0.0,"max_hp_gain":0.0,"max_hp_loss":0.0,"gold_gain":0.0,"event_name":"Golden Wing","player_choice":"Card Removal","floor":8.0,"gold_loss":0.0,"damage_taken":7.0},{"damage_healed":0.0,"max_hp_gain":0.0,"max_hp_loss":0.0,"gold_gain":100.0,"event_name":"Wheel of Change","player_choice":"Gold","floor":13.0,"gold_loss":0.0,"damage_taken":0.0},{"damage_healed":0.0,"max_hp_gain":0.0,"max_hp_loss":0.0,"gold_gain":50.0,"event_name":"Nest","player_choice":"Stole From Cult","floor":21.0,"gold_loss":0.0,"damage_taken":0.0}],"is_beta":false,"boss_relics":[{"not_picked":["Tiny House","Coffee Dripper"],"picked":"Black Blood"}],"items_purged_floors":[22],"is_endless":false,"potions_floor_spawned":[1,7,12,18],"killed_by":"Cultist and Chosen","ascension_level":17}}