{"host":"cvw9qspg8f691jio","time":1608661193,"event":{"mods":["BaseMod","Filter the Spire","Minty Spire (QoL Compilation)","Relic Stats","StSLib"],"gold_per_floor":[111,111,111,122,142,142,176,101,101,133,195,237,249,290,302,385,397,423,86,104,118,149,181,181,207,231,231,254,51,71,82,82,158,158,172,185,407,46,61,89,103,103,103,138,13,23,23,55,55,55],"floor_reached":51,"playtime":2805,"items_purged":["Hello World","Zap","Sweeping Beam"],"score":1671,"play_id":"42151a2b-17f4-4a48-844c-2cfc783b0937","local_time":"20201222131953","is_ascension_mode":true,"campfire_choices":[{"data":"Sweeping Beam","floor":6.0,"key":"SMITH"},{"floor":13.0,"key":"REST"},{"floor":15.0,"key":"REST"},{"floor":24.0,"key":"REST"},{"data":"Fission","floor":32.0,"key":"SMITH"},{"data":"Defragment","floor":42,"key":"SMITH"},{"data":"Biased Cognition","floor":49,"key":"SMITH"}],"circlet_count":0,"master_deck":["AscendersBane","Dualcast+1","Genetic Algorithm+1","Sweeping Beam+1","Darkness","Seek","Beam Cell","Go for the Eyes","Fission+1","Streamline","Core Surge","Sunder","Undo","Compile Driver","Glacier","Capacitor","Biased Cognition+1","Turbo","Echo Form","Double Energy+1","Hologram","Steam Power+1","Chill+1","Capacitor","Amplify","Static Discharge+1","Heatsinks+1","Defragment+1","Loop+1","Skim","Self Repair"],"relics":["Nuclear Battery","Prayer Wheel","Du-Vu Doll","MawBank","Tiny Chest","Mercury Hourglass","Pandora\u0027s Box","Symbiotic Virus","Red Mask","PreservedInsect","Bottled Lightning","Bronze Scales","MutagenicStrength","Blood Vial","Lee\u0027s Waffle","Black Star","Pantograph","Juzu Bracelet","White Beast Statue","Ginger","Bag of Preparation","War Paint","Smiling Mask","Darkstone Periapt"],"acts_visited":["Exordium","TheCity","TheBeyond"],"potions_floor_usage":[41,44,50],"damage_taken":[{"damage":0.0,"enemies":"Cultist","floor":1.0,"turns":3.0},{"damage":7.0,"enemies":"Jaw Worm","floor":4.0,"turns":4.0},{"damage":6.0,"enemies":"2 Louse","floor":5.0,"turns":3.0},{"damage":32.0,"enemies":"Gremlin Nob","floor":7.0,"turns":4.0},{"damage":10.0,"enemies":"3 Sentries","floor":10.0,"turns":6.0},{"damage":1.0,"enemies":"Lagavulin","floor":12.0,"turns":7.0},{"damage":14.0,"enemies":"Gremlin Nob","floor":14.0,"turns":4.0},{"damage":26.0,"enemies":"Slime Boss","floor":16.0,"turns":9.0},{"damage":0.0,"enemies":"Spheric Guardian","floor":18.0,"turns":1.0},{"damage":11.0,"enemies":"2 Thieves","floor":20.0,"turns":3.0},{"damage":0.0,"enemies":"Cultist and Chosen","floor":21.0,"turns":3.0},{"damage":29.0,"enemies":"Masked Bandits","floor":22.0,"turns":4.0},{"damage":0.0,"enemies":"Book of Stabbing","floor":23.0,"turns":5.0},{"damage":18.0,"enemies":"Gremlin Leader","floor":25.0,"turns":4.0},{"damage":19.0,"enemies":"3 Cultists","floor":30.0,"turns":5.0},{"damage":1.0,"enemies":"Shelled Parasite and Fungi","floor":31.0,"turns":4.0},{"damage":0.0,"enemies":"Automaton","floor":33.0,"turns":8.0},{"damage":10.0,"enemies":"3 Shapes","floor":35.0,"turns":2.0},{"damage":8.0,"enemies":"3 Darklings","floor":36.0,"turns":4.0},{"damage":44.0,"enemies":"Sphere and 2 Shapes","floor":39.0,"turns":3.0},{"damage":0.0,"enemies":"Giant Head","floor":40.0,"turns":8.0},{"damage":0,"enemies":"Spire Growth","floor":41,"turns":5},{"damage":0,"enemies":"Nemesis","floor":44,"turns":1},{"damage":0,"enemies":"3 Darklings","floor":46,"turns":5},{"damage":15,"enemies":"Reptomancer","floor":48,"turns":6},{"damage":72,"enemies":"Time Eater","floor":50,"turns":8}],"seed_played":"5562012954093984799","potions_obtained":[{"floor":1.0,"key":"SteroidPotion"},{"floor":10.0,"key":"EssenceOfSteel"},{"floor":12.0,"key":"SpeedPotion"},{"floor":14.0,"key":"Weak Potion"},{"floor":20.0,"key":"ColorlessPotion"},{"floor":23.0,"key":"Weak Potion"},{"floor":30.0,"key":"Fire Potion"},{"floor":31.0,"key":"DistilledChaos"},{"floor":36.0,"key":"LiquidMemories"},{"floor":39.0,"key":"Weak Potion"},{"floor":41,"key":"DistilledChaos"},{"floor":44,"key":"PotionOfCapacity"},{"floor":48,"key":"DistilledChaos"}],"is_trial":false,"path_per_floor":["M","?","?","M","M","R","E","?","T","E","?","E","R","E","R","B",null,"M","$","M","M","?","E","R","E","T","?","T","$","M","M","R","B",null,"M","M","?","$","M","E","M","R","T","E","$","M","?","E","R","B",null],"character_chosen":"DEFECT","items_purchased":["Compile Driver","Symbiotic Virus","Lee\u0027s Waffle","Hologram","Pantograph"],"campfire_rested":3,"item_purchase_floors":[19,19,29,29,38],"current_hp_per_floor":[64,64,57,50,44,44,12,12,12,2,2,1,22,8,29,3,54,54,54,43,43,14,14,35,17,17,17,17,78,59,60,60,62,74,66,60,60,60,18,20,22,22,22,24,24,26,78,63,63,6],"gold":55,"neow_bonus":"BOSS_RELIC","is_daily":false,"chose_seed":false,"campfire_upgraded":4,"win_rate":0.0,"timestamp":1608661193,"path_taken":["M","?","?","M","M","R","E","?","T","E","?","E","R","E","R","BOSS","M","$","M","?","?","E","R","E","T","?","?","?","M","M","R","BOSS","M","M","?","$","M","E","M","R","T","E","$","M","?","E","R","BOSS"],"items_purchased_type":["Card","Relic","Relic","Card","Relic"],"build_version":"2020-12-13","purchased_purges":3,"victory":true,"max_hp_per_floor":[71,71,71,71,71,71,71,71,71,71,71,71,71,71,71,71,71,71,71,71,71,71,71,71,71,71,71,71,78,78,78,78,78,78,78,78,78,78,78,78,78,78,78,78,78,78,78,78,78,78],"relic_stats":{"Darkstone Periapt":0,"Lee\u0027s Waffle":61,"counters":[26,119],"PreservedInsect":289,"Juzu Bracelet":0,"Bag of Preparation":[6],"Ginger":[2],"War Paint":["Chill","Dualcast"],"MawBank":108,"Smiling Mask":0,"Mercury Hourglass":[385],"Blood Vial":18,"Bronze Scales":[163],"Pantograph":15,"Prayer Wheel":10,"Tiny Chest":1,"Pandora\u0027s Box":["Streamline","Hello World","Core Surge","Sunder","Melter","Undo"],"Black Star":3,"obtain_stats":[{"Darkstone Periapt":48,"Juzu Bracelet":40,"Bag of Preparation":44,"Ginger":43,"Smiling Mask":48,"Blood Vial":28,"Pantograph":38,"Prayer Wheel":7,"Tiny Chest":12,"Red Mask":22,"Cracked Core":0,"Lee\u0027s Waffle":29,"PreservedInsect":23,"War Paint":44,"MawBank":10,"White Beast Statue":40,"Nuclear Battery":0,"Mercury Hourglass":14,"Du-Vu Doll":9,"Bronze Scales":26,"MutagenicStrength":27,"Pandora\u0027s Box":17,"Black Star":34,"Bottled Lightning":25,"Symbiotic Virus":19},{"Darkstone Periapt":25,"Juzu Bracelet":21,"Bag of Preparation":23,"Ginger":22,"Smiling Mask":25,"Blood Vial":14,"Pantograph":19,"Prayer Wheel":4,"Tiny Chest":6,"Red Mask":12,"Cracked Core":0,"Lee\u0027s Waffle":14,"PreservedInsect":13,"War Paint":23,"MawBank":5,"White Beast Statue":21,"Nuclear Battery":0,"Mercury Hourglass":7,"Du-Vu Doll":4,"Bronze Scales":14,"MutagenicStrength":14,"Pandora\u0027s Box":8,"Black Star":17,"Bottled Lightning":14,"Symbiotic Virus":9},{"Darkstone Periapt":111,"Juzu Bracelet":94,"Bag of Preparation":100,"Ginger":99,"Smiling Mask":111,"Blood Vial":60,"Pantograph":83,"Prayer Wheel":14,"Tiny Chest":27,"Red Mask":51,"Cracked Core":0,"Lee\u0027s Waffle":60,"PreservedInsect":56,"War Paint":100,"MawBank":20,"White Beast Statue":94,"Nuclear Battery":0,"Mercury Hourglass":31,"Du-Vu Doll":14,"Bronze Scales":60,"MutagenicStrength":60,"Pandora\u0027s Box":40,"Black Star":77,"Bottled Lightning":60,"Symbiotic Virus":41}]},"card_choices":[{"not_picked":["Hologram","Beam Cell"],"picked":"Genetic Algorithm","floor":1.0},{"not_picked":["Turbo","Loop"],"picked":"Sweeping Beam","floor":4.0},{"not_picked":["Lockon","Go for the Eyes"],"picked":"Darkness","floor":5.0},{"not_picked":["Go for the Eyes","Reinforced Body"],"picked":"Seek","floor":7.0},{"not_picked":["Consume","Turbo"],"picked":"Beam Cell","floor":10.0},{"not_picked":["Genetic Algorithm","Double Energy"],"picked":"Sweeping Beam","floor":12.0},{"not_picked":["Thunder Strike","Reinforced Body"],"picked":"Go for the Eyes","floor":14.0},{"not_picked":["Seek","Reboot"],"picked":"Fission","floor":16.0},{"not_picked":["Cold Snap","Gash+1","Redo"],"picked":"SKIP","floor":18.0},{"not_picked":["Rebound","Cold Snap","Streamline"],"picked":"SKIP","floor":18.0},{"not_picked":["Hologram","Streamline+1"],"picked":"Glacier","floor":20.0},{"not_picked":["Rebound","Cold Snap","Scrape"],"picked":"SKIP","floor":20.0},{"not_picked":["Redo","Ball Lightning"],"picked":"Capacitor","floor":21.0},{"not_picked":["Barrage","Fusion"],"picked":"Biased Cognition","floor":21.0},{"not_picked":["Steam Power","Cold Snap"],"picked":"Turbo","floor":22.0},{"not_picked":["Streamline","Consume"],"picked":"Echo Form","floor":23.0},{"not_picked":["Beam Cell","Capacitor"],"picked":"Double Energy+1","floor":25.0},{"not_picked":["Doom and Gloom","Chill"],"picked":"Steam Power+1","floor":30.0},{"not_picked":["Compile Driver","Sunder"],"picked":"Chill","floor":30.0},{"not_picked":["Barrage","Double Energy"],"picked":"Capacitor","floor":31.0},{"not_picked":["Ball Lightning","Lockon","Streamline"],"picked":"SKIP","floor":31.0},{"not_picked":["All For One","Seek"],"picked":"Amplify","floor":33.0},{"not_picked":["Hologram","Streamline+1"],"picked":"Static Discharge+1","floor":35.0},{"not_picked":["Gash","Beam Cell+1","Coolheaded"],"picked":"SKIP","floor":35.0},{"not_picked":["Static Discharge","Compile Driver"],"picked":"Heatsinks+1","floor":36.0},{"not_picked":["Auto Shields","Steam Power+1","Leap"],"picked":"SKIP","floor":36.0},{"not_picked":["Hologram","Reprogram+1","Steam"],"picked":"SKIP","floor":39.0},{"not_picked":["Cold Snap","Storm","Recycle+1"],"picked":"SKIP","floor":39.0},{"not_picked":["Turbo+1","Redo+1"],"picked":"Defragment","floor":40.0},{"not_picked":["Ball Lightning","Consume"],"picked":"Loop+1","floor":41},{"not_picked":["Turbo","Leap"],"picked":"Skim","floor":41},{"not_picked":["Conserve Battery","Aggregate","Hologram"],"picked":"SKIP","floor":44},{"not_picked":["Streamline+1","Redo"],"picked":"Self Repair","floor":46},{"not_picked":["Amplify","Skim","Cold Snap"],"picked":"SKIP","floor":46},{"not_picked":["Undo","Turbo","Stack"],"picked":"SKIP","floor":48}],"player_experience":458068,"relics_obtained":[{"floor":7.0,"key":"Prayer Wheel"},{"floor":9.0,"key":"Du-Vu Doll"},{"floor":10.0,"key":"MawBank"},{"floor":12.0,"key":"Tiny Chest"},{"floor":14.0,"key":"Mercury Hourglass"},{"floor":22.0,"key":"Red Mask"},{"floor":23.0,"key":"PreservedInsect"},{"floor":25.0,"key":"Bottled Lightning"},{"floor":26.0,"key":"Bronze Scales"},{"floor":28.0,"key":"Blood Vial"},{"floor":40.0,"key":"Juzu Bracelet"},{"floor":40.0,"key":"White Beast Statue"},{"floor":43,"key":"Ginger"},{"floor":44,"key":"Bag of Preparation"},{"floor":44,"key":"War Paint"},{"floor":48,"key":"Smiling Mask"},{"floor":48,"key":"Darkstone Periapt"}],"event_choices":[{"damage_healed":0.0,"max_hp_gain":0.0,"max_hp_loss":0.0,"gold_gain":0.0,"event_name":"Living Wall","player_choice":"Grow","floor":2.0,"gold_loss":0.0,"damage_taken":0.0,"cards_upgraded":["Genetic Algorithm"]},{"cards_removed":["Defend_B"],"damage_healed":0.0,"max_hp_gain":0.0,"max_hp_loss":0.0,"gold_gain":0.0,"event_name":"Golden Wing","player_choice":"Card Removal","floor":3.0,"gold_loss":0.0,"damage_taken":7.0},{"cards_removed":["Strike_B"],"damage_healed":0.0,"max_hp_gain":0.0,"max_hp_loss":0.0,"gold_gain":0.0,"event_name":"The Cleric","player_choice":"Card Removal","floor":8.0,"gold_loss":75.0,"damage_taken":0.0},{"damage_healed":0.0,"max_hp_gain":0.0,"max_hp_loss":0.0,"gold_gain":50.0,"event_name":"Golden Shrine","player_choice":"Pray","floor":11.0,"gold_loss":0.0,"damage_taken":0.0},{"damage_healed":0.0,"max_hp_gain":0.0,"max_hp_loss":0.0,"gold_gain":0.0,"event_name":"Masked Bandits","player_choice":"Fought Bandits","floor":22.0,"gold_loss":0.0,"damage_taken":0.0},{"damage_healed":0.0,"max_hp_gain":0.0,"max_hp_loss":0.0,"gold_gain":0.0,"event_name":"Drug Dealer","player_choice":"Inject Mutagens","floor":27.0,"gold_loss":0.0,"damage_taken":0.0,"relics_obtained":["MutagenicStrength"]},{"damage_healed":0.0,"max_hp_gain":0.0,"max_hp_loss":0.0,"gold_gain":222.0,"event_name":"Tomb of Lord Red Mask","player_choice":"Wore Mask","floor":37.0,"gold_loss":0.0,"damage_taken":0.0},{"cards_removed":["Melter"],"damage_healed":52,"gold_gain":0,"player_choice":"Offered Uncommon","damage_taken":0,"max_hp_gain":0,"max_hp_loss":0,"event_name":"Bonfire Elementals","floor":47,"gold_loss":0}],"is_beta":false,"boss_relics":[{"not_picked":["Snecko Eye","Runic Pyramid"],"picked":"Pandora\u0027s Box"},{"not_picked":["Coffee Dripper","Philosopher\u0027s Stone"],"picked":"Black Star"}],"items_purged_floors":[19,38,45],"is_endless":false,"potions_floor_spawned":[1,10,12,14,20,21,23,30,31,33,36,39,40,41,44,46,48],"ascension_level":15}}