{"host":"en2x92781756fov2","time":1608672358,"event":{"mods":["AchievementEnabler","Aspiration","BaseMod","Clockwork Mod","Colored Map","Conspire","Downfall","Energized Spire","Halation","Highlight Path","Mimic Mod","Minty Spire (QoL Compilation)","Quarter Circle Forward PUNCH!","Quick Restart","Remove Card Discount Mod","Replay The Spire","SIMod","StSLib","[IsaacMod]????","vexMod"],"gold_per_floor":[111,122,122,132,482,543,570,570,570,570,601,37,37,64,64,179,179,221,221,256,286,286,286,319,319,319,367,407,441,441,441,441,465,465],"floor_reached":33,"playtime":1841,"items_purged":["Delirium","Overencumbered","ReplayTheSpireMod:Restless Dread","ReplayTheSpireMod:Doomed"],"score":301,"play_id":"91015dc7-fe77-4e92-83c9-d4963be8e4ce","local_time":"20201222162558","is_ascension_mode":false,"campfire_choices":[{"floor":8,"key":"REST"},{"data":"Louder","floor":10,"key":"SMITH"},{"data":"Charge","floor":13,"key":"SMITH"},{"floor":15,"key":"REST"},{"data":"Harmanyblast","floor":23,"key":"SMITH"},{"data":"TakeTheLead","floor":25,"key":"SMITH"},{"data":"Boundary","floor":32,"key":"SMITH"}],"circlet_count":0,"master_deck":["Strike_AJ","Strike_TS","Strike_RR","Strike_RD","Defend_TS","Defend_PP","Defend_FS","Defend_AJ","ConcertedEfforts","HarmonyShield","BettingIsNotGood","Charge+1","TakeTheLead+1","Louder+1","Boundary+1","Yay","ThunderCloud","PartyCana","CommonCold","CommonCold","Feed","Feed","SwiftKick+1","Regret","FriendOfNature+1","Harmanyblast+1","PartyTime","Laughter+1","conspire:NecroticWound","BigDeal+1","Return_To_Past+1"],"relics":["The_element_of_harmony","HushsDoor","SatanicBible","aspiration:Nostalgia","Replay:M_SmolderingBlood","Ring of Searing","Ring of Greed","Old Coin","Replay:Bandana","Pet Ghost","Bottled Lightning","halation:NonexistentMirror","halation:BottledLove","MealTicket","MagicMushroom","halation:RedSoulGem","MarkOfWind","TuHaoJin","halation:EternalFortune"],"acts_visited":["Exordium","TheCity"],"potions_floor_usage":[],"damage_taken":[{"damage":10,"enemies":"Jaw Worm","floor":1,"turns":5},{"damage":0,"enemies":"2 Louse","floor":2,"turns":2},{"damage":0,"enemies":"Cultist","floor":4,"turns":5},{"damage":47,"enemies":"3 Sentries","floor":6,"turns":9},{"damage":8,"enemies":"2 Fungi Beasts","floor":7,"turns":3},{"damage":15,"enemies":"Looter","floor":11,"turns":3},{"damage":9,"enemies":"Red Slaver","floor":14,"turns":3},{"damage":45,"enemies":"The Guardian","floor":16,"turns":11},{"damage":11,"enemies":"2 Thieves","floor":18,"turns":2},{"damage":0,"enemies":"Spheric Guardian","floor":20,"turns":3},{"damage":26,"enemies":"Shelled Parasite and Fungi","floor":21,"turns":3},{"damage":4,"enemies":"3 Cultists","floor":24,"turns":5},{"damage":12,"enemies":"Snake Plant","floor":27,"turns":4},{"damage":7,"enemies":"Snecko","floor":28,"turns":4},{"damage":1,"enemies":"Shelled Parasite and Fungi","floor":29,"turns":4},{"damage":77,"enemies":"Champ","floor":33,"turns":8}],"seed_played":"3214729226463432512","potions_obtained":[{"floor":2,"key":"Energy Potion"},{"floor":11,"key":"Fire Potion"},{"floor":18,"key":"PowerPotion"}],"is_trial":false,"path_per_floor":["M","M","?","M","?","E","M","R","T","R","M","$","R","M","R","B",null,"M","?","M","M","?","R","M","R","T","M","M","M","?","?","R","B"],"character_chosen":"TWI_CLASS","items_purchased":["halation:NonexistentMirror","halation:BottledLove","MealTicket"],"campfire_rested":2,"item_purchase_floors":[12,12,12],"current_hp_per_floor":[72,72,77,82,82,35,32,58,58,58,43,43,43,34,60,20,94,83,83,89,67,67,67,72,72,72,67,66,69,69,72,72,0,0],"gold":465,"neow_bonus":"NOSTALGIA","is_daily":false,"chose_seed":false,"campfire_upgraded":5,"win_rate":0.0,"timestamp":1608672358,"path_taken":["M","M","?","M","?","E","M","R","T","R","M","$","R","?","R","BOSS","M","?","?","M","?","R","M","R","T","M","M","M","?","?","R","BOSS"],"items_purchased_type":["Relic","Relic","Relic"],"build_version":"2020-12-13","purchased_purges":4,"victory":false,"max_hp_per_floor":[82,82,87,87,87,87,87,87,87,87,87,87,87,87,87,87,94,94,94,94,97,97,97,100,100,100,103,103,106,106,109,109,109,109],"card_choices":[{"not_picked":[],"picked":"BettingIsNotGood","floor":0},{"not_picked":["Infernal Blade"],"picked":"Charge","floor":1},{"not_picked":["GemstoneDetection"],"picked":"TakeTheLead","floor":1},{"not_picked":["Mischief"],"picked":"Louder","floor":2},{"not_picked":["Return_To_Past"],"picked":"Boundary","floor":2},{"not_picked":["Tantrum"],"picked":"Yay","floor":4},{"not_picked":["GemstoneDetection","Honesty"],"picked":"SKIP","floor":4},{"not_picked":["KillingWithKindness"],"picked":"Bomb","floor":6},{"not_picked":["Smile","FlyingSleeves"],"picked":"SKIP","floor":6},{"not_picked":["Carnage"],"picked":"Yay","floor":7},{"not_picked":["Generousity","CleanLibrary"],"picked":"SKIP","floor":7},{"not_picked":["RashStunts"],"picked":"ThunderCloud","floor":11},{"not_picked":["Headbutt"],"picked":"PartyCana","floor":11},{"not_picked":["Return_To_Past","Mischief"],"picked":"SKIP","floor":14},{"not_picked":["PartyTime","Lasso"],"picked":"SKIP","floor":14},{"not_picked":["LoveMe"],"picked":"Feed","floor":16},{"not_picked":["Return_To_Past"],"picked":"SwiftKick+1","floor":18},{"not_picked":["Magictrain","Dear_Princess"],"picked":"SKIP","floor":18},{"not_picked":["Magictrain"],"picked":"FriendOfNature+1","floor":20},{"not_picked":["HideCarefully","BatchProduction"],"picked":"SKIP","floor":20},{"not_picked":["Boundary"],"picked":"Harmanyblast","floor":21},{"not_picked":["RunningOfTheLeaves","Anxiousness"],"picked":"SKIP","floor":21},{"not_picked":["Celebrities"],"picked":"PartyTime","floor":24},{"not_picked":["ISayNo+1"],"picked":"Laughter+1","floor":24},{"not_picked":["BatchProduction+1","BehindTheScene"],"picked":"SKIP","floor":27},{"not_picked":["GemstoneDetection","MessyAndOrderly"],"picked":"SKIP","floor":27},{"not_picked":["AlloutStrike"],"picked":"BigDeal+1","floor":28},{"not_picked":["Laughter"],"picked":"Return_To_Past+1","floor":28},{"not_picked":["HideCarefully","Smile"],"picked":"SKIP","floor":29},{"not_picked":["Perfectionism+1","AllByMyself"],"picked":"SKIP","floor":29}],"player_experience":2014276,"relics_obtained":[{"floor":5,"key":"Ring of Searing"},{"floor":5,"key":"Ring of Greed"},{"floor":5,"key":"Old Coin"},{"floor":5,"key":"Replay:Bandana"},{"floor":6,"key":"Pet Ghost"},{"floor":9,"key":"Bottled Lightning"},{"floor":26,"key":"TuHaoJin"}],"event_choices":[{"damage_healed":0,"gold_gain":0,"player_choice":"Donut","damage_taken":0,"max_hp_gain":5,"max_hp_loss":0,"event_name":"Big Fish","floor":3,"gold_loss":0}],"is_beta":false,"boss_relics":[{"not_picked":["energizedSpire:EnergizedDie","vexMod:MegatonBomb"],"picked":"MagicMushroom"},{"not_picked":[]}],"items_purged_floors":[12,12,12,12],"is_endless":false,"potions_floor_spawned":[2,11,18,28,29],"killed_by":"Champ","ascension_level":0}}