{"host":"baymyijz6sxaqj5s","time":1608646199,"event":{"mods":["AchievementEnabler","BaseMod","Colored Map","Colored Powertips","DeckTracker","KOR Keyword Fix","Keyboard Shortcuts","Minty Spire (QoL Compilation)","Quick Restart","StSLib","SuperFastMode"],"gold_per_floor":[118,68,79,90,103,103,118,138,187,187,200,212,212,223,223,326,326,346,363,374,89,89,89,89,89,116,116,116,133,133,153,153,248,248,267,267,267],"floor_reached":36,"playtime":1050,"items_purged":[],"score":362,"play_id":"4827e144-7f2c-4277-8fe7-bd2a38f53134","local_time":"20201222230959","is_ascension_mode":false,"campfire_choices":[{"data":"Shrug It Off","floor":6,"key":"SMITH"},{"data":"Sword Boomerang","floor":10,"key":"SMITH"},{"data":"Spot Weakness","floor":15,"key":"SMITH"},{"floor":24,"key":"REST"},{"data":"Barricade","floor":27,"key":"SMITH"},{"data":"Heavy Blade","floor":30,"key":"SMITH"},{"floor":32,"key":"REST"}],"circlet_count":0,"master_deck":["Strike_R+1","Strike_R+1","Defend_R+1","Defend_R+1","Defend_R+1","Defend_R+1","Bash","Shrug It Off+1","Sword Boomerang+1","Twin Strike","Spot Weakness+1","Cleave","Barricade+1","Flame Barrier","Heavy Blade+1","Shrug It Off","Armaments+1"],"relics":["Burning Blood","PreservedInsect","Empty Cage","Ice Cream","Pen Nib","Happy Flower","Runic Cube"],"acts_visited":["Exordium","TheCity","TheBeyond"],"potions_floor_usage":[8,14,18,19,25,31],"damage_taken":[{"damage":0,"enemies":"2 Louse","floor":1,"turns":4},{"damage":7,"enemies":"Small Slimes","floor":3,"turns":6},{"damage":1,"enemies":"Cultist","floor":4,"turns":4},{"damage":14,"enemies":"Blue Slaver","floor":5,"turns":7},{"damage":12,"enemies":"Exordium Thugs","floor":7,"turns":5},{"damage":13,"enemies":"Gremlin Gang","floor":8,"turns":5},{"damage":5,"enemies":"Large Slime","floor":11,"turns":6},{"damage":4,"enemies":"Blue Slaver","floor":12,"turns":4},{"damage":10,"enemies":"Exordium Thugs","floor":14,"turns":3},{"damage":45,"enemies":"Slime Boss","floor":16,"turns":11},{"damage":16,"enemies":"Spheric Guardian","floor":18,"turns":5},{"damage":23,"enemies":"Chosen","floor":19,"turns":7},{"damage":19,"enemies":"Snake Plant","floor":20,"turns":5},{"damage":0,"enemies":"Cultist and Chosen","floor":25,"turns":1},{"damage":13,"enemies":"Shelled Parasite and Fungi","floor":29,"turns":8},{"damage":23,"enemies":"Centurion and Healer","floor":31,"turns":11},{"damage":80,"enemies":"Champ","floor":33,"turns":15},{"damage":53,"enemies":"Orb Walker","floor":35,"turns":6},{"damage":42,"enemies":"3 Darklings","floor":36,"turns":5}],"seed_played":"-6118750646014703170","potions_obtained":[{"floor":3,"key":"ElixirPotion"},{"floor":7,"key":"Strength Potion"},{"floor":11,"key":"SpeedPotion"},{"floor":16,"key":"Block Potion"},{"floor":18,"key":"Swift Potion"},{"floor":20,"key":"SmokeBomb"},{"floor":29,"key":"AttackPotion"}],"is_trial":false,"path_per_floor":["M","?","M","M","M","R","M","M","T","R","M","M","?","M","R","B",null,"M","M","M","$","?","?","R","M","T","R","T","M","R","M","R","B",null,"M","M"],"character_chosen":"IRONCLAD","items_purchased":["Ice Cream"],"campfire_rested":2,"item_purchase_floors":[21],"current_hp_per_floor":[88,88,87,88,80,80,74,67,67,67,68,70,88,84,84,45,88,78,61,48,48,48,48,74,80,80,80,80,73,73,56,82,8,88,41,0,0],"gold":267,"neow_bonus":"TEN_PERCENT_HP_BONUS","is_daily":false,"chose_seed":false,"campfire_upgraded":5,"win_rate":0.0,"timestamp":1608646199,"path_taken":["M","?","M","M","M","R","M","M","T","R","M","M","?","M","R","BOSS","M","M","M","$","?","?","R","M","T","R","?","?","R","M","R","BOSS","M","?"],"items_purchased_type":["Relic"],"build_version":"2020-12-13","purchased_purges":0,"victory":false,"max_hp_per_floor":[88,88,88,88,88,88,88,88,88,88,88,88,88,88,88,88,88,88,88,88,88,88,88,88,88,88,88,88,88,88,88,88,88,88,88,88,88],"card_choices":[{"not_picked":["True Grit","Iron Wave"],"picked":"Shrug It Off","floor":1},{"not_picked":["Iron Wave","Sword Boomerang","Perfected Strike"],"picked":"SKIP","floor":3},{"not_picked":["Evolve","Anger","Battle Trance"],"picked":"SKIP","floor":4},{"not_picked":["Dark Embrace","Rage"],"picked":"Sword Boomerang","floor":5},{"not_picked":["Perfected Strike","Rage"],"picked":"Twin Strike","floor":7},{"not_picked":["Twin Strike","Carnage","Metallicize"],"picked":"SKIP","floor":8},{"not_picked":["Pommel Strike","True Grit"],"picked":"Spot Weakness","floor":11},{"not_picked":["Clothesline","Juggernaut","Havoc"],"picked":"SKIP","floor":12},{"not_picked":["Havoc","Sword Boomerang"],"picked":"Cleave","floor":14},{"not_picked":["Feed","Berserk"],"picked":"Barricade","floor":16},{"not_picked":["Seeing Red+1","Feel No Pain"],"picked":"Flame Barrier","floor":18},{"not_picked":["Iron Wave","Twin Strike","Anger"],"picked":"SKIP","floor":19},{"not_picked":["Pommel Strike","Shrug It Off+1"],"picked":"Heavy Blade","floor":20},{"not_picked":["True Grit","Warcry","Wild Strike"],"picked":"SKIP","floor":29},{"not_picked":["Sword Boomerang","Combust+1"],"picked":"Shrug It Off","floor":31},{"not_picked":["True Grit","Sever Soul+1"],"picked":"Armaments+1","floor":35}],"player_experience":184349,"relics_obtained":[{"floor":9,"key":"PreservedInsect"},{"floor":26,"key":"Pen Nib"},{"floor":28,"key":"Happy Flower"}],"event_choices":[{"cards_removed":["Strike_R"],"damage_healed":0,"gold_gain":0,"player_choice":"Card Removal","damage_taken":0,"max_hp_gain":0,"max_hp_loss":0,"event_name":"The Cleric","floor":2,"gold_loss":50},{"damage_healed":18,"gold_gain":0,"player_choice":"Full Heal","damage_taken":0,"max_hp_gain":0,"max_hp_loss":0,"event_name":"Wheel of Change","floor":13,"gold_loss":0},{"damage_healed":0,"gold_gain":0,"player_choice":"Simplicity","damage_taken":0,"max_hp_gain":0,"max_hp_loss":0,"event_name":"Back to Basics","floor":22,"gold_loss":0,"cards_upgraded":["Strike_R","Strike_R","Defend_R","Defend_R","Defend_R","Defend_R"]},{"damage_healed":0,"gold_gain":0,"player_choice":"Ignored","damage_taken":0,"max_hp_gain":0,"max_hp_loss":0,"event_name":"Vampires","floor":23,"gold_loss":0}],"is_beta":false,"boss_relics":[{"not_picked":["Ectoplasm","Sozu"],"picked":"Empty Cage"},{"not_picked":["Fusion Hammer","Cursed Key"],"picked":"Runic Cube"}],"items_purged_floors":[],"is_endless":false,"potions_floor_spawned":[3,7,11,16,18,20,29],"killed_by":"3 Darklings","ascension_level":0}}