{"host":"8by3m8mve9y2rhh4","time":1608658425,"event":{"mods":["BaseMod","Minty Spire (QoL Compilation)","Quick Restart"],"gold_per_floor":[12,29,49,64,64,64,90,90,90,125,300,333,333,333,333,436,486,505,200,230,250,250,279,378,378,378],"floor_reached":25,"playtime":1026,"items_purged":["Strike_G"],"score":300,"play_id":"8e258272-a54d-46cd-af1c-c043862ab10c","local_time":"20201222173345","is_ascension_mode":true,"campfire_choices":[{"floor":6,"key":"RECALL"},{"floor":15,"key":"REST"}],"circlet_count":0,"master_deck":["Strike_G","Strike_G","Defend_G","Defend_G","Defend_G","Defend_G+1","Defend_G","Survivor+1","Neutralize","Blur","Bouncing Flask","Poisoned Stab","Dodge and Roll+1","Escape Plan","Deadly Poison+1","Doubt","Escape Plan+1","Slice","Malaise+1","Deadly Poison+1","Bouncing Flask+1","Footwork+1","Flying Knee+1","Deflect+1"],"relics":["Ring of the Snake","Ginger","Bag of Preparation","Toxic Egg 2","Shovel","Frozen Egg 2","Tiny House","Lee\u0027s Waffle","Red Mask","Strawberry"],"acts_visited":["Exordium","TheCity"],"potions_floor_usage":[7,10,12,20,23,23,25],"damage_taken":[{"damage":0,"enemies":"Small Slimes","floor":1,"turns":3},{"damage":5,"enemies":"Jaw Worm","floor":2,"turns":7},{"damage":0,"enemies":"2 Louse","floor":3,"turns":3},{"damage":3,"enemies":"Red Slaver","floor":4,"turns":4},{"damage":14,"enemies":"Lagavulin","floor":7,"turns":8},{"damage":26,"enemies":"Gremlin Nob","floor":10,"turns":6},{"damage":0,"enemies":"Lagavulin","floor":12,"turns":5},{"damage":7,"enemies":"Hexaghost","floor":16,"turns":9},{"damage":1,"enemies":"Chosen","floor":18,"turns":6},{"damage":8,"enemies":"Masked Bandits","floor":20,"turns":8},{"damage":8,"enemies":"Shell Parasite","floor":21,"turns":6},{"damage":48,"enemies":"Gremlin Leader","floor":23,"turns":7},{"damage":25,"enemies":"Slavers","floor":25,"turns":3}],"seed_played":"-1630245881755481879","potions_obtained":[{"floor":3,"key":"AttackPotion"},{"floor":4,"key":"SneckoOil"},{"floor":7,"key":"GamblersBrew"},{"floor":10,"key":"PowerPotion"},{"floor":17,"key":"LiquidMemories"},{"floor":21,"key":"Poison Potion"},{"floor":23,"key":"Weak Potion"}],"is_trial":false,"path_per_floor":["M","M","M","M","$","R","E","?","T","E","?","E","?","?","R","B",null,"M","$","?","M","?","E","?","E"],"character_chosen":"THE_SILENT","items_purchased":["Lee\u0027s Waffle","Footwork+1"],"campfire_rested":1,"item_purchase_floors":[19,19],"current_hp_per_floor":[70,65,65,62,62,62,48,34,34,8,8,8,8,8,29,22,75,74,82,74,66,66,25,25,0,0],"gold":378,"neow_bonus":"ONE_RARE_RELIC","is_daily":false,"chose_seed":false,"campfire_upgraded":0,"win_rate":0.0,"timestamp":1608658425,"path_taken":["M","M","M","M","$","R","E","?","T","E","?","E","?","?","R","BOSS","M","$","?","M","?","E","?","E"],"items_purchased_type":["Relic","Card"],"build_version":"2020-12-13","purchased_purges":1,"victory":false,"max_hp_per_floor":[70,70,70,70,70,70,70,70,70,70,70,70,70,70,70,70,75,75,82,82,82,82,89,89,89,89],"card_choices":[{"not_picked":["Sucker Punch","Choke"],"picked":"Blur","floor":1},{"not_picked":["Backflip","Setup"],"picked":"Bouncing Flask","floor":2},{"not_picked":["Deflect","Sucker Punch"],"picked":"Poisoned Stab","floor":3},{"not_picked":["Underhanded Strike","Outmaneuver"],"picked":"Dodge and Roll","floor":4},{"not_picked":["Dagger Spray","Quick Slash"],"picked":"Escape Plan","floor":7},{"not_picked":["Flechettes","Glass Knife"],"picked":"Deadly Poison+1","floor":10},{"not_picked":["Outmaneuver+1","Accuracy+1"],"picked":"Escape Plan+1","floor":12},{"not_picked":["Phantasmal Killer+1","Unload"],"picked":"Malaise+1","floor":16},{"not_picked":["Bane","Sucker Punch"],"picked":"Deadly Poison+1","floor":17},{"not_picked":["Slice","Outmaneuver+1"],"picked":"Bouncing Flask+1","floor":18},{"not_picked":["Choke","Cloak And Dagger+1"],"picked":"Flying Knee+1","floor":20},{"not_picked":["Quick Slash","Dagger Spray","Dagger Throw"],"picked":"SKIP","floor":21},{"not_picked":["Phantasmal Killer+1","Leg Sweep+1"],"picked":"Deflect+1","floor":23}],"player_experience":589961,"relics_obtained":[{"floor":7,"key":"Bag of Preparation"},{"floor":9,"key":"Toxic Egg 2"},{"floor":10,"key":"Shovel"},{"floor":12,"key":"Frozen Egg 2"},{"floor":20,"key":"Red Mask"},{"floor":23,"key":"Strawberry"}],"event_choices":[{"damage_healed":0,"gold_gain":0,"player_choice":"Entered Light","damage_taken":14,"max_hp_gain":0,"max_hp_loss":0,"event_name":"Shining Light","floor":8,"gold_loss":0,"cards_upgraded":["Defend_G","Dodge and Roll"]},{"damage_healed":0,"gold_gain":175,"player_choice":"AGREE","damage_taken":0,"max_hp_gain":0,"max_hp_loss":0,"event_name":"Liars Game","floor":11,"gold_loss":0,"cards_obtained":["Doubt"]},{"damage_healed":0,"gold_gain":0,"cards_transformed":["Strike_G"],"player_choice":"Change","damage_taken":0,"max_hp_gain":0,"max_hp_loss":0,"event_name":"Living Wall","floor":13,"gold_loss":0,"cards_obtained":["Slice"]},{"cards_removed":["Strike_G"],"damage_healed":0,"gold_gain":0,"player_choice":"Offered Basic","damage_taken":0,"max_hp_gain":0,"max_hp_loss":0,"event_name":"Bonfire Elementals","floor":14,"gold_loss":0},{"damage_healed":0,"gold_gain":0,"player_choice":"Fought Bandits","damage_taken":0,"max_hp_gain":0,"max_hp_loss":0,"event_name":"Masked Bandits","floor":20,"gold_loss":0},{"damage_healed":0,"gold_gain":0,"player_choice":"Ignored","damage_taken":0,"max_hp_gain":0,"max_hp_loss":0,"event_name":"Vampires","floor":22,"gold_loss":0},{"damage_healed":0,"gold_gain":99,"player_choice":"Stole From Cult","damage_taken":0,"max_hp_gain":0,"max_hp_loss":0,"event_name":"Nest","floor":24,"gold_loss":0}],"is_beta":false,"boss_relics":[{"not_picked":["Runic Pyramid","SacredBark"],"picked":"Tiny House"}],"items_purged_floors":[19],"is_endless":false,"potions_floor_spawned":[3,4,7,10,21,23],"killed_by":"Slavers","ascension_level":1}}