{"host":"5gc11emcm5chfr5t","time":1608668796,"event":{"mods":["2.2 Compatiblity","AchievementEnabler","BaseMod","Bestiary","Better Note","Colored Map","Colored Powertips","Downfall","Googly Eyes","Minty Spire (QoL Compilation)","Rare Cards Sparkle","StSLib"],"gold_per_floor":[99,99,99,99,249,283,283,317,337,337,11,11,38,52,63,135,135,60,71,87,37,22,55,55,55,55],"floor_reached":25,"playtime":755,"items_purged":[],"score":520,"play_id":"b37bafcf-3c60-4376-8ba1-a960fe4b351e","local_time":"20201222152636","is_ascension_mode":true,"campfire_choices":[{"floor":1,"key":"RECALL"},{"data":"Metamorphosis","floor":12,"key":"SMITH"},{"data":"sneckomod:Transmogrify","floor":18,"key":"SMITH"}],"circlet_count":0,"master_deck":["AscendersBane","sneckomod:Strike","sneckomod:Defend","sneckomod:Defend+1","sneckomod:Defend+1","sneckomod:TailWhip","sneckomod:SnekBite","sneckomod:Unknown","sneckomod:Unknown","sneckomod:ImprovisedAttack","sneckomod:DiceBoulder","sneckomod:SoulRoll","sneckomod:UnknownX","sneckomod:SoulRoll","sneckomod:UnknownVulnerable","Metamorphosis+1","sneckomod:IronFang","sneckomod:ImprovisedGuard","sneckomod:DangerNoodle","sneckomod:Transmogrify+1","sneckomod:SerpentIdol","sneckomod:UnknownStrength+1","sneckomod:UnknownDexterity+1","sneckomod:UnknownStrength+1"],"relics":["sneckomod:SneckoSoul","downfall:HeartsMalice","Mercury Hourglass","War Paint","Empty Cage","downfall:HeartBlessingRed","Boot","Toxic Egg 2","Molten Egg 2"],"acts_visited":["Exordium","TheCity"],"potions_floor_usage":[8,11,11,13,13,14,16,23,25],"damage_taken":[{"damage":0,"enemies":"Small Slimes","floor":2,"turns":1},{"damage":0,"enemies":"2 Louse","floor":4,"turns":1},{"damage":0,"enemies":"Lagavulin","floor":6,"turns":1},{"damage":1,"enemies":"3 Sentries","floor":8,"turns":3},{"damage":0,"enemies":"Cultist","floor":9,"turns":3},{"damage":6,"enemies":"downfall:FleeingMerchant","floor":11,"turns":4},{"damage":6,"enemies":"Gremlin Nob","floor":13,"turns":3},{"damage":1,"enemies":"3 Louse","floor":14,"turns":2},{"damage":3,"enemies":"Exordium Wildlife","floor":15,"turns":3},{"damage":8,"enemies":"downfall:Watcher","floor":16,"turns":4},{"damage":36,"enemies":"Shell Parasite","floor":19,"turns":5},{"damage":25,"enemies":"Spheric Guardian","floor":20,"turns":4},{"damage":2,"enemies":"downfall:FleeingMerchant","floor":22,"turns":4},{"damage":48,"enemies":"Slavers","floor":23,"turns":5},{"damage":11,"enemies":"Snake Plant","floor":25,"turns":4}],"seed_played":"6512652723058862743","potions_obtained":[{"floor":6,"key":"Explosive Potion"},{"floor":8,"key":"ColorlessPotion"},{"floor":9,"key":"AttackPotion"},{"floor":14,"key":"DistilledChaos"},{"floor":19,"key":"Energy Potion"},{"floor":23,"key":"LiquidMemories"}],"is_trial":false,"path_per_floor":["R","M","?","M","?","E","T","E","M","?","$","R","E","M","M","B",null,"R","M","M","?","$","E","T","M"],"character_chosen":"THE_SNECKO","items_purchased":["Metamorphosis","EntropicBrew"],"campfire_rested":0,"item_purchase_floors":[11,11],"current_hp_per_floor":[75,75,75,75,75,75,75,82,82,82,77,77,71,70,67,59,79,79,43,19,59,58,11,11,0,0],"gold":55,"neow_bonus":"THREE_ENEMY_KILL","is_daily":false,"chose_seed":false,"campfire_upgraded":2,"win_rate":0.0,"timestamp":1608668796,"path_taken":["R","M","?","M","?","E","T","E","M","?","$","R","E","M","M","BOSS","R","M","M","?","$","E","T","M"],"items_purchased_type":["Card","Potion"],"build_version":"2020-12-13","purchased_purges":0,"victory":false,"max_hp_per_floor":[83,83,83,83,83,83,83,84,84,84,85,85,85,85,85,85,85,85,85,86,86,87,88,88,88,88],"card_choices":[{"not_picked":["sneckomod:UnknownDexterity","sneckomod:UnknownBlock"],"picked":"sneckomod:ImprovisedAttack","floor":2},{"not_picked":["sneckomod:UnknownClassGUARDIAN","sneckomod:DiceBlock"],"picked":"sneckomod:DiceBoulder","floor":4},{"not_picked":["sneckomod:UnknownCommonSkill","sneckomod:Cheat"],"picked":"sneckomod:SoulRoll","floor":6},{"not_picked":["sneckomod:QuickMove","sneckomod:DiceBlock"],"picked":"sneckomod:UnknownX","floor":8},{"not_picked":["sneckomod:DiceBoulder","sneckomod:UnknownBlock"],"picked":"sneckomod:SoulRoll","floor":9},{"not_picked":["sneckomod:UnknownBlock","sneckomod:Nope"],"picked":"sneckomod:UnknownVulnerable","floor":11},{"not_picked":["sneckomod:UnknownVulnerable","sneckomod:UnknownClassGUARDIAN"],"picked":"sneckomod:IronFang","floor":13},{"not_picked":["sneckomod:UnknownClassGREEN","sneckomod:SnakeSap"],"picked":"sneckomod:ImprovisedGuard","floor":14},{"not_picked":["sneckomod:UnknownUncommonPower","sneckomod:SoulRoll"],"picked":"sneckomod:DangerNoodle","floor":15},{"not_picked":["sneckomod:SoulExchange","sneckomod:Restock"],"picked":"sneckomod:Transmogrify","floor":16},{"not_picked":["sneckomod:WideSting","sneckomod:QuickBite"],"picked":"sneckomod:SerpentIdol","floor":19},{"not_picked":["sneckomod:SnekBeam+1","sneckomod:WideSting+1"],"picked":"sneckomod:UnknownStrength+1","floor":20},{"not_picked":["sneckomod:UnknownCommonAttack+1","sneckomod:UnknownWeak+1"],"picked":"sneckomod:UnknownDexterity+1","floor":22},{"not_picked":["sneckomod:UnknownClassSLIMEBOUND+1","sneckomod:QuickBite+1"],"picked":"sneckomod:UnknownStrength+1","floor":23}],"player_experience":478813,"relics_obtained":[{"floor":6,"key":"Ornamental Fan"},{"floor":7,"key":"Mercury Hourglass"},{"floor":8,"key":"War Paint"},{"floor":13,"key":"Sundial"},{"floor":19,"key":"Boot"},{"floor":20,"key":"Toxic Egg 2"},{"floor":22,"key":"Molten Egg 2"},{"floor":23,"key":"Peace Pipe"}],"event_choices":[{"cards_removed":["Doubt"],"damage_healed":0,"gold_gain":0,"player_choice":"Card Removal","damage_taken":0,"max_hp_gain":0,"max_hp_loss":0,"event_name":"The Cleric","floor":10,"gold_loss":0}],"is_beta":false,"boss_relics":[{"not_picked":["Coffee Dripper","Cursed Key"],"picked":"Empty Cage"}],"items_purged_floors":[],"is_endless":false,"potions_floor_spawned":[6,8,9,14,19,23],"killed_by":"Snake Plant","ascension_level":20}}