{"host":"adv1uqz3812gqgbw","time":1608681059,"event":{"mods":["BaseMod","Better Note","Better Third Choice","Colored Powertips","Custom Start","Dio Mod","GifTheSpireLib","Hermit","Minty Spire (QoL Compilation)","Robot Space Explorer","StSLib","The Runesmith","Transform Curses","Uncapped"],"gold_per_floor":[144,144,192,237,294,393,477,573,625,727,391,472,572,647,647,860,860,902,902,926,956,1337,1430,1505,1505,1555,1642,1729,1825,1912,1987,1987,2233,2245,2287,2324,2396,2465,2573,2675,2735,2822,2911,2923,2935,2935],"floor_reached":45,"playtime":1457,"items_purged":["hermit:Covet+1"],"score":2008,"play_id":"6b9102bd-553f-4afb-b0f2-f6e777149981","local_time":"20201222215059","daily_mods":["Vintage","Time Dilation","Flight","DeadlyEvents","Elite Swarm","Lethality","Midas"],"is_ascension_mode":true,"campfire_choices":[{"floor":15,"key":"DIG"},{"floor":32,"key":"DIG"}],"circlet_count":0,"master_deck":["dioMod:OverHeaven+1","dioMod:OverHeaven+1","dioMod:OverHeaven+1","Insight+1","Double Energy+1"],"relics":["PureWater","Ring of the Snake","HolyWater","Ice Cream","Mango","RobotSpaceExplorer:BottledGravity","Bottled Flame","Bottled Lightning","Turnip","TungstenRod","Unceasing Top","Lee\u0027s Waffle","Ginger","FossilizedHelix","Bag of Preparation","Black Star","Centennial Puzzle","Frozen Eye","Shovel","Runic Pyramid","Anchor","Bronze Scales","HornCleat","Kunai","CaptainsWheel","Damaru","Darkstone Periapt","Du-Vu Doll","Lizard Tail","Velvet Choker","TeardropLocket","Thread and Needle","Pear","War Paint","Vajra","Bag of Marbles","Dream Catcher","Runesmith:Nanobots","Regal Pillow","Akabeko","Tiny Chest","Oddly Smooth Stone","InkBottle","Sundial","Bird Faced Urn","Letter Opener","Gambling Chip","Toy Ornithopter","White Beast Statue","Orichalcum","Blood Vial","Smiling Mask","Old Coin","Ornamental Fan","Eternal Feather","Happy Flower","Question Card","PreservedInsect","Pen Nib","Potion Belt","CeramicFish","Boot","Omamori","Prayer Wheel","Dead Branch","Singing Bowl","Frozen Egg 2","Ancient Tea Set","Gremlin Horn","MawBank","Black Star","GoldenEye","Art of War","Runesmith:AutoHammer","Lantern","Whetstone","Nunchaku","Meat on the Bone","StrikeDummy","Blue Candle","Toxic Egg 2","Pantograph","Shuriken"],"acts_visited":["Exordium","TheCity","TheBeyond"],"potions_floor_usage":[],"damage_taken":[{"damage":0,"enemies":"2 Louse","floor":1,"turns":1},{"damage":0,"enemies":"Cultist","floor":3,"turns":1},{"damage":0,"enemies":"Jaw Worm","floor":4,"turns":1},{"damage":0,"enemies":"Looter","floor":5,"turns":1},{"damage":0,"enemies":"Lagavulin","floor":6,"turns":1},{"damage":0,"enemies":"Gremlin Nob","floor":7,"turns":1},{"damage":0,"enemies":"3 Sentries","floor":8,"turns":1},{"damage":0,"enemies":"Lagavulin","floor":10,"turns":1},{"damage":0,"enemies":"3 Sentries","floor":12,"turns":1},{"damage":0,"enemies":"Lagavulin","floor":14,"turns":1},{"damage":0,"enemies":"Slime Boss","floor":16,"turns":1},{"damage":0,"enemies":"Shell Parasite","floor":18,"turns":1},{"damage":0,"enemies":"2 Thieves","floor":21,"turns":1},{"damage":0,"enemies":"Book of Stabbing","floor":22,"turns":1},{"damage":0,"enemies":"Gremlin Leader","floor":23,"turns":1},{"damage":0,"enemies":"Slavers","floor":24,"turns":1},{"damage":0,"enemies":"Book of Stabbing","floor":27,"turns":1},{"damage":0,"enemies":"Gremlin Leader","floor":28,"turns":1},{"damage":0,"enemies":"Slavers","floor":29,"turns":1},{"damage":0,"enemies":"Book of Stabbing","floor":30,"turns":1},{"damage":0,"enemies":"Gremlin Leader","floor":31,"turns":1},{"damage":0,"enemies":"Champ","floor":33,"turns":1},{"damage":0,"enemies":"3 Shapes","floor":35,"turns":1},{"damage":0,"enemies":"Orb Walker","floor":37,"turns":1},{"damage":0,"enemies":"Maw","floor":38,"turns":1},{"damage":0,"enemies":"Giant Head","floor":39,"turns":1},{"damage":0,"enemies":"Reptomancer","floor":40,"turns":1},{"damage":0,"enemies":"Giant Head","floor":42,"turns":1},{"damage":42,"enemies":"3 Darklings","floor":45,"turns":5}],"seed_played":"8424396227087238474","potions_obtained":[{"floor":3,"key":"BottledMiracle"},{"floor":7,"key":"DuplicationPotion"},{"floor":8,"key":"LiquidMemories"},{"floor":27,"key":"Regen Potion"},{"floor":28,"key":"LiquidMemories"},{"floor":29,"key":"Energy Potion"},{"floor":31,"key":"BottledMiracle"}],"is_trial":true,"path_per_floor":["M","$","M","M","M","E","E","E","T","E","$","E","?","E","R","B",null,"M","?","T","M","E","E","E","?","T","E","E","E","E","E","R","B",null,"M","T","M","M","E","E","T","E","T","?","M"],"character_chosen":"WATCHER","items_purchased":["Sundial"],"campfire_rested":0,"item_purchase_floors":[11],"current_hp_per_floor":[89,89,89,99,99,99,99,99,99,99,99,99,99,99,99,99,99,99,99,99,99,99,99,99,99,99,99,99,99,101,103,103,105,105,105,105,105,105,107,109,109,111,111,113,71,71],"gold":2935,"neow_bonus":"","is_daily":false,"chose_seed":false,"campfire_upgraded":0,"win_rate":0.0,"timestamp":1608681059,"path_taken":["M","$","M","M","M","E","E","E","T","E","$","E","?","?","R","BOSS","M","?","?","M","?","E","E","?","T","E","?","E","E","E","R","BOSS","M","?","?","?","?","E","?","E","T","?","M"],"items_purchased_type":["Relic"],"build_version":"2020-12-13","purchased_purges":1,"victory":false,"max_hp_per_floor":[89,89,89,99,99,99,99,99,99,99,99,99,99,99,99,99,99,99,99,99,99,99,99,99,99,99,99,99,99,101,103,103,105,105,105,105,105,105,107,109,109,111,111,113,113,113],"card_choices":[{"not_picked":["Blasphemy","Scrawl","Alpha"],"picked":"SKIP","floor":6},{"not_picked":["DeusExMachina","Omniscience","Wish"],"picked":"SKIP","floor":7},{"not_picked":["Omniscience","Devotion","Establishment"],"picked":"SKIP","floor":8},{"not_picked":["Establishment","SpiritShield","LessonLearned"],"picked":"SKIP","floor":10},{"not_picked":["LessonLearned","Establishment","MasterReality"],"picked":"SKIP","floor":12},{"not_picked":["Blasphemy","Alpha","Scrawl"],"picked":"SKIP","floor":14},{"not_picked":["Devotion","Establishment","SpiritShield"],"picked":"SKIP","floor":22},{"not_picked":["Judgement","Brilliance","MasterReality"],"picked":"SKIP","floor":23},{"not_picked":["ConjureBlade","Blasphemy","Devotion"],"picked":"SKIP","floor":24},{"not_picked":["Devotion","Brilliance","LessonLearned","DevaForm"],"picked":"SKIP","floor":27},{"not_picked":["Vault","Alpha","Establishment","SpiritShield"],"picked":"SKIP","floor":28},{"not_picked":["ConjureBlade","Judgement","Establishment","Brilliance"],"picked":"SKIP","floor":29},{"not_picked":["MasterReality+1","Ragnarok","Devotion+1","Blasphemy"],"picked":"Singing Bowl","floor":30},{"not_picked":["Ragnarok","DevaForm+1","MasterReality+1","SpiritShield"],"picked":"Singing Bowl","floor":31},{"not_picked":["SpiritShield","Wish","MasterReality+1","Brilliance"],"picked":"Singing Bowl","floor":33},{"not_picked":["DevaForm+1","ConjureBlade","Establishment+1","MasterReality+1"],"picked":"Singing Bowl","floor":39},{"not_picked":["MasterReality+1","Omniscience","Blasphemy","Ragnarok"],"picked":"Singing Bowl","floor":40},{"not_picked":["SpiritShield+1","Devotion+1","Omniscience+1","Vault+1"],"picked":"Singing Bowl","floor":42},{"not_picked":["Good Instincts+1","Discovery+1","Dark Shackles+1","Enlightenment+1"],"picked":"Singing Bowl","floor":44}],"player_experience":306624,"relics_obtained":[{"floor":1,"key":"TeardropLocket"},{"floor":3,"key":"Thread and Needle"},{"floor":4,"key":"Pear"},{"floor":5,"key":"War Paint"},{"floor":6,"key":"Vajra"},{"floor":6,"key":"Bag of Marbles"},{"floor":7,"key":"Dream Catcher"},{"floor":7,"key":"Runesmith:Nanobots"},{"floor":8,"key":"Regal Pillow"},{"floor":8,"key":"Akabeko"},{"floor":9,"key":"Tiny Chest"},{"floor":10,"key":"Oddly Smooth Stone"},{"floor":10,"key":"InkBottle"},{"floor":12,"key":"Bird Faced Urn"},{"floor":12,"key":"Letter Opener"},{"floor":14,"key":"Gambling Chip"},{"floor":14,"key":"Toy Ornithopter"},{"floor":15,"key":"White Beast Statue"},{"floor":18,"key":"Orichalcum"},{"floor":20,"key":"Blood Vial"},{"floor":21,"key":"Smiling Mask"},{"floor":22,"key":"Old Coin"},{"floor":22,"key":"Ornamental Fan"},{"floor":23,"key":"Eternal Feather"},{"floor":23,"key":"Happy Flower"},{"floor":24,"key":"Question Card"},{"floor":24,"key":"PreservedInsect"},{"floor":26,"key":"Pen Nib"},{"floor":27,"key":"Potion Belt"},{"floor":27,"key":"CeramicFish"},{"floor":28,"key":"Boot"},{"floor":28,"key":"Omamori"},{"floor":29,"key":"Prayer Wheel"},{"floor":29,"key":"Dead Branch"},{"floor":30,"key":"Singing Bowl"},{"floor":30,"key":"Frozen Egg 2"},{"floor":31,"key":"Ancient Tea Set"},{"floor":31,"key":"Gremlin Horn"},{"floor":32,"key":"MawBank"},{"floor":35,"key":"GoldenEye"},{"floor":36,"key":"Art of War"},{"floor":37,"key":"Runesmith:AutoHammer"},{"floor":38,"key":"Lantern"},{"floor":39,"key":"Whetstone"},{"floor":39,"key":"Nunchaku"},{"floor":40,"key":"Meat on the Bone"},{"floor":40,"key":"StrikeDummy"},{"floor":41,"key":"Blue Candle"},{"floor":42,"key":"Toxic Egg 2"},{"floor":42,"key":"Pantograph"},{"floor":43,"key":"Shuriken"}],"event_choices":[{"damage_healed":0,"gold_gain":100,"player_choice":"Pray","damage_taken":0,"max_hp_gain":0,"max_hp_loss":0,"event_name":"Golden Shrine","floor":13,"gold_loss":0},{"cards_removed":["Double Energy"],"damage_healed":0,"gold_gain":0,"player_choice":"Purged","damage_taken":0,"max_hp_gain":0,"max_hp_loss":0,"event_name":"Purifier","floor":19,"gold_loss":0},{"cards_removed":["Double Energy"],"damage_healed":0,"gold_gain":0,"player_choice":"Give","damage_taken":0,"max_hp_gain":0,"max_hp_loss":0,"event_name":"betterNote:BetterNote","floor":25,"gold_loss":0,"cards_obtained":["None"]},{"damage_healed":0,"gold_gain":0,"player_choice":"Memory 1","damage_taken":0,"max_hp_gain":0,"max_hp_loss":0,"event_name":"SensoryStone","floor":44,"gold_loss":0}],"is_beta":false,"boss_relics":[{"not_picked":["Calling Bell","Busted Crown","Sozu"]},{"not_picked":["Empty Cage","Philosopher\u0027s Stone"],"picked":"Black Star"}],"items_purged_floors":[11],"is_endless":false,"potions_floor_spawned":[3,7,8,10,16,18,21,22,23,24,27,28,29,30,31,33,35,37,38,39,40,42],"killed_by":"3 Darklings","ascension_level":14}}