{"host":"vumwfieg2b2mnrfl","time":1608680506,"event":{"mods":["AchievementEnabler","BaseMod","Minty Spire (QoL Compilation)","Rare Cards Sparkle","Relic Stats"],"gold_per_floor":[110,185,155,172,190,219,219,219,219],"floor_reached":8,"playtime":251,"items_purged":[],"score":87,"play_id":"2c672e89-bdd3-4633-a160-4e3bc8b3776c","local_time":"20201222174146","is_ascension_mode":true,"campfire_choices":[],"circlet_count":0,"master_deck":["AscendersBane","Strike_R","Strike_R","Strike_R","Strike_R","Defend_R","Defend_R","Defend_R","Defend_R","Bash","Shrug It Off","Headbutt","Limit Break","Searing Blow"],"relics":["Burning Blood","Torii","Question Card"],"acts_visited":["Exordium"],"potions_floor_usage":[6,8],"damage_taken":[{"damage":2.0,"enemies":"2 Louse","floor":1.0,"turns":4.0},{"damage":2.0,"enemies":"Cultist","floor":4.0,"turns":4.0},{"damage":7.0,"enemies":"Jaw Worm","floor":5.0,"turns":4.0},{"damage":24,"enemies":"Gremlin Nob","floor":6,"turns":4},{"damage":33,"enemies":"Lagavulin","floor":8,"turns":8}],"seed_played":"7684296721062086758","potions_obtained":[{"floor":1.0,"key":"AttackPotion"},{"floor":3.0,"key":"DuplicationPotion"}],"is_trial":false,"path_per_floor":["M","?","?","M","M","E","?","E"],"character_chosen":"IRONCLAD","items_purchased":[],"campfire_rested":0,"item_purchase_floors":[],"current_hp_per_floor":[55,44,44,48,47,29,29,0,0],"gold":219,"neow_bonus":"ONE_RARE_RELIC","is_daily":false,"chose_seed":false,"campfire_upgraded":0,"win_rate":0.0,"timestamp":1608680506,"path_taken":["M","?","?","?","M","E","?","E"],"items_purchased_type":[],"build_version":"2020-12-13","purchased_purges":0,"victory":false,"max_hp_per_floor":[80,80,80,80,80,80,80,80,80],"relic_stats":{"Torii":15,"counters":[5,24],"Question Card":0,"obtain_stats":[{"Torii":0,"Question Card":6,"Burning Blood":0},{"Torii":0,"Question Card":4,"Burning Blood":0},{"Torii":0,"Question Card":16,"Burning Blood":0}],"Burning Blood":24},"card_choices":[{"not_picked":["Warcry","Entrench","True Grit"],"picked":"SKIP","floor":1.0},{"not_picked":["Armaments","Perfected Strike"],"picked":"Shrug It Off","floor":4.0},{"not_picked":["Second Wind","Warcry"],"picked":"Headbutt","floor":5},{"not_picked":["Clash","True Grit"],"picked":"Limit Break","floor":6}],"player_experience":289759,"relics_obtained":[{"floor":6,"key":"Question Card"}],"event_choices":[{"damage_healed":0.0,"max_hp_gain":0.0,"max_hp_loss":0.0,"gold_gain":75.0,"event_name":"World of Goop","player_choice":"Gather Gold","floor":2.0,"gold_loss":0.0,"damage_taken":11.0},{"damage_healed":0.0,"max_hp_gain":0.0,"max_hp_loss":0.0,"gold_gain":0.0,"event_name":"The Woman in Blue","player_choice":"Bought 2 Potions","floor":3.0,"gold_loss":0.0,"damage_taken":0.0},{"damage_healed":0,"gold_gain":0,"cards_transformed":["Strike_R"],"player_choice":"Transformed","damage_taken":0,"max_hp_gain":0,"max_hp_loss":0,"event_name":"Transmorgrifier","floor":7,"gold_loss":0,"cards_obtained":["Searing Blow"]}],"is_beta":false,"boss_relics":[],"items_purged_floors":[],"is_endless":false,"potions_floor_spawned":[1],"killed_by":"Lagavulin","ascension_level":11}}