{"host":"1zjc08c6hob33401","time":1608653712,"event":{"mods":["AchievementEnabler","Act Like it!","Aspiration","BaseMod","Downfall","Energized Spire","GifTheSpireLib","Hermit","Hubris","Infinite Spire","Jedi Mod","Jorbs\u0027s Wanderer Trilogy","Minty Spire (QoL Compilation)","Pale of the Ancients","Quick Restart","Replay The Spire","Retaliation","Shop Mod","StSLib","Stuff the Spire","Swap Starting Deck Mod","The Blue Laboratory","The Gatherer","The Poker Player","The Runesmith","Wandering Minibosses"],"gold_per_floor":[99,109,109,120,139,64,64,80,111,111,111,126,36,71,86,86,86,86],"floor_reached":16,"playtime":952,"items_purged":["Gatherer:Defend_Gatherer"],"score":118,"play_id":"ef67e815-9315-4de4-ab4e-952b8bd7afc8","local_time":"20201222181512","is_ascension_mode":true,"metric_token":1696,"campfire_choices":[{"floor":1.0,"key":"RECALL"},{"data":"Gatherer:SmartManeuver","floor":6.0,"key":"SMITH"},{"data":"Gatherer:FlowerBeam","floor":6.0,"key":"SMITH"},{"data":"Gatherer:Duplicator","floor":10.0,"key":"SMITH"},{"data":"Gatherer:Nutrients","floor":10.0,"key":"SMITH"}],"circlet_count":0,"master_deck":["Gatherer:Strike_Gatherer","Gatherer:Strike_Gatherer","Gatherer:Strike_Gatherer","Gatherer:Strike_Gatherer","Gatherer:Strike_Gatherer","Gatherer:Defend_Gatherer","Gatherer:Defend_Gatherer","Gatherer:Defend_Gatherer","Gatherer:Centralize","Gatherer:FlowerWhip+1","Gatherer:FlowerBeam+2","Gatherer:UpgradeBag","Gatherer:SmartManeuver+1","Gatherer:Duplicator+1","Gatherer:Nutrients+1","Gatherer:Transmute","Gatherer:Solidify","Gatherer:BigPouch","Gatherer:TreeGrowth"],"relics":["Gatherer:AlchemyBag","Replay:Arrowhead","downfall:HeartBlessingRed","PreservedInsect","Shuriken","hubris:Towel","ReplayTheSpireMod:Lightbulb"],"acts_visited":["Exordium"],"potions_floor_usage":[16],"damage_taken":[{"damage":8.0,"enemies":"Small Slimes","floor":2.0,"turns":3.0},{"damage":9.0,"enemies":"Jaw Worm","floor":4.0,"turns":2.0},{"damage":2.0,"enemies":"2 Louse","floor":5.0,"turns":2.0},{"damage":0.0,"enemies":"2 Fungi Beasts","floor":8.0,"turns":2.0},{"damage":3.0,"enemies":"Gremlin Nob","floor":9.0,"turns":3.0},{"damage":3.0,"enemies":"Large Slime","floor":12.0,"turns":4.0},{"damage":6.0,"enemies":"downfall:FleeingMerchant","floor":13.0,"turns":4.0},{"damage":9.0,"enemies":"Lagavulin","floor":14.0,"turns":3.0},{"damage":13,"enemies":"Blue Slaver","floor":15,"turns":4},{"damage":27,"enemies":"downfall:Defect","floor":16,"turns":4}],"seed_played":"-8274339848720060654","potions_obtained":[{"floor":5.0,"key":"Poison Potion"},{"floor":8.0,"key":"Swift Potion"},{"floor":12.0,"key":"blueLaboratory:PhilterOfMotion"},{"floor":15,"key":"BottledMiracle"}],"is_trial":false,"path_per_floor":["R","M","?","M","M","R","T","M","E","R","?","M","$","E","M","B"],"character_chosen":"THE_GATHERER","items_purchased":[],"campfire_rested":0,"item_purchase_floors":[],"current_hp_per_floor":[72,64,64,55,53,53,53,53,50,50,50,47,41,32,19,0,0,0],"gold":86,"neow_bonus":"REMOVE_CARD","is_daily":false,"chose_seed":false,"campfire_upgraded":4,"win_rate":0.0,"timestamp":1608653712,"path_taken":["R","M","?","M","M","R","T","M","E","R","?","M","$","E","M","BOSS"],"items_purchased_type":[],"build_version":"2020-12-13","purchased_purges":1,"victory":false,"max_hp_per_floor":[72,72,72,72,72,72,72,72,72,72,72,72,72,72,72,72,72,72],"card_choices":[{"not_picked":["Gatherer:QuickSynthesis","Gatherer:TreeGrowth"],"picked":"Gatherer:FlowerBeam","floor":2.0},{"not_picked":["Gatherer:PotentialSlash","Gatherer:BambuSword"],"picked":"Gatherer:UpgradeBag","floor":4.0},{"not_picked":["Gatherer:BigPouch","Gatherer:FragileHammer"],"picked":"Gatherer:SmartManeuver","floor":5.0},{"not_picked":["Gatherer:OddSpoils","Gatherer:ScherryThrow"],"picked":"Gatherer:Duplicator","floor":8.0},{"not_picked":["Gatherer:Convert","Gatherer:GatherMaterial"],"picked":"Gatherer:Nutrients","floor":9.0},{"not_picked":["Gatherer:BambuSword","Gatherer:DrugPower"],"picked":"Gatherer:Transmute","floor":12.0},{"not_picked":["Gatherer:BambuSword","Gatherer:Polymorphism"],"picked":"Gatherer:Solidify","floor":13.0},{"not_picked":["Gatherer:TreeGrowth","Gatherer:GlowingPlant"],"picked":"Gatherer:BigPouch","floor":14.0},{"not_picked":["Gatherer:Snatch","Gatherer:Enchant"],"picked":"Gatherer:TreeGrowth","floor":15}],"player_experience":474191,"relics_obtained":[{"floor":7.0,"key":"PreservedInsect"},{"floor":9.0,"key":"Shuriken"},{"floor":14.0,"key":"ReplayTheSpireMod:Lightbulb"}],"event_choices":[],"is_beta":false,"boss_relics":[],"items_purged_floors":[13],"is_endless":false,"potions_floor_spawned":[5,8,12,15],"killed_by":"downfall:Defect","ascension_level":1}}