{"host":"dpbezu80jg8zk7un","time":1608667949,"event":{"mods":["BaseMod","Colored Map","Colored Powertips","Custom Start","DeckTracker","Minty Spire (QoL Compilation)","Quick Restart","StSLib","SuperFastMode"],"gold_per_floor":[115,132,149,149,168,168,195,195,249,249,267,292,306,323,323,396,396,406,331,331,331,256,256,282,282,282,292,323,223,223,241,241,318,318,331,341,47,59,59,59,406,434,434,434,448,448,474,151,151,151,151],"floor_reached":50,"playtime":1614,"items_purged":["Defend_P+1","Strike_P","Defend_P+1","Strike_P+1"],"score":1146,"play_id":"eb57c778-42a9-4810-a879-511f0b9fb3b5","local_time":"20201223051229","is_ascension_mode":true,"campfire_choices":[{"data":"CrushJoints","floor":6.0,"key":"SMITH"},{"floor":8.0,"key":"REST"},{"data":"Adaptation","floor":15.0,"key":"SMITH"},{"floor":23.0,"key":"REST"},{"floor":25.0,"key":"REST"},{"floor":30.0,"key":"REST"},{"floor":32.0,"key":"REST"},{"floor":40,"key":"REST"},{"floor":44,"key":"REST"},{"floor":46,"key":"REST"},{"floor":49,"key":"RECALL"}],"circlet_count":0,"master_deck":["AscendersBane","Strike_P+1","Defend_P+1","Eruption+1","Vigilance+1","CrushJoints+1","Adaptation+1","Meditate+1","FearNoEvil+1","LessonLearned+1","MentalFortress+1","Adaptation+1","InnerPeace+1"],"relics":["PureWater","Mercury Hourglass","Bag of Marbles","War Paint","Sozu","StrikeDummy","Yang","Orichalcum","Black Star","Medical Kit","Old Coin","Molten Egg 2","Blood Vial","Art of War","Potion Belt","TheAbacus"],"acts_visited":["Exordium","TheCity","TheBeyond"],"potions_floor_usage":[],"damage_taken":[{"damage":7.0,"enemies":"Jaw Worm","floor":1.0,"turns":4.0},{"damage":0.0,"enemies":"2 Louse","floor":2.0,"turns":3.0},{"damage":0.0,"enemies":"Small Slimes","floor":3.0,"turns":2.0},{"damage":0.0,"enemies":"Exordium Wildlife","floor":5.0,"turns":3.0},{"damage":36.0,"enemies":"3 Sentries","floor":7.0,"turns":7.0},{"damage":6.0,"enemies":"3 Louse","floor":11.0,"turns":2.0},{"damage":4.0,"enemies":"Lagavulin","floor":12.0,"turns":4.0},{"damage":0.0,"enemies":"Blue Slaver","floor":13.0,"turns":1.0},{"damage":0.0,"enemies":"Gremlin Gang","floor":14.0,"turns":3.0},{"damage":6.0,"enemies":"The Guardian","floor":16.0,"turns":9.0},{"damage":13.0,"enemies":"Shell Parasite","floor":18.0,"turns":3.0},{"damage":22.0,"enemies":"Book of Stabbing","floor":24.0,"turns":4.0},{"damage":14.0,"enemies":"2 Thieves","floor":27.0,"turns":3.0},{"damage":21.0,"enemies":"Slavers","floor":28.0,"turns":4.0},{"damage":0.0,"enemies":"3 Cultists","floor":31.0,"turns":3.0},{"damage":6.0,"enemies":"Champ","floor":33.0,"turns":6.0},{"damage":0.0,"enemies":"Orb Walker","floor":35.0,"turns":2.0},{"damage":25.0,"enemies":"3 Shapes","floor":36.0,"turns":4.0},{"damage":8,"enemies":"Jaw Worm Horde","floor":38,"turns":4},{"damage":31,"enemies":"2 Orb Walkers","floor":41,"turns":4},{"damage":15,"enemies":"Nemesis","floor":42,"turns":7},{"damage":19,"enemies":"Writhing Mass","floor":45,"turns":3},{"damage":6,"enemies":"Reptomancer","floor":47,"turns":4},{"damage":39,"enemies":"Awakened One","floor":50,"turns":2}],"seed_played":"6974093449877343621","potions_obtained":[{"floor":1.0,"key":"BlessingOfTheForge"},{"floor":7.0,"key":"GamblersBrew"},{"floor":11.0,"key":"BottledMiracle"},{"floor":13.0,"key":"Regen Potion"},{"floor":14.0,"key":"LiquidMemories"}],"is_trial":false,"path_per_floor":["M","M","M","?","M","R","E","R","T","?","M","E","M","M","R","B",null,"M","?","?","?","$","R","E","R","T","M","E","$","R","M","R","B",null,"M","M","$","M","?","R","?","E","T","R","M","R","E","$","R","B"],"character_chosen":"WATCHER","items_purchased":["Medical Kit","TheAbacus"],"campfire_rested":8,"item_purchase_floors":[37,48],"current_hp_per_floor":[54,54,54,54,54,54,18,38,38,18,12,8,8,17,17,11,54,41,41,41,22,22,43,21,42,42,28,7,7,28,28,49,43,66,66,41,41,33,33,53,22,7,7,27,10,30,26,26,26,0,0],"gold":151,"neow_bonus":"UPGRADE_CARD","is_daily":false,"chose_seed":false,"campfire_upgraded":2,"win_rate":0.0,"timestamp":1608667949,"path_taken":["M","M","M","?","M","R","E","R","T","?","M","E","M","M","R","BOSS","M","?","?","?","?","R","E","R","T","?","E","$","R","M","R","BOSS","M","M","$","M","?","R","?","E","T","R","M","R","E","$","R","BOSS"],"items_purchased_type":["Relic","Relic"],"build_version":"2020-12-13","purchased_purges":4,"victory":false,"max_hp_per_floor":[68,68,68,68,68,68,68,68,68,68,68,68,68,68,68,68,68,68,68,68,73,73,73,73,73,73,73,73,73,73,73,73,73,73,73,73,73,73,69,69,69,69,69,69,69,69,69,69,69,69,69],"card_choices":[{"not_picked":["Fasting2","Evaluate","BowlingBash"],"picked":"SKIP","floor":1.0},{"not_picked":["SashWhip","PathToVictory","Crescendo"],"picked":"SKIP","floor":2.0},{"not_picked":["SignatureMove","Crescendo"],"picked":"CrushJoints","floor":3.0},{"not_picked":["WindmillStrike","TalkToTheHand","Crescendo"],"picked":"SKIP","floor":5.0},{"not_picked":["Vengeance","WheelKick"],"picked":"Adaptation","floor":7.0},{"not_picked":["Omniscience","CutThroughFate","BowlingBash"],"picked":"SKIP","floor":11.0},{"not_picked":["DevaForm","JustLucky","Study"],"picked":"SKIP","floor":12.0},{"not_picked":["SashWhip","JustLucky"],"picked":"Meditate","floor":13.0},{"not_picked":["SignatureMove","BowlingBash"],"picked":"FearNoEvil","floor":14.0},{"not_picked":["Wish","Brilliance"],"picked":"LessonLearned","floor":16.0},{"not_picked":["Protect","EmptyFist","CarveReality"],"picked":"SKIP","floor":18.0},{"not_picked":["FearNoEvil","Judgement","SashWhip"],"picked":"SKIP","floor":24.0},{"not_picked":["Evaluate","SandsOfTime","Pray+1"],"picked":"SKIP","floor":27.0},{"not_picked":["Halt","Collect"],"picked":"Adaptation","floor":28.0},{"not_picked":["Protect","Halt","BowlingBash"],"picked":"SKIP","floor":31.0},{"not_picked":["Prostrate+1","PathToVictory","TalkToTheHand+1"],"picked":"SKIP","floor":35.0},{"not_picked":["FlurryOfBlows","CutThroughFate+1","CrushJoints+1"],"picked":"SKIP","floor":36.0},{"not_picked":["Adaptation","Prostrate"],"picked":"InnerPeace+1","floor":38},{"not_picked":["SignatureMove+1","Judgement","Wish"],"picked":"SKIP","floor":42},{"not_picked":["WindmillStrike+1","CrushJoints+1","Study"],"picked":"SKIP","floor":45},{"not_picked":["Protect+1","EmptyBody","SashWhip+1"],"picked":"SKIP","floor":47}],"player_experience":2770720,"relics_obtained":[{"floor":7.0,"key":"Mercury Hourglass"},{"floor":9.0,"key":"Bag of Marbles"},{"floor":12.0,"key":"War Paint"},{"floor":24.0,"key":"StrikeDummy"},{"floor":26.0,"key":"Yang"},{"floor":28.0,"key":"Orichalcum"},{"floor":41,"key":"Old Coin"},{"floor":42,"key":"Molten Egg 2"},{"floor":42,"key":"Blood Vial"},{"floor":47,"key":"Art of War"},{"floor":47,"key":"Potion Belt"}],"event_choices":[{"cards_removed":["Defend_P"],"damage_healed":0.0,"max_hp_gain":0.0,"max_hp_loss":0.0,"gold_gain":0.0,"event_name":"Living Wall","player_choice":"Forget","floor":4.0,"gold_loss":0.0,"damage_taken":0.0},{"damage_healed":0.0,"max_hp_gain":0.0,"max_hp_loss":0.0,"gold_gain":0.0,"event_name":"Shining Light","player_choice":"Entered Light","floor":10.0,"gold_loss":0.0,"damage_taken":20.0,"cards_upgraded":["Defend_P","Strike_P"]},{"cards_removed":["Strike_P"],"damage_healed":0.0,"max_hp_gain":0.0,"max_hp_loss":0.0,"gold_gain":0.0,"event_name":"Beggar","player_choice":"Gave Gold","floor":19.0,"gold_loss":75.0,"damage_taken":0.0},{"damage_healed":0.0,"max_hp_gain":0.0,"max_hp_loss":0.0,"gold_gain":0.0,"event_name":"The Library","player_choice":"Read","floor":20.0,"gold_loss":0.0,"damage_taken":0.0,"cards_obtained":["MentalFortress"]},{"damage_healed":0.0,"max_hp_gain":5.0,"max_hp_loss":0.0,"gold_gain":0.0,"event_name":"Forgotten Altar","player_choice":"Shed Blood","floor":21.0,"gold_loss":0.0,"damage_taken":24.0},{"damage_healed":0,"gold_gain":0,"player_choice":"Max HP","damage_taken":0,"max_hp_gain":0,"max_hp_loss":4,"event_name":"Winding Halls","floor":39,"gold_loss":0},{"damage_healed":0,"gold_gain":0,"player_choice":"Fight","damage_taken":0,"max_hp_gain":0,"max_hp_loss":0,"event_name":"Mysterious Sphere","floor":41,"gold_loss":0}],"is_beta":false,"boss_relics":[{"not_picked":["SacredBark","SlaversCollar"],"picked":"Sozu"},{"not_picked":["Runic Dome","Philosopher\u0027s Stone"],"picked":"Black Star"}],"items_purged_floors":[22,29,37,48],"is_endless":false,"potions_floor_spawned":[1,7,11,13,14,27,28,33,42,45],"killed_by":"Awakened One","ascension_level":20}}