{"host":"8fjsnt81u6xsmhji","time":1608626487,"event":{"mods":["BaseMod","Colored Powertips","Downfall","Glutton Mod","Minty Spire (QoL Compilation)","Quick Restart","Somnambulant","StSLib","The Bug Knight","The Construct","The Forsaken","The Hierophant","The Mystic"],"gold_per_floor":[109,123,139,139,152,152,170,183,183,258,292,135,135,163,163,258,258,278,278,278],"floor_reached":19,"playtime":890,"items_purged":[],"score":240,"play_id":"d9e14cda-9605-4747-a17d-d76030130a5b","local_time":"20201222024127","is_ascension_mode":true,"campfire_choices":[{"floor":6.0,"key":"REST"},{"floor":13.0,"key":"REST"},{"data":"theForsaken:CorruptedForm","floor":15.0,"key":"SMITH"}],"circlet_count":0,"master_deck":["theForsaken:TheForsaken_Strike","theForsaken:TheForsaken_Strike","theForsaken:TheForsaken_Strike","theForsaken:TheForsaken_Defend","theForsaken:TheForsaken_Defend","theForsaken:TheForsaken_Defend","theForsaken:TheForsaken_Defend","theForsaken:Smite","theForsaken:Penitence","theForsaken:QuickAttack","theForsaken:Riposte","theForsaken:CorruptedWord","theForsaken:BountifulSunlight","theForsaken:QuickAttack","theForsaken:FatRoll","theForsaken:CorruptedForm+1","theForsaken:FountainOfLife","theForsaken:StoreUp"],"relics":["theForsaken:JudgementScales","WingedGreaves","White Beast Statue","Meat on the Bone","Tiny Chest","Sling","Eternal Feather","Black Star"],"acts_visited":["Exordium","TheCity"],"potions_floor_usage":[16,16,16,19],"damage_taken":[{"damage":6.0,"enemies":"Cultist","floor":1.0,"turns":5.0},{"damage":5.0,"enemies":"Jaw Worm","floor":2.0,"turns":6.0},{"damage":1.0,"enemies":"Small Slimes","floor":3.0,"turns":3.0},{"damage":24.0,"enemies":"Blue Slaver","floor":5.0,"turns":4.0},{"damage":8.0,"enemies":"Lots of Slimes","floor":7.0,"turns":3.0},{"damage":3.0,"enemies":"2 Fungi Beasts","floor":8.0,"turns":4.0},{"damage":37.0,"enemies":"Lagavulin","floor":11.0,"turns":8.0},{"damage":21.0,"enemies":"Gremlin Nob","floor":14.0,"turns":4.0},{"damage":68,"enemies":"Hexaghost","floor":16,"turns":11},{"damage":62,"enemies":"Chosen","floor":18,"turns":7},{"damage":42,"enemies":"Spheric Guardian","floor":19,"turns":6}],"seed_played":"7882992780830263431","potions_obtained":[{"floor":1.0,"key":"construct:ShiftPotion"},{"floor":3.0,"key":"Ancient Potion"},{"floor":5.0,"key":"DistilledChaos"},{"floor":11.0,"key":"Fire Potion"},{"floor":14.0,"key":"Energy Potion"},{"floor":16,"key":"CultistPotion"},{"floor":18,"key":"BlessingOfTheForge"}],"is_trial":false,"path_per_floor":["M","M","M","?","M","R","M","M","T","T","E","$","R","E","R","B",null,"M","M"],"character_chosen":"THE_FORSAKEN","items_purchased":["Sling"],"campfire_rested":2,"item_purchase_floors":[12],"current_hp_per_floor":[46,44,45,45,24,43,46,43,43,43,41,41,60,45,54,13,65,31,0,0],"gold":278,"neow_bonus":"ONE_RARE_RELIC","is_daily":false,"chose_seed":false,"campfire_upgraded":1,"win_rate":0.0,"timestamp":1608626487,"path_taken":["M","M","M","?","M","R","M","?","T","?","E","?","R","E","R","BOSS","M","M"],"items_purchased_type":["Relic"],"build_version":"2020-12-13","purchased_purges":0,"victory":false,"max_hp_per_floor":[65,65,65,65,65,65,65,65,65,65,65,65,65,65,65,65,65,67,67,67],"card_choices":[{"not_picked":["theForsaken:WordsOfPestilence","theForsaken:HorrifyingStrike"],"picked":"theForsaken:QuickAttack","floor":1.0},{"not_picked":["theForsaken:PanicDive","theForsaken:RainingSunlight"],"picked":"theForsaken:Riposte","floor":2.0},{"not_picked":["theForsaken:HymnOfRest","theForsaken:WardingHymn"],"picked":"theForsaken:CorruptedWord","floor":3.0},{"not_picked":["theForsaken:Backlash","theForsaken:CowardsBrand"],"picked":"theForsaken:BountifulSunlight","floor":5.0},{"not_picked":["theForsaken:ChargeAttack","theForsaken:CorruptDeck"],"picked":"theForsaken:QuickAttack","floor":7.0},{"not_picked":["theForsaken:ShieldCharge","theForsaken:HymnOfPatience","theForsaken:Backlash"],"picked":"SKIP","floor":8.0},{"not_picked":["theForsaken:ShieldCharge","theForsaken:BlindFaith"],"picked":"theForsaken:FatRoll","floor":11.0},{"not_picked":["theForsaken:ShieldBash","theForsaken:BindingThorns"],"picked":"theForsaken:CorruptedForm","floor":14.0},{"not_picked":["theForsaken:SacredOath","theForsaken:SpreadingPlague"],"picked":"theForsaken:FountainOfLife","floor":16},{"not_picked":["theForsaken:PowerUp","theForsaken:Preservation"],"picked":"theForsaken:StoreUp","floor":18}],"player_experience":629024,"relics_obtained":[{"floor":9.0,"key":"White Beast Statue"},{"floor":10.0,"key":"Meat on the Bone"},{"floor":11.0,"key":"Tiny Chest"},{"floor":14.0,"key":"Eternal Feather"}],"event_choices":[{"cards_removed":["theForsaken:TheForsaken_Strike"],"damage_healed":0.0,"max_hp_gain":0.0,"max_hp_loss":0.0,"gold_gain":0.0,"event_name":"Bonfire Elementals","player_choice":"Offered Basic","floor":4.0,"gold_loss":0.0,"damage_taken":0.0}],"is_beta":false,"boss_relics":[{"not_picked":["construct:ClawGrip","Empty Cage"],"picked":"Black Star"}],"items_purged_floors":[],"is_endless":false,"potions_floor_spawned":[1,3,5,11,14,16,18],"killed_by":"Spheric Guardian","ascension_level":1}}