{"host":"z56hbxlais9fmpaa","time":1608670539,"event":{"mods":["A Magickal Journey","BaseMod","Challenge The Spire","Colored Powertips","Current Relic Mod","Hermit","JesterMod","Minty Spire (QoL Compilation)","Prisma Mod","Shop Mod","StSLib","The Animator","The Bug Knight","The Cursed","The Problem Sleuth","The Senshi","The Wild Card","thorton"],"gold_per_floor":[112,123,123,123,45,45,61,61,61,61,80,99,118,130,130,130,130],"floor_reached":16,"playtime":1160,"items_purged":[],"score":94,"play_id":"cdf553c9-5f69-4542-ab00-63f9faca41f9","local_time":"20201222205539","is_ascension_mode":false,"campfire_choices":[{"data":"hermit:Covet","floor":6,"key":"SMITH"},{"floor":10,"key":"REST"},{"data":"hermit:Headshot","floor":15,"key":"SMITH"}],"circlet_count":0,"master_deck":["hermit:Strike_Hermit","hermit:Strike_Hermit","hermit:Strike_Hermit","hermit:Strike_Hermit","hermit:Defend_Hermit","hermit:Defend_Hermit","hermit:Defend_Hermit","hermit:Defend_Hermit","hermit:Snapshot","hermit:Covet+1","hermit:Snipe","hermit:Headshot+1","theWildCard:Alice","hermit:BigShot","hermit:ItchyTrigger","hermit:Misfire","hermit:Reprieve","hermit:Deadeye","hermit:HighCaliber"],"relics":["hermit:Momento","Frozen Egg 2"],"acts_visited":["Exordium"],"potions_floor_usage":[13,14,14],"damage_taken":[{"damage":3,"enemies":"Jaw Worm","floor":1,"turns":5},{"damage":12,"enemies":"Small Slimes","floor":2,"turns":4},{"damage":1,"enemies":"Cultist","floor":7,"turns":3},{"damage":6,"enemies":"Large Slime","floor":11,"turns":6},{"damage":9,"enemies":"Blue Slaver","floor":12,"turns":3},{"damage":5,"enemies":"Looter","floor":13,"turns":3},{"damage":2,"enemies":"Exordium Thugs","floor":14,"turns":2},{"damage":63,"enemies":"Hexaghost","floor":16,"turns":9}],"seed_played":"5385556272118516933","potions_obtained":[{"floor":2,"key":"AttackPotion"},{"floor":7,"key":"FearPotion"},{"floor":8,"key":"Fire Potion"},{"floor":11,"key":"Block Potion"}],"is_trial":false,"path_per_floor":["M","M","?","?","$","R","M","?","T","R","M","M","M","M","R","B"],"character_chosen":"HERMIT","items_purchased":["hermit:BigShot"],"campfire_rested":1,"item_purchase_floors":[5],"current_hp_per_floor":[79,67,67,67,67,67,66,66,66,82,76,67,62,60,60,0,0],"gold":130,"neow_bonus":"TEN_PERCENT_HP_BONUS","is_daily":false,"chose_seed":false,"campfire_upgraded":2,"win_rate":0.0,"timestamp":1608670539,"path_taken":["M","M","?","?","$","R","M","?","T","R","M","?","M","M","R","BOSS"],"items_purchased_type":["Card"],"build_version":"2020-12-13","purchased_purges":0,"victory":false,"max_hp_per_floor":[82,82,82,82,82,82,82,82,82,82,82,82,82,82,82,82,82],"card_choices":[{"not_picked":["hermit:LowProfile","hermit:Misfire"],"picked":"hermit:Snipe","floor":1},{"not_picked":["hermit:Coalescence","hermit:Dive"],"picked":"hermit:Headshot","floor":2},{"not_picked":["hermit:Roulette","hermit:TrackingShot"],"picked":"hermit:ItchyTrigger","floor":7},{"not_picked":["hermit:DeadMansHand","hermit:Roulette"],"picked":"hermit:Misfire","floor":11},{"not_picked":["hermit:LoneWolf","hermit:Roulette"],"picked":"hermit:Reprieve","floor":12},{"not_picked":["hermit:Determination+1","hermit:Midnight"],"picked":"hermit:Deadeye","floor":13},{"not_picked":["hermit:WideOpen","hermit:Virtue"],"picked":"hermit:HighCaliber","floor":14}],"player_experience":41624,"relics_obtained":[{"floor":9,"key":"Frozen Egg 2"}],"event_choices":[{"damage_healed":0,"gold_gain":0,"player_choice":"Ignored","damage_taken":0,"max_hp_gain":0,"max_hp_loss":0,"event_name":"Golden Idol","floor":3,"gold_loss":0},{"damage_healed":0,"gold_gain":0,"player_choice":"Got Potions","damage_taken":0,"max_hp_gain":0,"max_hp_loss":0,"event_name":"Lab","floor":8,"gold_loss":0}],"is_beta":false,"boss_relics":[],"items_purged_floors":[],"is_endless":false,"potions_floor_spawned":[2,7,11,12],"killed_by":"Hexaghost","ascension_level":0}}