{"host":"qfskrnw3pl1q86j0","time":1608668832,"event":{"mods":["BaseMod","Block Reminder","Hermit","Marisa????????","Minty Spire (QoL Compilation)","Quick Restart","Random Character Button","StSLib","The Poker Player","slay the spire mod where everything is the same but ironclad has a cowboy hat"],"gold_per_floor":[118,131,3,17,33,61,74,74,74,74,86,98,98,121,121,251,251,274,28,28,28,48,48,63,86,109,135,180,208,220,253,265,403,415,447,459,486,516,528,540,565,577,613,625,651,135,135,135,135,135],"floor_reached":51,"playtime":1616,"items_purged":["Strike_P","Strike_P","Defend_P"],"score":725,"play_id":"90803d67-8db7-42e2-981f-634ed55496d0","local_time":"20201222212712","is_ascension_mode":false,"campfire_choices":[{"data":"EmptyFist","floor":8.0,"key":"SMITH"},{"data":"Vigilance","floor":10.0,"key":"SMITH"},{"data":"PathToVictory","floor":15.0,"key":"SMITH"},{"data":"Adaptation","floor":23.0,"key":"SMITH"},{"data":"CutThroughFate","floor":30.0,"key":"SMITH"},{"floor":32.0,"key":"REST"},{"data":"FlurryOfBlows","floor":40.0,"key":"SMITH"},{"data":"Mayhem","floor":47.0,"key":"SMITH"},{"floor":49.0,"key":"REST"}],"circlet_count":0,"master_deck":["Defend_P","Eruption+1","Vigilance+1","EmptyFist+1","Vengeance","PathToVictory+1","FlyingSleeves","Halt","FlurryOfBlows+1","Adaptation+1","PathToVictory+1","PathToVictory+1","EmptyBody+1","Swivel+1","CutThroughFate+1","Evaluate+1","PathToVictory+1","Alpha+1","EmptyBody+1","CarveReality+1","FollowUp+1","Evaluate+1","Sanctity+1","Tantrum","PathToVictory+1","Mayhem+1"],"relics":["PureWater","Toxic Egg 2","StrikeDummy","Golden Idol","Sozu","Oddly Smooth Stone","MutagenicStrength","MawBank","Juzu Bracelet","Astrolabe","Dream Catcher","Pantograph","Membership Card","Mercury Hourglass","Happy Flower"],"acts_visited":["Exordium","TheCity","TheBeyond"],"potions_floor_usage":[],"damage_taken":[{"damage":0.0,"enemies":"Cultist","floor":1.0,"turns":2.0},{"damage":0.0,"enemies":"Small Slimes","floor":2.0,"turns":3.0},{"damage":0.0,"enemies":"2 Louse","floor":4.0,"turns":2.0},{"damage":8.0,"enemies":"Exordium Wildlife","floor":5.0,"turns":3.0},{"damage":0.0,"enemies":"Gremlin Nob","floor":6.0,"turns":2.0},{"damage":1.0,"enemies":"2 Fungi Beasts","floor":7.0,"turns":2.0},{"damage":0.0,"enemies":"3 Louse","floor":11.0,"turns":1.0},{"damage":3.0,"enemies":"Large Slime","floor":12.0,"turns":2.0},{"damage":0.0,"enemies":"Looter","floor":14.0,"turns":1.0},{"damage":10.0,"enemies":"The Guardian","floor":16.0,"turns":6.0},{"damage":0.0,"enemies":"Spheric Guardian","floor":18.0,"turns":3.0},{"damage":0.0,"enemies":"Shell Parasite","floor":22.0,"turns":4.0},{"damage":5.0,"enemies":"Shelled Parasite and Fungi","floor":24.0,"turns":3.0},{"damage":0.0,"enemies":"Cultist and Chosen","floor":25.0,"turns":3.0},{"damage":14.0,"enemies":"Snake Plant","floor":27.0,"turns":3.0},{"damage":30.0,"enemies":"Book of Stabbing","floor":28.0,"turns":3.0},{"damage":0.0,"enemies":"Centurion and Healer","floor":29.0,"turns":4.0},{"damage":0.0,"enemies":"Snecko","floor":31.0,"turns":2.0},{"damage":27.0,"enemies":"Champ","floor":33.0,"turns":8.0},{"damage":0.0,"enemies":"Orb Walker","floor":35.0,"turns":1.0},{"damage":11.0,"enemies":"3 Darklings","floor":37.0,"turns":5.0},{"damage":14.0,"enemies":"Sphere and 2 Shapes","floor":38.0,"turns":5.0},{"damage":6.0,"enemies":"Transient","floor":41.0,"turns":5.0},{"damage":3.0,"enemies":"Maw","floor":45.0,"turns":6.0},{"damage":41,"enemies":"Donu and Deca","floor":50,"turns":6}],"seed_played":"-8803493840958844925","potions_obtained":[{"floor":2.0,"key":"Explosive Potion"},{"floor":4.0,"key":"AttackPotion"},{"floor":5.0,"key":"Explosive Potion"},{"floor":7.0,"key":"SneckoOil"}],"is_trial":false,"path_per_floor":["M","M","$","M","M","E","M","R","T","R","M","M","?","M","R","B",null,"M","$","?","?","M","R","M","M","T","M","E","M","R","M","R","B",null,"M","?","M","M","?","R","M","?","T","T","M","$","R","?","R","B",null],"character_chosen":"WATCHER","items_purchased":["PathToVictory","Oddly Smooth Stone","Membership Card","Mercury Hourglass","Happy Flower","PathToVictory+1","Mayhem"],"campfire_rested":2,"item_purchase_floors":[3,19,46,46,46,46,46],"current_hp_per_floor":[72,72,72,72,64,64,63,63,63,63,63,60,42,42,42,32,72,72,72,72,72,72,72,67,67,67,53,23,23,23,23,44,17,72,72,72,61,47,47,47,41,41,41,41,38,38,38,38,58,27],"gold":135,"neow_bonus":"UPGRADE_CARD","is_daily":false,"chose_seed":false,"campfire_upgraded":7,"win_rate":0.0,"timestamp":1608668832,"path_taken":["M","M","$","M","M","E","M","R","T","R","?","?","?","M","R","BOSS","M","$","?","?","M","R","M","M","T","M","E","M","R","M","R","BOSS","M","?","M","M","?","R","M","?","T","?","M","$","R","?","R","BOSS"],"items_purchased_type":["Card","Relic","Relic","Relic","Relic","Card","Card"],"build_version":"2020-12-13","purchased_purges":3,"victory":true,"max_hp_per_floor":[72,72,72,72,72,72,72,72,72,72,72,72,72,72,72,72,72,72,72,72,72,72,72,72,72,72,72,72,72,72,72,72,72,72,72,72,72,72,68,68,68,68,68,68,68,68,68,68,68,68],"card_choices":[{"not_picked":["Protect","InnerPeace"],"picked":"EmptyFist","floor":1.0},{"not_picked":["CrushJoints","Indignation"],"picked":"Vengeance","floor":2.0},{"not_picked":["Halt","Crescendo"],"picked":"FlyingSleeves","floor":4.0},{"not_picked":["SandsOfTime","ThirdEye"],"picked":"Halt","floor":5.0},{"not_picked":["FollowUp","CarveReality"],"picked":"FlurryOfBlows","floor":6.0},{"not_picked":["ReachHeaven","BowlingBash","WreathOfFlame+1"],"picked":"SKIP","floor":7.0},{"not_picked":["JustLucky","CutThroughFate","MasterReality"],"picked":"SKIP","floor":11.0},{"not_picked":["BowlingBash","Halt+1"],"picked":"Adaptation","floor":12.0},{"not_picked":["DeceiveReality+1","WindmillStrike"],"picked":"PathToVictory+1","floor":14.0},{"not_picked":["Wallop+1","Conclude"],"picked":"PathToVictory+1","floor":18.0},{"not_picked":["CutThroughFate","Weave+1","EmptyFist"],"picked":"SKIP","floor":22.0},{"not_picked":["TalkToTheHand","LikeWater+1"],"picked":"Swivel+1","floor":24.0},{"not_picked":["Crescendo+1","WheelKick","BowlingBash"],"picked":"SKIP","floor":25.0},{"not_picked":["CrushJoints","Indignation+1"],"picked":"CutThroughFate","floor":27.0},{"not_picked":["Establishment","ForeignInfluence+1"],"picked":"Evaluate+1","floor":28.0},{"not_picked":["Nirvana","Consecrate"],"picked":"PathToVictory+1","floor":29.0},{"not_picked":["FollowUp","Crescendo+1","CutThroughFate+1"],"picked":"SKIP","floor":31.0},{"not_picked":["Establishment","Blasphemy+1"],"picked":"Alpha+1","floor":33.0},{"not_picked":["Prostrate+1","CrushJoints+1"],"picked":"Evaluate+1","floor":35.0},{"not_picked":["FollowUp","BowlingBash+1"],"picked":"Sanctity+1","floor":37.0},{"not_picked":["Pray+1","BowlingBash","BattleHymn"],"picked":"SKIP","floor":38.0},{"not_picked":["CrushJoints","Halt+1"],"picked":"Tantrum","floor":41.0},{"not_picked":["CutThroughFate","Halt+1","EmptyMind+1"],"picked":"SKIP","floor":45.0}],"player_experience":858776,"relics_obtained":[{"floor":6.0,"key":"Toxic Egg 2"},{"floor":9.0,"key":"StrikeDummy"},{"floor":26.0,"key":"MawBank"},{"floor":28.0,"key":"Juzu Bracelet"},{"floor":43.0,"key":"Dream Catcher"},{"floor":44.0,"key":"Pantograph"}],"event_choices":[{"damage_healed":0.0,"max_hp_gain":0.0,"max_hp_loss":0.0,"gold_gain":0.0,"event_name":"Golden Idol","player_choice":"Take Damage","floor":13.0,"gold_loss":0.0,"damage_taken":18.0,"relics_obtained":["Golden Idol"]},{"damage_healed":0.0,"max_hp_gain":0.0,"max_hp_loss":0.0,"gold_gain":0.0,"event_name":"Drug Dealer","player_choice":"Inject Mutagens","floor":20.0,"gold_loss":0.0,"damage_taken":0.0,"relics_obtained":["MutagenicStrength"]},{"damage_healed":0.0,"max_hp_gain":0.0,"max_hp_loss":0.0,"gold_gain":0.0,"event_name":"The Library","player_choice":"Read","floor":21.0,"gold_loss":0.0,"damage_taken":0.0,"cards_obtained":["EmptyBody"]},{"damage_healed":0.0,"max_hp_gain":0.0,"max_hp_loss":0.0,"gold_gain":0.0,"event_name":"Tomb of Lord Red Mask","player_choice":"Ignored","floor":36.0,"gold_loss":0.0,"damage_taken":0.0},{"damage_healed":0.0,"max_hp_gain":0.0,"max_hp_loss":4.0,"gold_gain":0.0,"event_name":"Winding Halls","player_choice":"Max HP","floor":39.0,"gold_loss":0.0,"damage_taken":0.0},{"cards_removed":["Defend_P"],"damage_healed":0.0,"max_hp_gain":0.0,"max_hp_loss":0.0,"gold_gain":0.0,"event_name":"Falling","player_choice":"Removed Skill","floor":42.0,"gold_loss":0.0,"damage_taken":0.0},{"damage_healed":0.0,"max_hp_gain":0.0,"max_hp_loss":0.0,"gold_gain":0.0,"event_name":"SensoryStone","player_choice":"Memory 1","floor":48.0,"gold_loss":0.0,"damage_taken":0.0}],"is_beta":false,"boss_relics":[{"not_picked":["HolyWater","Runic Pyramid"],"picked":"Sozu"},{"not_picked":["Velvet Choker","Runic Dome"],"picked":"Astrolabe"}],"items_purged_floors":[3,19,46],"is_endless":false,"potions_floor_spawned":[2,4,5,7,27,28,29,31,38,45],"ascension_level":0}}