{"host":"f0gpob8hq9vgebej","time":1608614741,"event":{"mods":["AchievementEnabler","BaseMod","Googly Eyes","Minty Spire (QoL Compilation)","Quick Restart","SuperFastMode"],"gold_per_floor":[119,137,147,222,79,79,89,89,89,104,130,147,147,166,166,263,263,281,27,27,44,60,60,80,80,80,94,122,222,19,46,46,147,147,166,16,26,76,94,121,132,132,132,132,152,168,181,198,198,198,198],"floor_reached":50,"playtime":1627,"items_purged":["Strike_G","Defend_G","Doubt","Caltrops"],"score":832,"play_id":"2f7a0d16-4888-462a-937c-d8bb3720910e","local_time":"20201222142541","is_ascension_mode":true,"campfire_choices":[{"data":"Accuracy","floor":6.0,"key":"SMITH"},{"data":"Blade Dance","floor":8.0,"key":"SMITH"},{"data":"Finisher","floor":13.0,"key":"SMITH"},{"floor":15.0,"key":"REST"},{"data":"Blade Dance","floor":23.0,"key":"SMITH"},{"floor":32.0,"key":"REST"},{"floor":49,"key":"REST"}],"circlet_count":0,"master_deck":["AscendersBane","Survivor","Neutralize","Bane","Dagger Throw","Poisoned Stab","Blade Dance+1","Finisher+1","Accuracy+1","Escape Plan","Glass Knife+1","Acrobatics","Adrenaline","Blur","Blade Dance+1","Pain","PiercingWail","Prepared","Burst","Sucker Punch+1","Underhanded Strike+1","Cloak And Dagger","Venomology","Leg Sweep","Accuracy","Footwork+1","Tactician","Blur+1","Backflip","Phantasmal Killer","Adrenaline","Concentrate+1","Terror+1"],"relics":["Ring of the Snake","Molten Egg 2","Bag of Preparation","Cursed Key","OrangePellets","Blood Vial","Meat on the Bone","StoneCalendar","Tough Bandages","Ornamental Fan","Prayer Wheel","Pandora\u0027s Box","Incense Burner","Gremlin Horn"],"acts_visited":["Exordium","TheCity","TheBeyond"],"potions_floor_usage":[39,40,40,41,46,47,47,48,50,50],"damage_taken":[{"damage":0.0,"enemies":"2 Louse","floor":1.0,"turns":2.0},{"damage":0.0,"enemies":"Cultist","floor":2.0,"turns":3.0},{"damage":0.0,"enemies":"Jaw Worm","floor":3.0,"turns":4.0},{"damage":17.0,"enemies":"Lots of Slimes","floor":7.0,"turns":4.0},{"damage":1.0,"enemies":"2 Fungi Beasts","floor":10.0,"turns":3.0},{"damage":15.0,"enemies":"Lagavulin","floor":11.0,"turns":4.0},{"damage":0.0,"enemies":"Blue Slaver","floor":12.0,"turns":2.0},{"damage":8.0,"enemies":"Lots of Slimes","floor":14.0,"turns":3.0},{"damage":31.0,"enemies":"The Guardian","floor":16.0,"turns":12.0},{"damage":4.0,"enemies":"Shell Parasite","floor":18.0,"turns":3.0},{"damage":0.0,"enemies":"Spheric Guardian","floor":21.0,"turns":1.0},{"damage":19.0,"enemies":"Snake Plant","floor":22.0,"turns":4.0},{"damage":7.0,"enemies":"Cultist and Chosen","floor":24.0,"turns":5.0},{"damage":22.0,"enemies":"Shelled Parasite and Fungi","floor":27.0,"turns":3.0},{"damage":10.0,"enemies":"Gremlin Leader","floor":28.0,"turns":5.0},{"damage":5.0,"enemies":"Colosseum Slavers","floor":29.0,"turns":4.0},{"damage":11.0,"enemies":"Colosseum Nobs","floor":29.0,"turns":4.0},{"damage":27.0,"enemies":"Book of Stabbing","floor":31.0,"turns":5.0},{"damage":16.0,"enemies":"Champ","floor":33.0,"turns":6.0},{"damage":2.0,"enemies":"Orb Walker","floor":35.0,"turns":3.0},{"damage":1.0,"enemies":"3 Darklings","floor":37.0,"turns":5.0},{"damage":3.0,"enemies":"Mind Bloom Boss Battle","floor":38.0,"turns":4.0},{"damage":22,"enemies":"4 Shapes","floor":39,"turns":7},{"damage":13,"enemies":"Nemesis","floor":40,"turns":9},{"damage":13,"enemies":"Maw","floor":41,"turns":7},{"damage":6,"enemies":"Spire Growth","floor":45,"turns":4},{"damage":13,"enemies":"Jaw Worm Horde","floor":46,"turns":5},{"damage":31,"enemies":"Transient","floor":47,"turns":5},{"damage":0,"enemies":"4 Shapes","floor":48,"turns":1},{"damage":50,"enemies":"Time Eater","floor":50,"turns":5}],"seed_played":"3339663392647795927","potions_obtained":[{"floor":2.0,"key":"Ancient Potion"},{"floor":3.0,"key":"Regen Potion"},{"floor":16.0,"key":"AttackPotion"},{"floor":22.0,"key":"Energy Potion"},{"floor":29.0,"key":"Poison Potion"},{"floor":33.0,"key":"SpeedPotion"},{"floor":35.0,"key":"Strength Potion"},{"floor":37.0,"key":"PowerPotion"},{"floor":41,"key":"CultistPotion"},{"floor":47,"key":"CunningPotion"}],"is_trial":false,"path_per_floor":["M","M","M","?","$","R","M","R","T","M","E","M","R","M","R","B",null,"M","$","?","M","M","R","M","T","T","M","E","?","$","E","R","B",null,"M","$","M","?","M","E","M","$","T","?","M","M","M","M","R","B"],"character_chosen":"THE_SILENT","items_purchased":["Accuracy","OrangePellets","DuplicationPotion"],"campfire_rested":3,"item_purchase_floors":[5,19,30],"current_hp_per_floor":[63,63,63,57,57,57,40,40,40,39,24,24,24,16,34,18,52,48,48,48,48,29,29,22,22,22,14,18,30,30,17,35,33,56,56,56,57,56,36,37,38,38,38,38,34,35,18,32,50,2,2],"gold":198,"neow_bonus":"TRANSFORM_TWO_CARDS","is_daily":false,"chose_seed":false,"campfire_upgraded":4,"win_rate":0.0,"timestamp":1608614741,"path_taken":["M","M","M","?","?","R","M","R","T","M","E","M","R","M","R","BOSS","M","$","?","M","M","R","M","?","T","?","E","?","$","E","R","BOSS","M","$","M","?","M","E","M","$","T","?","M","M","M","?","R","BOSS"],"items_purchased_type":["Card","Relic","Potion"],"build_version":"2020-12-13","purchased_purges":4,"victory":false,"max_hp_per_floor":[63,63,63,63,63,63,63,63,63,63,63,63,63,63,63,63,63,63,63,63,63,63,63,63,63,63,63,63,63,63,63,63,63,63,63,63,63,63,63,63,63,63,63,63,63,63,63,63,63,63,63],"card_choices":[{"not_picked":["Deflect","Acrobatics"],"picked":"Poisoned Stab","floor":1.0},{"not_picked":["Dagger Throw","PiercingWail"],"picked":"Blade Dance","floor":2.0},{"not_picked":["Dagger Spray","Distraction"],"picked":"Finisher","floor":3.0},{"not_picked":["Dodge and Roll","Cloak And Dagger"],"picked":"Escape Plan","floor":7.0},{"not_picked":["Corpse Explosion","Poisoned Stab+1","Flechettes+1"],"picked":"SKIP","floor":10.0},{"not_picked":["Bouncing Flask","Terror"],"picked":"Glass Knife+1","floor":11.0},{"not_picked":["Eviscerate+1","Sucker Punch+1","Poisoned Stab+1"],"picked":"SKIP","floor":12.0},{"not_picked":["Dash+1","Finisher+1"],"picked":"Acrobatics","floor":14.0},{"not_picked":["Grand Finale+1","Storm of Steel"],"picked":"Adrenaline","floor":16.0},{"not_picked":["Bane+1","Outmaneuver"],"picked":"Blur","floor":18.0},{"not_picked":["Bane+1","Outmaneuver+1"],"picked":"Blade Dance","floor":21.0},{"not_picked":["Crippling Poison","Dagger Spray+1","Deflect"],"picked":"SKIP","floor":22.0},{"not_picked":["Quick Slash+1","Dodge and Roll","Cloak And Dagger"],"picked":"SKIP","floor":24.0},{"not_picked":["Underhanded Strike+1","Distraction"],"picked":"PiercingWail","floor":27.0},{"not_picked":["Leg Sweep+1","Cloak And Dagger","Sucker Punch+1"],"picked":"SKIP","floor":28.0},{"not_picked":["Blur","Poisoned Stab+1"],"picked":"Prepared","floor":29.0},{"not_picked":["Setup","Eviscerate+1","Poisoned Stab+1"],"picked":"SKIP","floor":31.0},{"not_picked":["Adrenaline","A Thousand Cuts"],"picked":"Burst","floor":33.0},{"not_picked":["Slice+1","Leg Sweep"],"picked":"Accuracy","floor":35.0},{"not_picked":["Flying Knee+1","Setup+1","Deadly Poison+1"],"picked":"SKIP","floor":35.0},{"not_picked":["Quick Slash+1","Blur"],"picked":"Footwork+1","floor":37.0},{"not_picked":["Bane+1","Finisher+1","Glass Knife+1"],"picked":"SKIP","floor":37.0},{"not_picked":["Well Laid Plans+1","Sucker Punch+1"],"picked":"Tactician","floor":38.0},{"not_picked":["PiercingWail+1","Cloak And Dagger"],"picked":"Blur+1","floor":39},{"not_picked":["Distraction","Poisoned Stab+1"],"picked":"Backflip","floor":39},{"not_picked":["Dagger Spray+1","Expertise","Caltrops"],"picked":"SKIP","floor":40},{"not_picked":["Dagger Spray+1","Concentrate"],"picked":"Phantasmal Killer","floor":41},{"not_picked":["Bane+1","Flying Knee+1","Expertise+1"],"picked":"SKIP","floor":41},{"not_picked":["Slice+1","Prepared","Dodge and Roll+1"],"picked":"SKIP","floor":45},{"not_picked":["Outmaneuver","PiercingWail","Predator+1"],"picked":"SKIP","floor":45},{"not_picked":["Dagger Spray+1","Expertise"],"picked":"Concentrate+1","floor":46},{"not_picked":["Prepared","Dash+1","Blade Dance"],"picked":"SKIP","floor":46},{"not_picked":["Riddle With Holes+1","Dagger Throw+1"],"picked":"Terror+1","floor":47},{"not_picked":["Masterful Stab+1","Doppelganger","Dagger Spray+1"],"picked":"SKIP","floor":47},{"not_picked":["Blur","Riddle With Holes+1","Cloak And Dagger"],"picked":"SKIP","floor":48},{"not_picked":["Deflect","Backflip","Infinite Blades"],"picked":"SKIP","floor":48}],"player_experience":184818,"relics_obtained":[{"floor":9.0,"key":"Molten Egg 2"},{"floor":11.0,"key":"Bag of Preparation"},{"floor":25.0,"key":"Blood Vial"},{"floor":26.0,"key":"Meat on the Bone"},{"floor":28.0,"key":"StoneCalendar"},{"floor":29.0,"key":"Tough Bandages"},{"floor":29.0,"key":"Ornamental Fan"},{"floor":31.0,"key":"Prayer Wheel"},{"floor":38.0,"key":"Incense Burner"},{"floor":40,"key":"Gremlin Horn"}],"event_choices":[{"damage_healed":0.0,"max_hp_gain":0.0,"max_hp_loss":0.0,"gold_gain":75.0,"event_name":"FaceTrader","player_choice":"Touch","floor":4.0,"gold_loss":0.0,"damage_taken":6.0},{"damage_healed":0.0,"max_hp_gain":0.0,"max_hp_loss":0.0,"gold_gain":0.0,"event_name":"The Mausoleum","player_choice":"Ignored","floor":20.0,"gold_loss":0.0,"damage_taken":0.0},{"damage_healed":0.0,"max_hp_gain":0.0,"max_hp_loss":0.0,"gold_gain":0.0,"event_name":"Colosseum","player_choice":"Fight","floor":29.0,"gold_loss":0.0,"damage_taken":0.0},{"damage_healed":0.0,"max_hp_gain":0.0,"max_hp_loss":0.0,"gold_gain":0.0,"event_name":"Colosseum","player_choice":"Fought Nobs","floor":29.0,"gold_loss":0.0,"damage_taken":0.0},{"damage_healed":0.0,"max_hp_gain":0.0,"max_hp_loss":0.0,"gold_gain":0.0,"event_name":"MindBloom","player_choice":"Fight","floor":38.0,"gold_loss":0.0,"damage_taken":0.0},{"damage_healed":0,"gold_gain":0,"player_choice":"Copied","damage_taken":0,"max_hp_gain":0,"max_hp_loss":0,"event_name":"Duplicator","floor":44,"gold_loss":0,"cards_obtained":["Adrenaline"]}],"is_beta":false,"boss_relics":[{"not_picked":["Fusion Hammer","Busted Crown"],"picked":"Cursed Key"},{"not_picked":["Philosopher\u0027s Stone","Velvet Choker"],"picked":"Pandora\u0027s Box"}],"items_purged_floors":[5,19,30,36],"is_endless":false,"potions_floor_spawned":[2,3,11,14,16,18,22,27,29,33,35,37,41,45,47],"killed_by":"Time Eater","ascension_level":12}}