{"host":"uv231blk40vjdojr","time":1608655963,"event":{"mods":["BaseMod","Minty Spire (QoL Compilation)","Relic Stats"],"gold_per_floor":[114,60,60,9,9,40,40,68,68,68,79,90,110,129,129,129,129],"floor_reached":16,"playtime":558,"items_purged":[],"score":198,"play_id":"012a8bec-a5b3-4def-aa34-1e1131d41cb8","local_time":"20201222175243","is_ascension_mode":true,"campfire_choices":[{"floor":7.0,"key":"REST"},{"floor":10.0,"key":"REST"},{"data":"Sever Soul","floor":15.0,"key":"SMITH"}],"circlet_count":0,"master_deck":["AscendersBane","Strike_R","Strike_R","Strike_R","Strike_R","Defend_R","Defend_R","Defend_R+1","Defend_R+1","Bash","Twin Strike","Juggernaut","Cleave","Sever Soul+1","Headbutt","Feed","Clash"],"relics":["Burning Blood","PreservedInsect","Matryoshka","Dream Catcher","Mummified Hand","Meat on the Bone"],"acts_visited":["Exordium"],"potions_floor_usage":[16],"damage_taken":[{"damage":12.0,"enemies":"Jaw Worm","floor":1.0,"turns":3.0},{"damage":20.0,"enemies":"Lagavulin","floor":6.0,"turns":7.0},{"damage":30.0,"enemies":"3 Sentries","floor":8.0,"turns":7.0},{"damage":1.0,"enemies":"2 Louse","floor":11.0,"turns":2.0},{"damage":2.0,"enemies":"Small Slimes","floor":12.0,"turns":3.0},{"damage":25.0,"enemies":"Looter","floor":13.0,"turns":4.0},{"damage":2.0,"enemies":"Gremlin Gang","floor":14.0,"turns":3.0},{"damage":64,"enemies":"Hexaghost","floor":16,"turns":7}],"seed_played":"2492907691846918961","potions_obtained":[{"floor":6.0,"key":"SteroidPotion"},{"floor":11.0,"key":"FearPotion"},{"floor":12.0,"key":"Fire Potion"}],"is_trial":false,"path_per_floor":["M","$","?","?","?","E","R","E","T","R","M","M","M","M","R","B"],"character_chosen":"IRONCLAD","items_purchased":["Block Potion"],"campfire_rested":2,"item_purchase_floors":[2],"current_hp_per_floor":[62,62,55,55,32,18,40,16,16,38,55,59,55,62,62,0,0],"gold":129,"neow_bonus":"RANDOM_COMMON_RELIC","is_daily":false,"chose_seed":false,"campfire_upgraded":1,"win_rate":0.0,"timestamp":1608655963,"path_taken":["M","$","?","?","?","E","R","E","T","R","M","M","M","M","R","BOSS"],"items_purchased_type":["Potion"],"build_version":"2020-12-13","purchased_purges":0,"victory":false,"max_hp_per_floor":[75,75,75,75,75,75,75,75,75,75,75,75,78,81,81,81,81],"relic_stats":{"Dream Catcher":1,"counters":[8,36],"Mummified Hand":[1],"PreservedInsect":61,"obtain_stats":[{"Dream Catcher":8,"Matryoshka":6,"Mummified Hand":9,"PreservedInsect":0,"Burning Blood":0,"Meat on the Bone":9},{"Dream Catcher":3,"Matryoshka":2,"Mummified Hand":3,"PreservedInsect":0,"Burning Blood":0,"Meat on the Bone":3},{"Dream Catcher":17,"Matryoshka":10,"Mummified Hand":17,"PreservedInsect":0,"Burning Blood":0,"Meat on the Bone":17}],"Burning Blood":42,"Meat on the Bone":24},"card_choices":[{"not_picked":["Shrug It Off","Flex"],"picked":"Twin Strike","floor":1.0},{"not_picked":["Havoc","Combust"],"picked":"Juggernaut","floor":6.0},{"not_picked":["Heavy Blade","Sentinel"],"picked":"Cleave","floor":8.0},{"not_picked":["Rampage","Battle Trance"],"picked":"Sever Soul","floor":10.0},{"not_picked":["Armaments","Cleave"],"picked":"Headbutt","floor":11.0},{"not_picked":["Sever Soul","Heavy Blade"],"picked":"Feed","floor":12.0},{"not_picked":["Dual Wield","Dark Embrace","Perfected Strike"],"picked":"SKIP","floor":13.0},{"not_picked":["Iron Wave","Searing Blow"],"picked":"Clash","floor":14.0}],"player_experience":524455,"relics_obtained":[{"floor":6.0,"key":"Matryoshka"},{"floor":8.0,"key":"Dream Catcher"},{"floor":9.0,"key":"Mummified Hand"},{"floor":9.0,"key":"Meat on the Bone"}],"event_choices":[{"cards_removed":["Strike_R"],"damage_healed":0.0,"max_hp_gain":0.0,"max_hp_loss":0.0,"gold_gain":0.0,"event_name":"Golden Wing","player_choice":"Card Removal","floor":3.0,"gold_loss":0.0,"damage_taken":7.0},{"damage_healed":0.0,"max_hp_gain":0.0,"max_hp_loss":0.0,"gold_gain":0.0,"event_name":"World of Goop","player_choice":"Left Gold","floor":4.0,"gold_loss":51.0,"damage_taken":0.0},{"damage_healed":0.0,"max_hp_gain":0.0,"max_hp_loss":0.0,"gold_gain":0.0,"event_name":"Shining Light","player_choice":"Entered Light","floor":5.0,"gold_loss":0.0,"damage_taken":23.0,"cards_upgraded":["Defend_R","Defend_R"]}],"is_beta":false,"boss_relics":[],"items_purged_floors":[],"is_endless":false,"potions_floor_spawned":[6,11,12,13],"killed_by":"Hexaghost","ascension_level":16}}