{"host":"6pgtslebjnyv5xmi","time":1608622398,"event":{"mods":["AchievementEnabler","BaseMod","Colored Map","Minty Spire (QoL Compilation)","Rare Cards Sparkle","SuperFastMode","everything is the same but u backflip on backflip"],"gold_per_floor":[114,127,127,202,172,198,198,217,295,295,313,328,328,1,1,100,100,113,113,13,13,30,30,30,30,30,50,62,62,13,42,42,140,140,153,170,182,195,213,213,213,213,213,239,114,124,136,161,161,161,161,161,47,77,77,77],"floor_reached":55,"playtime":7240,"items_purged":["Strike_G","Defend_G+1","Crippling Poison"],"score":921,"play_id":"d9b53d43-b083-4ded-866e-9dfd2f408910","local_time":"20201222163318","is_ascension_mode":true,"campfire_choices":[{"data":"A Thousand Cuts","floor":7.0,"key":"SMITH"},{"data":"Venomology","floor":10.0,"key":"SMITH"},{"data":"Reflex","floor":13.0,"key":"SMITH"},{"data":"Eviscerate","floor":15.0,"key":"SMITH"},{"data":"A Thousand Cuts","floor":23,"key":"SMITH"},{"data":"Adrenaline","floor":29,"key":"SMITH"},{"data":"After Image","floor":32,"key":"SMITH"},{"floor":40,"key":"RECALL"},{"data":"Neutralize","floor":42,"key":"SMITH"},{"floor":49,"key":"REST"},{"data":"1","floor":52,"key":"LIFT"}],"circlet_count":0,"master_deck":["Strike_G+1","Strike_G+1","Strike_G+1","Defend_G+1","Defend_G+1","Defend_G+1","Survivor","Neutralize+1","A Thousand Cuts+1","Reflex+1","Dagger Throw","Venomology+1","Calculated Gamble","Eviscerate+1","A Thousand Cuts+1","Backflip","Adrenaline+1","Acrobatics","Prepared+1","After Image+1","Prepared+1","Adrenaline+1","CurseOfTheBell","Well Laid Plans+1","PiercingWail+1","Tactician+1","Calculated Gamble+1"],"relics":["Ring of the Snake","Blood Vial","Gremlin Horn","SacredBark","Nilry\u0027s Codex","Toxic Egg 2","Pocketwatch","Calling Bell","Omamori","Mercury Hourglass","Girya","Dream Catcher","Singing Bowl","Ornamental Fan","Lantern"],"acts_visited":["Exordium","TheCity","TheBeyond","TheEnding"],"potions_floor_usage":[22,22,27,28,28,31,33,35,37,37,37,39,39,39,44,46,47,47,47,47,48,48,50,50,55,55,55],"damage_taken":[{"damage":5.0,"enemies":"2 Louse","floor":1.0,"turns":3.0},{"damage":5.0,"enemies":"Jaw Worm","floor":2.0,"turns":5.0},{"damage":11.0,"enemies":"Lagavulin","floor":6.0,"turns":6.0},{"damage":0.0,"enemies":"Cultist","floor":8.0,"turns":4.0},{"damage":0.0,"enemies":"2 Fungi Beasts","floor":11.0,"turns":2.0},{"damage":0.0,"enemies":"3 Louse","floor":12.0,"turns":2.0},{"damage":23.0,"enemies":"Hexaghost","floor":16.0,"turns":8.0},{"damage":17.0,"enemies":"Chosen","floor":18.0,"turns":5.0},{"damage":12,"enemies":"Shell Parasite","floor":22,"turns":11},{"damage":0,"enemies":"Snake Plant","floor":27,"turns":1},{"damage":12,"enemies":"Shelled Parasite and Fungi","floor":28,"turns":3},{"damage":18,"enemies":"Slavers","floor":31,"turns":4},{"damage":15,"enemies":"Champ","floor":33,"turns":8},{"damage":24,"enemies":"3 Darklings","floor":35,"turns":3},{"damage":0,"enemies":"3 Shapes","floor":36,"turns":2},{"damage":14,"enemies":"Transient","floor":37,"turns":5},{"damage":17,"enemies":"Sphere and 2 Shapes","floor":38,"turns":2},{"damage":0,"enemies":"Writhing Mass","floor":39,"turns":4},{"damage":0,"enemies":"Reptomancer","floor":44,"turns":2},{"damage":3,"enemies":"Spire Growth","floor":46,"turns":3},{"damage":0,"enemies":"3 Darklings","floor":47,"turns":3},{"damage":16,"enemies":"Giant Head","floor":48,"turns":7},{"damage":49,"enemies":"Awakened One","floor":50,"turns":11},{"damage":63,"enemies":"Shield and Spear","floor":54,"turns":5},{"damage":29,"enemies":"The Heart","floor":55,"turns":2}],"seed_played":"-2003172123193790052","potions_obtained":[{"floor":1.0,"key":"AttackPotion"},{"floor":5.0,"key":"SpeedPotion"},{"floor":5.0,"key":"SteroidPotion"},{"floor":11.0,"key":"Fire Potion"},{"floor":12.0,"key":"CunningPotion"},{"floor":18.0,"key":"Fruit Juice"},{"floor":27,"key":"SkillPotion"},{"floor":33,"key":"SpeedPotion"},{"floor":38,"key":"AttackPotion"},{"floor":39,"key":"Ancient Potion"},{"floor":41,"key":"DistilledChaos"},{"floor":41,"key":"SkillPotion"},{"floor":47,"key":"Regen Potion"},{"floor":48,"key":"FearPotion"},{"floor":54,"key":"Dexterity Potion"}],"is_trial":false,"path_per_floor":["M","M","?","?","?","E","R","M","T","R","M","M","R","$","R","B",null,"M","?","$","?","M","R","?","?","T","M","M","R","$","E","R","B",null,"M","M","M","M","M","R","?","R","T","E","$","M","M","E","R","B",null,"R","$","E","B"],"character_chosen":"THE_SILENT","items_purchased":["Gremlin Horn","Prepared+1","Tactician+1","Calculated Gamble+1"],"campfire_rested":1,"item_purchase_floors":[14,30,53,53],"current_hp_per_floor":[44,39,62,51,51,40,40,42,42,42,44,46,46,46,46,25,70,53,53,53,53,80,80,64,64,64,66,56,56,56,40,40,27,80,56,58,46,31,33,33,33,33,33,35,35,36,40,47,74,27,88,88,88,27,0,0],"gold":77,"neow_bonus":"THREE_RARE_CARDS","is_daily":false,"chose_seed":false,"campfire_upgraded":8,"win_rate":0.0,"timestamp":1608622398,"path_taken":["M","M","?","?","?","E","R","M","T","R","?","M","R","$","R","BOSS","M","?","$","?","M","R","?","?","T","M","M","R","?","E","R","BOSS","M","M","M","M","M","R","?","R","T","E","$","M","?","E","R","BOSS","R","$","E","BOSS"],"items_purchased_type":["Relic","Card","Card","Card"],"build_version":"2020-12-13","purchased_purges":3,"victory":false,"max_hp_per_floor":[70,70,70,70,70,70,70,70,70,70,70,70,70,70,70,70,70,70,70,70,70,80,80,80,80,80,80,80,80,80,80,80,80,80,80,80,80,80,80,80,80,80,80,80,80,82,84,86,88,88,88,88,88,90,90,90],"card_choices":[{"not_picked":["Malaise","Storm of Steel"],"picked":"A Thousand Cuts","floor":0.0},{"not_picked":["Backflip","Sucker Punch"],"picked":"Reflex","floor":1.0},{"not_picked":["Bane","Cloak And Dagger"],"picked":"Dagger Throw","floor":2.0},{"not_picked":["Flying Knee","Quick Slash"],"picked":"Venomology","floor":6.0},{"not_picked":["Slice","Blade Dance"],"picked":"Calculated Gamble","floor":8.0},{"not_picked":["Outmaneuver","Acrobatics"],"picked":"Eviscerate","floor":11.0},{"not_picked":["Outmaneuver","Terror","Dagger Spray"],"picked":"SKIP","floor":12.0},{"not_picked":["Burst","Die Die Die"],"picked":"A Thousand Cuts","floor":16.0},{"not_picked":["Blade Dance+1","Terror"],"picked":"Backflip","floor":18.0},{"not_picked":["Dagger Throw","Underhanded Strike"],"picked":"Acrobatics","floor":22},{"not_picked":["Quick Slash","Noxious Fumes"],"picked":"Prepared+1","floor":27},{"not_picked":["Acrobatics+1","Infinite Blades+1"],"picked":"After Image","floor":28},{"not_picked":["Sucker Punch","Bouncing Flask+1","Crippling Poison+1"],"picked":"SKIP","floor":31},{"not_picked":["Doppelganger+1","Grand Finale"],"picked":"Adrenaline+1","floor":33},{"not_picked":["Prepared+1","Quick Slash+1","Blade Dance+1"],"picked":"SKIP","floor":35},{"not_picked":["Dodge and Roll+1","Poisoned Stab","Sucker Punch+1"],"picked":"SKIP","floor":36},{"not_picked":["Dodge and Roll+1","Poisoned Stab","Sucker Punch+1"],"picked":"SKIP","floor":36},{"not_picked":["Flying Knee","Glass Knife","Footwork+1"],"picked":"SKIP","floor":37},{"not_picked":["Acrobatics+1","Heel Hook+1"],"picked":"Well Laid Plans+1","floor":38},{"not_picked":["Flying Knee","Dagger Spray","Dagger Throw"],"picked":"SKIP","floor":39},{"not_picked":["Flying Knee","Finisher+1"],"picked":"PiercingWail+1","floor":44},{"not_picked":["Choke+1","Masterful Stab","Slice"],"picked":"Singing Bowl","floor":46},{"not_picked":["Heel Hook","Dagger Throw","Infinite Blades"],"picked":"Singing Bowl","floor":47},{"not_picked":["Blade Dance+1","Envenom","Crippling Poison+1"],"picked":"Singing Bowl","floor":48},{"not_picked":["Backstab","Cloak And Dagger+1","Sucker Punch"],"picked":"Singing Bowl","floor":49},{"not_picked":["Outmaneuver+1","Bane+1","Poisoned Stab+1"],"picked":"Singing Bowl","floor":54}],"player_experience":359129,"relics_obtained":[{"floor":6.0,"key":"Blood Vial"},{"floor":24,"key":"Nilry\u0027s Codex"},{"floor":26,"key":"Toxic Egg 2"},{"floor":31,"key":"Pocketwatch"},{"floor":34,"key":"Omamori"},{"floor":34,"key":"Mercury Hourglass"},{"floor":34,"key":"Girya"},{"floor":43,"key":"Dream Catcher"},{"floor":44,"key":"Singing Bowl"},{"floor":48,"key":"Ornamental Fan"},{"floor":54,"key":"Lantern"}],"event_choices":[{"damage_healed":23.0,"max_hp_gain":0.0,"max_hp_loss":0.0,"gold_gain":0.0,"event_name":"Big Fish","player_choice":"Banana","floor":3.0,"gold_loss":0.0,"damage_taken":0.0},{"damage_healed":0.0,"max_hp_gain":0.0,"max_hp_loss":0.0,"gold_gain":75.0,"event_name":"World of Goop","player_choice":"Gather Gold","floor":4.0,"gold_loss":0.0,"damage_taken":11.0},{"damage_healed":0.0,"max_hp_gain":0.0,"max_hp_loss":0.0,"gold_gain":0.0,"event_name":"The Woman in Blue","player_choice":"Bought 2 Potions","floor":5.0,"gold_loss":0.0,"damage_taken":0.0},{"damage_healed":0,"gold_gain":0,"player_choice":"Simplicity","damage_taken":0,"max_hp_gain":0,"max_hp_loss":0,"event_name":"Back to Basics","floor":19,"gold_loss":0,"cards_upgraded":["Strike_G","Strike_G","Strike_G","Strike_G","Defend_G","Defend_G","Defend_G","Defend_G","Defend_G"]},{"damage_healed":0,"gold_gain":0,"cards_transformed":["Strike_G","Defend_G"],"player_choice":"Became Test Subject","damage_taken":0,"max_hp_gain":0,"max_hp_loss":0,"event_name":"Drug Dealer","floor":21,"gold_loss":0,"cards_obtained":["Crippling Poison","Adrenaline"]},{"damage_healed":0,"gold_gain":0,"player_choice":"Obtained Book","damage_taken":16,"max_hp_gain":0,"max_hp_loss":0,"event_name":"Cursed Tome","floor":24,"gold_loss":0},{"damage_healed":0,"gold_gain":0,"player_choice":"Got Potions","damage_taken":0,"max_hp_gain":0,"max_hp_loss":0,"event_name":"Lab","floor":41,"gold_loss":0}],"is_beta":false,"boss_relics":[{"not_picked":["WristBlade","Tiny House"],"picked":"SacredBark"},{"not_picked":["Velvet Choker","Runic Pyramid"],"picked":"Calling Bell"}],"items_purged_floors":[14,20,45],"is_endless":false,"potions_floor_spawned":[1,11,12,18,27,33,38,39,47,48,54],"killed_by":"The Heart","ascension_level":4}}