{"host":"hgppx942rrnelsya","time":1608603011,"event":{"mods":["Act Like it!","BaseMod","Friendly Minions","Gensokyo","GifTheSpireLib","Hallownest","KinomotoSakuraMod(????)","Koishi","Marisa????????","Minty Spire (QoL Compilation)","Prisma Mod","Remilia??????","StSLib","The Alterego","The Animator","The Forsaken","The Hierophant","The Mystic","The Runesmith","The Servant 0.9.4"],"gold_per_floor":[113,113,24,24,24,24,39,39,39,70,96,124,171,181,181,283,283,306,306,316,45,45,71,84,100,100,100,100,100,100],"floor_reached":29,"playtime":1737,"items_purged":[],"score":303,"play_id":"1aeae69e-6d8f-4489-bf5d-bba58a8bbbd4","local_time":"20201222021011","is_ascension_mode":false,"campfire_choices":[{"data":"animator:Mitsurugi","floor":6,"key":"SMITH"},{"data":"animator:Bozes","floor":8,"key":"SMITH"},{"floor":15,"key":"REST"},{"floor":27,"key":"REST"}],"circlet_count":0,"master_deck":["animator:Strike_Elsword","animator:Defend_Elsword","animator:Strike","animator:Strike","animator:Strike","animator:Defend","animator:Defend","animator:Defend","animator:Chung","animator:Raven+1","animator:Bozes+1","theForsaken:PlagueCurse","animator:Mitsurugi+1","animator:Archer","animator:RoyMustang","animator:Caster","animator:Tet","animator:EmiyaShirou","animator:Illya","animator:Darkness","animator:Sloth","animator:Envy","animator:SakuraMatou","animator:Elesis","animator:DolaStephanie","animator:Saber","animator:ElricEdward","animator:KyokoSakura","animator:Hibiki","animator:WinryRockbell","animator:Arpeggio","animator:Greed","animator:EmiyaShirou"],"relics":["animator:LivingPicture","animator:TheMissingPiece","animator:PurgingStone","theForsaken:PlagueMask","FossilizedHelix","Happy Flower","CloakClasp","animator:HolyGrailRelic","Toxic Egg 2"],"acts_visited":["Exordium","TheCity"],"potions_floor_usage":[13,13,14,16,20,23],"damage_taken":[{"damage":3,"enemies":"Jaw Worm","floor":1,"turns":3},{"damage":8,"enemies":"2 Louse","floor":7,"turns":3},{"damage":0,"enemies":"Small Slimes","floor":10,"turns":4},{"damage":6,"enemies":"Gremlin Nob","floor":11,"turns":5},{"damage":13,"enemies":"2 Fungi Beasts","floor":12,"turns":3},{"damage":5,"enemies":"3 Sentries","floor":13,"turns":6},{"damage":6,"enemies":"Large Slime","floor":14,"turns":6},{"damage":24,"enemies":"Hexaghost","floor":16,"turns":12},{"damage":15,"enemies":"Shell Parasite","floor":18,"turns":6},{"damage":21,"enemies":"3 Byrds","floor":20,"turns":5},{"damage":27,"enemies":"Book of Stabbing","floor":23,"turns":6},{"damage":15,"enemies":"Shelled Parasite and Fungi","floor":24,"turns":7},{"damage":27,"enemies":"3 Cultists","floor":25,"turns":6},{"damage":43,"enemies":"Gremlin Leader","floor":29,"turns":6}],"seed_played":"-8959407217503864388","potions_obtained":[{"floor":1,"key":"SkillPotion"},{"floor":10,"key":"DistilledChaos"},{"floor":12,"key":"Block Potion"},{"floor":13,"key":"PowerPotion"},{"floor":16,"key":"AttackPotion"},{"floor":18,"key":"Fire Potion"}],"is_trial":false,"path_per_floor":["M","?","$","?","?","R","M","R","T","M","E","M","E","M","R","B",null,"M","?","M","$","?","E","M","M","T","R","?","E"],"character_chosen":"THE_ANIMATOR","items_purchased":["animator:Mitsurugi","animator:Archer","animator:Hibiki","animator:WinryRockbell"],"campfire_rested":2,"item_purchase_floors":[3,3,21,21],"current_hp_per_floor":[63,63,63,63,63,63,55,55,55,55,50,37,32,26,46,23,76,63,63,44,44,70,43,31,4,4,27,27,0,0],"gold":100,"neow_bonus":"UPGRADE_CARD","is_daily":false,"chose_seed":false,"campfire_upgraded":2,"win_rate":0.0,"timestamp":1608603011,"path_taken":["M","?","$","?","?","R","M","R","T","M","E","M","E","M","R","BOSS","M","?","M","$","?","E","M","M","T","R","?","E"],"items_purchased_type":["Card","Card","Card","Card"],"build_version":"2020-12-13","purchased_purges":0,"victory":false,"max_hp_per_floor":[66,66,66,66,66,66,66,66,66,66,67,67,67,67,67,68,76,78,78,80,80,80,77,80,77,77,77,77,74,74],"card_choices":[{"not_picked":["animator:LeleiLaLalena","animator:ElricAlphonse"],"picked":"animator:Bozes","floor":1},{"not_picked":["animator:WinryRockbell","animator:IrohaTamaki"],"picked":"animator:Darkness","floor":7},{"not_picked":["animator:Chris","animator:YuiTsuruno"],"picked":"animator:Sloth","floor":10},{"not_picked":["animator:Sloth","animator:Pride"],"picked":"animator:Envy","floor":11},{"not_picked":["animator:Illya","animator:Genos"],"picked":"animator:SakuraMatou","floor":12},{"not_picked":["animator:SilverFang","animator:YuiTsuruno"],"picked":"animator:Elesis","floor":13},{"not_picked":["animator:ElricEdward","animator:MumenRider"],"picked":"animator:DolaStephanie","floor":14},{"not_picked":["animator:HomuraAkemi","animator:Father"],"picked":"animator:Saber","floor":16},{"not_picked":["animator:Pride","animator:Gluttony"],"picked":"animator:ElricEdward","floor":18},{"not_picked":["animator:Gillette","animator:Assassin"],"picked":"animator:KyokoSakura","floor":20},{"not_picked":["animator:Verdia","animator:Elsword"],"picked":"animator:Arpeggio","floor":23},{"not_picked":["animator:AcuraAkari","animator:Guy"],"picked":"animator:Greed","floor":24},{"not_picked":["animator:Alexander","animator:Berserker"],"picked":"animator:EmiyaShirou","floor":25}],"player_experience":32004,"relics_obtained":[{"floor":9,"key":"FossilizedHelix"},{"floor":11,"key":"Happy Flower"},{"floor":13,"key":"CloakClasp"},{"floor":26,"key":"Toxic Egg 2"}],"event_choices":[{"damage_healed":0,"gold_gain":0,"player_choice":"Obtain Plague Curse","damage_taken":0,"max_hp_gain":0,"max_hp_loss":0,"event_name":"Plague Doctor","floor":2,"gold_loss":0,"cards_obtained":["theForsaken:PlagueCurse"]},{"damage_healed":0,"gold_gain":0,"player_choice":"Ignored","damage_taken":0,"max_hp_gain":0,"max_hp_loss":0,"event_name":"Golden Idol","floor":5,"gold_loss":0},{"damage_healed":0,"gold_gain":0,"player_choice":"Ignored","damage_taken":0,"max_hp_gain":0,"max_hp_loss":0,"event_name":"Beggar","floor":19,"gold_loss":0},{"damage_healed":26,"gold_gain":0,"player_choice":"Heal","damage_taken":0,"max_hp_gain":0,"max_hp_loss":0,"event_name":"The Library","floor":22,"gold_loss":0},{"damage_healed":0,"gold_gain":0,"player_choice":"Ignored","damage_taken":0,"max_hp_gain":0,"max_hp_loss":0,"event_name":"Vampires","floor":28,"gold_loss":0}],"is_beta":false,"boss_relics":[{"not_picked":["SacredBark","SlaversCollar"],"picked":"animator:HolyGrailRelic"}],"items_purged_floors":[],"is_endless":false,"potions_floor_spawned":[1,10,12,13,16,18],"killed_by":"Gremlin Leader","ascension_level":0}}