{"host":"9v3x998ddbx8o276","time":1608616327,"event":{"mods":["AchievementEnabler","BaseMod","Colored Map","Highlight Path","Minty Spire (QoL Compilation)","Quick Restart","Rare Cards Sparkle"],"gold_per_floor":[215,229,68,83,102,102,137,237,263,2,52,52,52],"floor_reached":12,"playtime":387,"items_purged":[],"score":156,"play_id":"92272285-14ca-406a-8462-2cbbc68ecabf","local_time":"20201222162207","is_ascension_mode":true,"campfire_choices":[{"data":"Whirlwind","floor":6,"key":"SMITH"}],"circlet_count":0,"master_deck":["AscendersBane","Strike_R","Strike_R","Strike_R","Strike_R","Strike_R","Defend_R","Defend_R","Defend_R","Defend_R","Bash","Sword Boomerang","Flame Barrier","Spot Weakness","Whirlwind+1","Shrug It Off","Power Through","Burning Pact","Spot Weakness","Havoc","Feel No Pain","Dark Embrace"],"relics":["Burning Blood","Orrery","Juzu Bracelet","Boot","Dream Catcher"],"acts_visited":["Exordium"],"potions_floor_usage":[5,12],"damage_taken":[{"damage":7,"enemies":"Cultist","floor":1,"turns":4},{"damage":19,"enemies":"Small Slimes","floor":2,"turns":4},{"damage":5,"enemies":"Jaw Worm","floor":4,"turns":4},{"damage":15,"enemies":"Red Slaver","floor":5,"turns":3},{"damage":25,"enemies":"3 Sentries","floor":7,"turns":5},{"damage":25,"enemies":"Lagavulin","floor":12,"turns":8}],"seed_played":"6152057028147527074","potions_obtained":[{"floor":5,"key":"Fruit Juice"}],"is_trial":false,"path_per_floor":["M","M","$","M","M","R","E","?","T","$","?","E"],"character_chosen":"IRONCLAD","items_purchased":["Orrery","Dark Embrace","Dream Catcher","PowerPotion"],"campfire_rested":0,"item_purchase_floors":[3,10,10,10],"current_hp_per_floor":[67,54,54,55,51,51,32,32,32,32,32,7,7],"gold":52,"neow_bonus":"HUNDRED_GOLD","is_daily":false,"chose_seed":false,"campfire_upgraded":1,"win_rate":0.0,"timestamp":1608616327,"path_taken":["M","?","$","M","M","R","E","?","T","?","?","E"],"items_purchased_type":["Relic","Card","Relic","Potion"],"build_version":"2020-12-13","purchased_purges":0,"victory":false,"max_hp_per_floor":[75,75,75,75,80,80,80,80,80,80,80,80,80],"card_choices":[{"not_picked":["Armaments","Feel No Pain"],"picked":"Sword Boomerang","floor":1},{"not_picked":["Sword Boomerang","Pommel Strike"],"picked":"Flame Barrier","floor":2},{"not_picked":["Entrench","Armaments"],"picked":"Spot Weakness","floor":3},{"not_picked":["Twin Strike","Carnage"],"picked":"Whirlwind","floor":3},{"not_picked":["True Grit","Second Wind"],"picked":"Shrug It Off","floor":3},{"not_picked":["Hemokinesis","Evolve"],"picked":"Power Through","floor":3},{"not_picked":["Power Through","Warcry"],"picked":"Burning Pact","floor":3},{"not_picked":["Body Slam","Bludgeon"],"picked":"Spot Weakness","floor":4},{"not_picked":["Clash","Carnage"],"picked":"Havoc","floor":5},{"not_picked":["Infernal Blade","Metallicize"],"picked":"Feel No Pain","floor":7}],"player_experience":2047470,"relics_obtained":[{"floor":7,"key":"Juzu Bracelet"},{"floor":9,"key":"Boot"}],"event_choices":[{"damage_healed":0,"gold_gain":100,"player_choice":"Gold","damage_taken":0,"max_hp_gain":0,"max_hp_loss":0,"event_name":"Wheel of Change","floor":8,"gold_loss":0},{"damage_healed":0,"gold_gain":50,"player_choice":"Pray","damage_taken":0,"max_hp_gain":0,"max_hp_loss":0,"event_name":"Golden Shrine","floor":11,"gold_loss":0}],"is_beta":false,"boss_relics":[],"items_purged_floors":[],"is_endless":false,"potions_floor_spawned":[5],"killed_by":"Lagavulin","ascension_level":20}}