{"host":"bg8va46pgqgvtzim","time":1608649506,"event":{"mods":["BaseMod","Minty Spire (QoL Compilation)","Quick Restart","StSLib","SuperFastMode"],"gold_per_floor":[111,131,146,161,161,189,208,233,233,266,216,236,269,289,289,386,386,398,398,398,414,252,252,280,280,280,314,329,341,241,257,257,359,359,371,371,371,385,400,425,109,109,109,128,145,177,177,188,188,188,188,188,38,73,73],"floor_reached":56,"playtime":1930,"items_purged":["Strike_G","Skewer","Defend_G","Defend_G"],"score":1671,"play_id":"331a83bc-5e02-4d43-b933-5bdc39d083a4","local_time":"20201222230506","is_ascension_mode":true,"campfire_choices":[{"data":"Apotheosis","floor":15.0,"key":"SMITH"},{"data":"Prepared","floor":23.0,"key":"SMITH"},{"data":"Tactician","floor":25.0,"key":"SMITH"},{"floor":32.0,"key":"RECALL"},{"floor":49,"key":"REST"},{"floor":52,"key":"REST"}],"circlet_count":0,"master_deck":["Defend_G","Defend_G","Defend_G","Survivor","Neutralize","Apotheosis+1","Flechettes","Acrobatics","Reflex","Setup","Acrobatics+1","Escape Plan+1","Terror","Phantasmal Killer","Reflex","Tactician+1","Prepared+1","Burst","Madness","Adrenaline","Well Laid Plans","After Image","Concentrate","Finesse","Master of Strategy","Thinking Ahead","Calculated Gamble+1","Prepared+1","Adrenaline","Adrenaline"],"relics":["Ring of the Snake","Omamori","Meat on the Bone","Mummified Hand","Paper Crane","StrikeDummy","Empty Cage","Shuriken","Molten Egg 2","War Paint","Fusion Hammer","PreservedInsect","Ninja Scroll","Dream Catcher","Bottled Lightning"],"acts_visited":["Exordium","TheCity","TheBeyond","TheEnding"],"potions_floor_usage":[38,55],"damage_taken":[{"damage":0.0,"enemies":"Jaw Worm","floor":1.0,"turns":4.0},{"damage":0.0,"enemies":"Small Slimes","floor":2.0,"turns":4.0},{"damage":0.0,"enemies":"2 Louse","floor":3.0,"turns":3.0},{"damage":0.0,"enemies":"Exordium Thugs","floor":4.0,"turns":6.0},{"damage":5.0,"enemies":"Lagavulin","floor":6.0,"turns":7.0},{"damage":0.0,"enemies":"Looter","floor":7.0,"turns":3.0},{"damage":17.0,"enemies":"Gremlin Nob","floor":8.0,"turns":4.0},{"damage":2.0,"enemies":"3 Sentries","floor":10.0,"turns":8.0},{"damage":12.0,"enemies":"Exordium Wildlife","floor":12.0,"turns":6.0},{"damage":0.0,"enemies":"Lagavulin","floor":13.0,"turns":5.0},{"damage":0.0,"enemies":"2 Fungi Beasts","floor":14.0,"turns":3.0},{"damage":0.0,"enemies":"Slime Boss","floor":16.0,"turns":6.0},{"damage":12.0,"enemies":"2 Thieves","floor":18.0,"turns":3.0},{"damage":0.0,"enemies":"Spheric Guardian","floor":21.0,"turns":2.0},{"damage":9.0,"enemies":"Slavers","floor":24.0,"turns":5.0},{"damage":0.0,"enemies":"Gremlin Leader","floor":27.0,"turns":2.0},{"damage":3.0,"enemies":"Chosen and Byrds","floor":28.0,"turns":7.0},{"damage":0.0,"enemies":"Snake Plant","floor":29.0,"turns":2.0},{"damage":0.0,"enemies":"3 Cultists","floor":31.0,"turns":2.0},{"damage":0.0,"enemies":"Collector","floor":33.0,"turns":4.0},{"damage":0.0,"enemies":"Orb Walker","floor":35.0,"turns":2.0},{"damage":0,"enemies":"3 Shapes","floor":38,"turns":2},{"damage":0,"enemies":"Sphere and 2 Shapes","floor":39,"turns":2},{"damage":0,"enemies":"Nemesis","floor":40,"turns":3},{"damage":0,"enemies":"4 Shapes","floor":44,"turns":1},{"damage":0,"enemies":"Maw","floor":45,"turns":1},{"damage":0,"enemies":"Reptomancer","floor":46,"turns":1},{"damage":0,"enemies":"Writhing Mass","floor":48,"turns":1},{"damage":0,"enemies":"Donu and Deca","floor":50,"turns":1},{"damage":0,"enemies":"Shield and Spear","floor":54,"turns":1},{"damage":0,"enemies":"The Heart","floor":55,"turns":4}],"seed_played":"-6403974230513622179","potions_obtained":[{"floor":3.0,"key":"DistilledChaos"},{"floor":4.0,"key":"Weak Potion"},{"floor":6.0,"key":"Explosive Potion"},{"floor":8.0,"key":"GamblersBrew"},{"floor":10.0,"key":"CunningPotion"},{"floor":14.0,"key":"Strength Potion"},{"floor":18.0,"key":"Dexterity Potion"},{"floor":27.0,"key":"SteroidPotion"},{"floor":28.0,"key":"BlessingOfTheForge"},{"floor":31.0,"key":"FearPotion"},{"floor":39,"key":"CunningPotion"},{"floor":44,"key":"Block Potion"},{"floor":54,"key":"Energy Potion"}],"is_trial":false,"path_per_floor":["M","M","M","M","?","E","M","E","T","E","?","M","E","M","R","B",null,"M","?","?","M","$","R","E","R","T","E","M","M","$","M","R","B",null,"M","?","?","M","M","E","$","?","T","M","M","E","$","M","R","B",null,"R","$","E","B",null],"character_chosen":"THE_SILENT","items_purchased":["Tactician","Prepared","After Image","Concentrate"],"campfire_rested":2,"item_purchase_floors":[22,22,41,41],"current_hp_per_floor":[63,63,63,63,68,63,63,46,46,44,44,44,44,44,44,44,68,56,56,56,56,56,56,47,47,47,47,44,44,44,44,44,44,68,68,59,59,59,59,59,59,49,49,49,49,49,49,49,68,68,68,68,68,68,68],"gold":73,"neow_bonus":"RANDOM_COLORLESS_2","is_daily":false,"chose_seed":false,"campfire_upgraded":3,"win_rate":0.0,"timestamp":1608649506,"path_taken":["M","M","M","M","?","E","M","E","T","E","?","M","E","M","R","BOSS","M","?","?","M","$","R","E","R","T","E","M","?","$","M","R","BOSS","M","?","?","M","M","E","?","?","T","M","M","E","$","M","R","BOSS","R","$","E","BOSS"],"items_purchased_type":["Card","Card","Card","Card"],"build_version":"2020-12-13","purchased_purges":4,"victory":true,"max_hp_per_floor":[63,63,63,63,68,68,68,68,68,68,68,68,68,68,68,68,68,68,68,68,68,68,68,68,68,68,68,68,68,68,68,68,68,68,68,68,68,68,68,68,68,68,68,68,68,68,68,68,68,68,68,68,68,68,68],"card_choices":[{"not_picked":["Chrysalis","Thinking Ahead"],"picked":"Apotheosis","floor":0.0},{"not_picked":["Cloak And Dagger","Bane"],"picked":"Skewer","floor":1.0},{"not_picked":["Dodge and Roll","Acrobatics"],"picked":"Flechettes","floor":2.0},{"not_picked":["Dagger Throw","Masterful Stab","Quick Slash"],"picked":"SKIP","floor":3.0},{"not_picked":["Dodge and Roll","Dash"],"picked":"Acrobatics","floor":4.0},{"not_picked":["Expertise","Bouncing Flask"],"picked":"Reflex","floor":6.0},{"not_picked":["Bane","Cloak And Dagger"],"picked":"Setup","floor":7.0},{"not_picked":["A Thousand Cuts","Infinite Blades"],"picked":"Acrobatics","floor":8.0},{"not_picked":["Flying Knee","Dagger Spray"],"picked":"Escape Plan","floor":10.0},{"not_picked":["Deadly Poison","Poisoned Stab"],"picked":"Terror","floor":12.0},{"not_picked":["Catalyst","Setup","Riddle With Holes"],"picked":"SKIP","floor":13.0},{"not_picked":["Cloak And Dagger","Acrobatics","Outmaneuver"],"picked":"SKIP","floor":14.0},{"not_picked":["Venomology","A Thousand Cuts"],"picked":"Phantasmal Killer","floor":16.0},{"not_picked":["Poisoned Stab","Dagger Spray"],"picked":"Reflex","floor":18.0},{"not_picked":["Dagger Spray","Cloak And Dagger","PiercingWail+1"],"picked":"SKIP","floor":21.0},{"not_picked":["Acrobatics","Escape Plan","Crippling Poison"],"picked":"SKIP","floor":24.0},{"not_picked":["Dagger Throw+1","Accuracy"],"picked":"Burst","floor":27.0},{"not_picked":["Quick Slash+1","Dagger Throw+1","Backflip"],"picked":"SKIP","floor":28.0},{"not_picked":["PiercingWail+1","Deadly Poison","Underhanded Strike+1"],"picked":"SKIP","floor":29.0},{"not_picked":["Sucker Punch+1","Acrobatics","Endless Agony+1"],"picked":"SKIP","floor":31.0},{"not_picked":["Dagger Spray+1","Slice+1","Deflect"],"picked":"SKIP","floor":35.0},{"not_picked":["Poisoned Stab+1","Flechettes+1","Dagger Spray+1"],"picked":"SKIP","floor":38},{"not_picked":["PiercingWail","Deflect+1"],"picked":"Adrenaline","floor":39},{"not_picked":["Blade Dance","Noxious Fumes"],"picked":"Well Laid Plans","floor":40},{"not_picked":["Metamorphosis","Apotheosis"],"picked":"Finesse","floor":42},{"not_picked":["Metamorphosis","Enlightenment"],"picked":"Master of Strategy","floor":42},{"not_picked":["Discovery","Trip"],"picked":"Thinking Ahead","floor":42},{"not_picked":["Sucker Punch+1","Outmaneuver","Blade Dance"],"picked":"SKIP","floor":44},{"not_picked":["Heel Hook+1","Tactician+1"],"picked":"Calculated Gamble+1","floor":45},{"not_picked":["Setup+1","PiercingWail"],"picked":"Prepared+1","floor":46},{"not_picked":["Leg Sweep+1","Dagger Spray+1"],"picked":"Adrenaline","floor":48},{"not_picked":["Distraction+1","Dash+1"],"picked":"Adrenaline","floor":54}],"player_experience":2135639,"relics_obtained":[{"floor":6.0,"key":"Omamori"},{"floor":8.0,"key":"Meat on the Bone"},{"floor":9.0,"key":"Mummified Hand"},{"floor":10.0,"key":"Paper Crane"},{"floor":13.0,"key":"StrikeDummy"},{"floor":24.0,"key":"Molten Egg 2"},{"floor":27.0,"key":"War Paint"},{"floor":40,"key":"PreservedInsect"},{"floor":43,"key":"Ninja Scroll"},{"floor":46,"key":"Dream Catcher"},{"floor":54,"key":"Bottled Lightning"}],"event_choices":[{"damage_healed":0.0,"max_hp_gain":5.0,"max_hp_loss":0.0,"gold_gain":0.0,"event_name":"Big Fish","player_choice":"Donut","floor":5.0,"gold_loss":0.0,"damage_taken":0.0},{"cards_removed":["Strike_G"],"damage_healed":0.0,"max_hp_gain":0.0,"max_hp_loss":0.0,"gold_gain":0.0,"event_name":"The Cleric","player_choice":"Card Removal","floor":11.0,"gold_loss":50.0,"damage_taken":0.0},{"cards_removed":["Strike_G"],"damage_healed":0.0,"max_hp_gain":0.0,"max_hp_loss":0.0,"gold_gain":0.0,"event_name":"Back to Basics","player_choice":"Elegance","floor":19.0,"gold_loss":0.0,"damage_taken":0.0},{"damage_healed":0.0,"max_hp_gain":0.0,"max_hp_loss":0.0,"gold_gain":0.0,"event_name":"The Mausoleum","player_choice":"Opened","floor":20.0,"gold_loss":0.0,"damage_taken":0.0,"relics_obtained":["Shuriken"]},{"damage_healed":0.0,"max_hp_gain":0.0,"max_hp_loss":0.0,"gold_gain":0.0,"event_name":"Winding Halls","player_choice":"Embrace Madness","floor":36.0,"gold_loss":0.0,"damage_taken":9.0,"cards_obtained":["Madness","Madness"]},{"cards_removed":["Madness"],"damage_healed":0.0,"max_hp_gain":0.0,"max_hp_loss":0.0,"gold_gain":0.0,"event_name":"Falling","player_choice":"Removed Skill","floor":37.0,"gold_loss":0.0,"damage_taken":0.0},{"damage_healed":0,"gold_gain":0,"player_choice":"Memory 3","damage_taken":10,"max_hp_gain":0,"max_hp_loss":0,"event_name":"SensoryStone","floor":42,"gold_loss":0}],"is_beta":false,"boss_relics":[{"not_picked":["Busted Crown","Ring of the Serpent"],"picked":"Empty Cage"},{"not_picked":["Tiny House","Snecko Eye"],"picked":"Fusion Hammer"}],"items_purged_floors":[22,30,41,53],"is_endless":false,"potions_floor_spawned":[3,4,6,8,10,14,18,27,28,31,39,44,45,48,54],"ascension_level":1}}