{"host":"99ad87xtd5ypi7ii","time":1608607858,"event":{"mods":["BaseMod","Hermit","Highlight Path","Marisa????????","Minty Spire (QoL Compilation)","Robot Space Explorer","StSLib","The Bladedancer","The Construct","The Cursed","The Disciple","The Gatherer","The Hierophant","The Runesmith","The Servant 0.9.4","TheVacant"],"gold_per_floor":[115,141,316,335,186,186,211,211,234,253,253,263,124,141,141,236,236,250,250,165,189,189,189,174,187,187,204,218,218,218,105,105,201,201,213,48,98,152,165,165,165,15,15,15,45,61,61,77,77,77],"floor_reached":51,"playtime":3710,"items_purged":["Doubt","theVacant:VacantStarterStrike","theVacant:VacantStarterStrike","Shame"],"score":648,"play_id":"3caacdac-dcf6-4e5c-909e-cc43dd22005a","local_time":"20201222043058","is_ascension_mode":false,"campfire_choices":[{"data":"theVacant:CleanseSoul","floor":6,"key":"SMITH"},{"floor":8,"key":"REST"},{"data":"theVacant:Husk","floor":11,"key":"SMITH"},{"data":"theVacant:VoidEmbrace","floor":15,"key":"SMITH"},{"floor":23,"key":"REST"},{"floor":29,"key":"REST"},{"data":"theVacant:VoidForm","floor":32,"key":"SMITH"},{"data":"theVacant:Snowball","floor":40,"key":"SMITH"},{"data":"theVacant:ForgeSoul","floor":44,"key":"SMITH"},{"data":"theVacant:Gloom","floor":47,"key":"SMITH"},{"data":"theVacant:Release","floor":49,"key":"SMITH"}],"circlet_count":0,"master_deck":["theVacant:VacantStarterStrike","theVacant:VacantStarterStrike","theVacant:VacantStarterDefend","theVacant:VacantStarterDefend","theVacant:VacantStarterDefend","theVacant:VacantStarterDefend","theVacant:Release+1","theVacant:Crunch","theVacant:Throttle","theVacant:CleanseSoul+1","theVacant:Husk+1","theVacant:Jab","theVacant:Fling","theVacant:LichStrike","theVacant:VoidEmbrace+1","theVacant:ShutAway","theVacant:VoidForm+1","theVacant:HolyWater+1","theVacant:Acceptance+1","theVacant:Gloom+1","theVacant:ShutAway","theVacant:ForgeSoul+1","theVacant:Snowball+1","theVacant:GraveWave","TheCursedMod:Dregs"],"relics":["theVacant:BrassGoblet","Boot","Lantern","Nunchaku","Busted Crown","Tiny Chest","Pen Nib","Shuriken","CaptainsWheel","Cursed Key","Lizard Tail","CatCart","Ornamental Fan","Toy Ornithopter","Strawberry"],"acts_visited":["Exordium","TheCity","TheBeyond"],"potions_floor_usage":[7,14,18,33,37,38,48],"damage_taken":[{"damage":1,"enemies":"Cultist","floor":1,"turns":4},{"damage":2,"enemies":"2 Louse","floor":4,"turns":2},{"damage":14,"enemies":"Gremlin Nob","floor":7,"turns":4},{"damage":0,"enemies":"Small Slimes","floor":10,"turns":3},{"damage":17,"enemies":"3 Louse","floor":12,"turns":3},{"damage":0,"enemies":"Blue Slaver","floor":14,"turns":3},{"damage":34,"enemies":"Slime Boss","floor":16,"turns":10},{"damage":9,"enemies":"Spheric Guardian","floor":18,"turns":6},{"damage":20,"enemies":"2 Thieves","floor":24,"turns":4},{"damage":10,"enemies":"Chosen and Byrds","floor":25,"turns":5},{"damage":0,"enemies":"Sentry and Sphere","floor":27,"turns":4},{"damage":12,"enemies":"Centurion and Healer","floor":28,"turns":5},{"damage":76,"enemies":"Automaton","floor":33,"turns":8},{"damage":24,"enemies":"3 Darklings","floor":35,"turns":6},{"damage":0,"enemies":"Mind Bloom Boss Battle","floor":37,"turns":9},{"damage":7,"enemies":"Orin","floor":38,"turns":7},{"damage":11,"enemies":"3 Shapes","floor":39,"turns":6},{"damage":3,"enemies":"Giant Head","floor":45,"turns":8},{"damage":16,"enemies":"Spire Growth","floor":46,"turns":5},{"damage":26,"enemies":"Maw","floor":48,"turns":8},{"damage":54,"enemies":"Time Eater","floor":50,"turns":8}],"seed_played":"-3965310514036496044","potions_obtained":[{"floor":4,"key":"BlessingOfTheForge"},{"floor":12,"key":"Block Potion"},{"floor":16,"key":"Energy Potion"},{"floor":24,"key":"GamblersBrew"},{"floor":28,"key":"SneckoOil"},{"floor":35,"key":"DistilledChaos"},{"floor":37,"key":"Dexterity Potion"},{"floor":39,"key":"Weak Potion"}],"is_trial":false,"path_per_floor":["M","T","?","M","$","R","E","R","T","M","R","M","$","M","R","B",null,"M","?","?","T","?","R","M","M","T","M","M","R","T","$","R","B",null,"M","$","?","?","M","R","T","$","T","R","E","M","R","M","R","B",null],"character_chosen":"THE_VACANT","items_purchased":["theVacant:Husk","theVacant:VoidEmbrace","theVacant:Gloom","theVacant:ShutAway","theVacant:Snowball"],"campfire_rested":3,"item_purchase_floors":[5,13,31,31,36],"current_hp_per_floor":[71,71,71,69,69,69,55,83,83,83,83,66,66,70,70,42,96,87,68,68,68,68,98,78,74,74,74,69,99,99,99,99,39,101,83,83,90,92,88,88,88,88,88,88,105,96,96,81,81,34],"gold":77,"neow_bonus":"TWENTY_PERCENT_HP_BONUS","is_daily":false,"chose_seed":false,"campfire_upgraded":8,"win_rate":0.0,"timestamp":1608607858,"path_taken":["M","?","?","M","$","R","E","R","T","M","R","M","$","M","R","BOSS","M","?","?","?","?","R","M","?","T","M","M","R","?","$","R","BOSS","M","?","?","?","M","R","?","$","T","R","E","M","R","M","R","BOSS"],"items_purchased_type":["Card","Card","Card","Card","Card"],"build_version":"2020-12-13","purchased_purges":4,"victory":true,"max_hp_per_floor":[96,96,96,96,96,96,96,96,96,96,96,96,96,96,96,96,96,96,101,101,101,101,101,101,101,101,101,101,101,101,101,101,101,101,101,101,101,101,101,101,101,101,101,101,108,108,108,108,108,108],"card_choices":[{"not_picked":["theVacant:Barrage","theVacant:Dig"],"picked":"theVacant:Throttle","floor":1},{"not_picked":["theVacant:GraveWave","theVacant:EyePoke"],"picked":"theVacant:CleanseSoul","floor":4},{"not_picked":["theVacant:IntoTheAbyss","theVacant:Enrage"],"picked":"theVacant:Jab","floor":7},{"not_picked":["theVacant:Soothe","theVacant:Thoughtseize"],"picked":"theVacant:Fling","floor":10},{"not_picked":["theVacant:Cower","theVacant:IntoTheAbyss"],"picked":"theVacant:LichStrike","floor":12},{"not_picked":["theVacant:VoidEmbrace","theVacant:BattleScars"],"picked":"theVacant:ShutAway","floor":14},{"not_picked":["theVacant:Exorcise","theVacant:DeathSpiral"],"picked":"theVacant:VoidForm","floor":16},{"not_picked":["theVacant:Thoughtseize"],"picked":"SKIP","floor":18},{"not_picked":[],"picked":"theVacant:HolyWater+1","floor":24},{"not_picked":[],"picked":"theVacant:Acceptance+1","floor":25},{"not_picked":["theVacant:Jab"],"picked":"SKIP","floor":27},{"not_picked":["theVacant:Thoughtseize+1"],"picked":"SKIP","floor":28},{"not_picked":[],"picked":"theVacant:ForgeSoul","floor":33},{"not_picked":["theVacant:Dig+1"],"picked":"SKIP","floor":35},{"not_picked":[],"picked":"theVacant:GraveWave","floor":39},{"not_picked":["theVacant:Fling"],"picked":"SKIP","floor":45},{"not_picked":["theVacant:Cower"],"picked":"SKIP","floor":46},{"not_picked":["theVacant:Jab+1"],"picked":"SKIP","floor":48}],"player_experience":805046,"relics_obtained":[{"floor":2,"key":"Boot"},{"floor":7,"key":"Lantern"},{"floor":9,"key":"Nunchaku"},{"floor":21,"key":"Pen Nib"},{"floor":26,"key":"Shuriken"},{"floor":30,"key":"CaptainsWheel"},{"floor":37,"key":"Lizard Tail"},{"floor":38,"key":"CatCart"},{"floor":41,"key":"Ornamental Fan"},{"floor":43,"key":"Toy Ornithopter"},{"floor":45,"key":"Strawberry"}],"event_choices":[{"damage_healed":0,"gold_gain":175,"player_choice":"AGREE","damage_taken":0,"max_hp_gain":0,"max_hp_loss":0,"event_name":"Liars Game","floor":3,"gold_loss":0,"cards_obtained":["Doubt"]},{"damage_healed":0,"gold_gain":0,"player_choice":"Shed Blood","damage_taken":24,"max_hp_gain":5,"max_hp_loss":0,"event_name":"Forgotten Altar","floor":19,"gold_loss":0},{"damage_healed":0,"gold_gain":0,"player_choice":"Obtained Relic","damage_taken":0,"relics_obtained":["Tiny Chest"],"max_hp_gain":0,"max_hp_loss":0,"event_name":"Addict","floor":20,"gold_loss":85},{"damage_healed":0,"gold_gain":0,"player_choice":"Ignored","damage_taken":0,"max_hp_gain":0,"max_hp_loss":0,"event_name":"NoteForYourself","floor":22,"gold_loss":0},{"damage_healed":0,"gold_gain":0,"player_choice":"Fight","damage_taken":0,"max_hp_gain":0,"max_hp_loss":0,"event_name":"MindBloom","floor":37,"gold_loss":0},{"damage_healed":0,"gold_gain":0,"player_choice":"Fight","damage_taken":0,"max_hp_gain":0,"max_hp_loss":0,"event_name":"OrinTheCat","floor":38,"gold_loss":0}],"is_beta":false,"boss_relics":[{"not_picked":["Runic Pyramid","Empty Cage"],"picked":"Busted Crown"},{"not_picked":["Snecko Eye","SlaversCollar"],"picked":"Cursed Key"}],"items_purged_floors":[5,13,36,42],"is_endless":false,"potions_floor_spawned":[4,12,16,24,28,35,37,39],"ascension_level":0}}