{"host":"wonp23fsqqcu31ie","time":1608635237,"event":{"mods":["2.2 Compatiblity","AchievementEnabler","Aspiration","BaseMod","Bestiary","Better Altar","Better Match","Better Sensory Stone","Better Skull","Better Third Choice","BetterRewards","Block Reminder","Colored Map","Colored Powertips","Conspire","DeckTracker","Displayed Cursed Tome","Downfall","Hermit","Highlight Path","Hubris","Minty Spire (QoL Compilation)","Permanent Neow","Quick Restart","Rare Cards Sparkle","Relic Stats","Replay The Spire","Shade Mod","Shop Mod","StSLib","SuperFastMode","The Animator","The Cursed","The Dragon Tamer","The Gatherer","The Necromancer","The Runesmith","The Servant 0.9.4"],"gold_per_floor":[128,150,161,161,183,195,195],"floor_reached":6,"playtime":222,"items_purged":[],"score":44,"play_id":"493cf2b3-95bf-4e2f-9b1b-7595023d9b65","local_time":"20201222220717","is_ascension_mode":true,"campfire_choices":[],"circlet_count":0,"master_deck":["animator:Strike_Konosuba","animator:Defend_Konosuba","animator:Strike","animator:Strike","animator:Strike","animator:Defend","animator:Defend","animator:Defend","animator:Kazuma","animator:Aqua","animator:DolaCouronne","animator:Souei","animator:RoyMustang+1","animator:Chris"],"relics":["animator:LivingPicture","animator:TheMissingPiece","aspiration:Nostalgia","Slimebound:AbsorbEndCombat"],"acts_visited":["Exordium"],"potions_floor_usage":[5,6],"damage_taken":[{"damage":7,"enemies":"Cultist","floor":1,"turns":6},{"damage":4,"enemies":"2 Louse","floor":2,"turns":3},{"damage":7,"enemies":"Jaw Worm","floor":3,"turns":3},{"damage":23,"enemies":"Large Slime","floor":5,"turns":8},{"damage":47,"enemies":"Lagavulin","floor":6,"turns":6}],"seed_played":"5515694883131885139","potions_obtained":[{"floor":2,"key":"Elixir"},{"floor":3,"key":"conspire:TimeTravelPotion"}],"is_trial":false,"path_per_floor":["M","M","M","?","M","E"],"character_chosen":"THE_ANIMATOR","items_purchased":[],"campfire_rested":0,"item_purchase_floors":[],"current_hp_per_floor":[59,57,52,52,44,0,0],"gold":195,"neow_bonus":"NOSTALGIA","is_daily":false,"chose_seed":false,"campfire_upgraded":0,"win_rate":0.0,"timestamp":1608635237,"path_taken":["M","?","M","?","?","E"],"items_purchased_type":[],"build_version":"2020-12-13","purchased_purges":0,"victory":false,"max_hp_per_floor":[66,66,66,66,66,66,66],"relic_stats":{"counters":[5,26],"obtain_stats":[{"aspiration:Nostalgia":0,"animator:TheMissingPiece":0,"animator:LivingPicture":0,"Slimebound:AbsorbEndCombat":0},{"aspiration:Nostalgia":0,"animator:TheMissingPiece":0,"animator:LivingPicture":0,"Slimebound:AbsorbEndCombat":0},{"aspiration:Nostalgia":0,"animator:TheMissingPiece":0,"animator:LivingPicture":0,"Slimebound:AbsorbEndCombat":0}]},"card_choices":[{"not_picked":["animator:SilverFang","animator:Togame"],"picked":"animator:DolaCouronne","floor":1},{"not_picked":["animator:Hitei","animator:Emonzaemon"],"picked":"animator:Souei","floor":2},{"not_picked":["animator:Azekura","animator:MumenRider"],"picked":"animator:RoyMustang","floor":3},{"not_picked":["animator:Mitsurugi","animator:Aqua"],"picked":"animator:Chris","floor":5}],"player_experience":670560,"relics_obtained":[],"event_choices":[{"damage_healed":0,"gold_gain":0,"player_choice":"Upgraded","damage_taken":0,"max_hp_gain":0,"max_hp_loss":0,"event_name":"Upgrade Shrine","floor":4,"gold_loss":0,"cards_upgraded":["animator:RoyMustang"]}],"is_beta":false,"boss_relics":[],"items_purged_floors":[],"is_endless":false,"potions_floor_spawned":[2,3],"killed_by":"Lagavulin","ascension_level":3}}