{"host":"1mv6gj0zv8k9e9tz","time":1608626211,"event":{"mods":["AchievementEnabler","BaseMod","Better Third Choice","Colored Map","KOR Keyword Fix","Minty Spire (QoL Compilation)","Permanent Neow","Rare Cards Sparkle","StSLib"],"gold_per_floor":[111,128,78,78,38,80,80,100,100,73,93,128,138,165,165,165,165],"floor_reached":16,"playtime":517,"items_purged":[],"score":157,"play_id":"4fdd6409-a348-475b-a7b0-4c6f3464baea","local_time":"20201222173651","is_ascension_mode":true,"campfire_choices":[{"data":"Sunder","floor":7.0,"key":"SMITH"},{"data":"Genetic Algorithm","floor":15.0,"key":"SMITH"}],"circlet_count":0,"master_deck":["Strike_B+1","Strike_B","Strike_B","Defend_B","Defend_B+1","Defend_B","Defend_B","Zap","Dualcast","Fission","Ball Lightning","Capacitor","Sunder+1","Melter","Defragment","Genetic Algorithm+1","Sweeping Beam"],"relics":["Cracked Core","CeramicFish","Mummified Hand","Dream Catcher"],"acts_visited":["Exordium"],"potions_floor_usage":[],"damage_taken":[{"damage":0.0,"enemies":"2 Louse","floor":1.0,"turns":2.0},{"damage":4.0,"enemies":"Jaw Worm","floor":2.0,"turns":3.0},{"damage":33.0,"enemies":"Lagavulin","floor":6.0,"turns":8.0},{"damage":0.0,"enemies":"Small Slimes","floor":8.0,"turns":2.0},{"damage":0.0,"enemies":"Gremlin Gang","floor":11.0,"turns":3.0},{"damage":12.0,"enemies":"3 Sentries","floor":12.0,"turns":5.0},{"damage":0.0,"enemies":"Exordium Wildlife","floor":13.0,"turns":2.0},{"damage":3.0,"enemies":"Exordium Thugs","floor":14.0,"turns":3.0},{"damage":11,"enemies":"The Guardian","floor":16,"turns":7}],"seed_played":"-3783300655647494359","potions_obtained":[{"floor":5.0,"key":"Regen Potion"},{"floor":5.0,"key":"EssenceOfSteel"},{"floor":5.0,"key":"Ancient Potion"},{"floor":6.0,"key":"FocusPotion"},{"floor":8.0,"key":"LiquidMemories"}],"is_trial":false,"path_per_floor":["M","M","?","?","?","E","R","M","T","$","M","E","M","M","R","B"],"character_chosen":"DEFECT","items_purchased":["Defragment"],"campfire_rested":0,"item_purchase_floors":[10],"current_hp_per_floor":[68,64,64,49,49,31,31,31,31,31,31,19,19,16,16,5,5],"gold":165,"neow_bonus":"ONE_RANDOM_RARE_CARD","is_daily":false,"chose_seed":false,"campfire_upgraded":2,"win_rate":0.0,"timestamp":1608626211,"path_taken":["M","M","?","?","?","E","R","M","T","$","?","E","M","M","R","BOSS"],"items_purchased_type":["Card"],"build_version":"2020-12-13","purchased_purges":0,"victory":false,"max_hp_per_floor":[75,75,75,75,75,75,75,75,75,75,75,75,75,75,75,75,75],"card_choices":[{"not_picked":["Redo","Barrage"],"picked":"Ball Lightning","floor":1.0},{"not_picked":["Loop","Sweeping Beam"],"picked":"Capacitor","floor":2.0},{"not_picked":["Turbo","Rebound"],"picked":"Sunder","floor":6.0},{"not_picked":["Rebound","Turbo"],"picked":"Melter","floor":8.0},{"not_picked":["Fusion","Turbo"],"picked":"Genetic Algorithm","floor":11.0},{"not_picked":["Lockon","Fission","Rebound"],"picked":"SKIP","floor":12.0},{"not_picked":["Compile Driver","Barrage","Stack"],"picked":"SKIP","floor":13.0},{"not_picked":["Hologram","Steam"],"picked":"Sweeping Beam","floor":14.0}],"player_experience":481627,"relics_obtained":[{"floor":6.0,"key":"CeramicFish"},{"floor":9.0,"key":"Mummified Hand"},{"floor":12.0,"key":"Dream Catcher"}],"event_choices":[{"cards_removed":["Strike_B"],"damage_healed":0.0,"max_hp_gain":0.0,"max_hp_loss":0.0,"gold_gain":0.0,"event_name":"The Cleric","player_choice":"Card Removal","floor":3.0,"gold_loss":50.0,"damage_taken":0.0},{"damage_healed":64.0,"max_hp_gain":0.0,"max_hp_loss":75.0,"gold_gain":0.0,"event_name":"betterThird:BetterShining","player_choice":"Upgrade","floor":4.0,"gold_loss":0.0,"damage_taken":15.0,"cards_upgraded":["Defend_B","Strike_B"]},{"damage_healed":0.0,"max_hp_gain":0.0,"max_hp_loss":0.0,"gold_gain":0.0,"event_name":"The Woman in Blue","player_choice":"Bought 3 Potions","floor":5.0,"gold_loss":0.0,"damage_taken":0.0}],"is_beta":false,"boss_relics":[],"items_purged_floors":[],"is_endless":false,"potions_floor_spawned":[6,8],"killed_by":"The Guardian","ascension_level":8}}