{"host":"ywif2ugnepgiw45s","time":1608603347,"event":{"mods":["Act Like it!","BaseMod","Better Skull","Downfall","Elementarium","GifTheSpireLib","Hermit","Lobotomy","Marisa????????","Minty Spire (QoL Compilation)","READ ME - Guardian Mod","Shade Mod","Shop Mod","StSLib","The Cursed","The Jungle","The Runesmith"],"gold_per_floor":[99,99,29,29,47,47,47,79,79,4,24,37,37,37,50,153,153,78,94,94,94,114,99,99,99,99,114,142,158,158,158,158],"floor_reached":30,"playtime":1590,"items_purged":[],"score":246,"play_id":"c7670083-cd21-4bd3-bf1b-ec6bf8fad0a4","local_time":"20201221211547","is_ascension_mode":false,"campfire_choices":[{"floor":1,"key":"RECALL"},{"floor":10,"key":"REST"},{"floor":13,"key":"REST"},{"data":"champ:StanceDance","floor":18,"key":"SMITH"},{"data":"champ:Improvising","floor":25,"key":"SMITH"}],"circlet_count":0,"master_deck":["champ:Strike","champ:Strike","champ:Defend","champ:Defend","champ:Defend","champ:Execute","champ:Taunt","champ:StanceDance+1","champ:StrikeOfGenius","champ:IronFortress","champ:ShieldSlam","champ:Circumvent","champ:Improvising+1","champ:RapidStrikes+1","champ:FanOfKnives","champ:HeavySlash"],"relics":["champ:ChampionCrown","downfall:HeartsMalice","champ:LiftRelic","Eternal Feather","Ginger","Potion Belt","downfall:HeartBlessingRed","Empty Cage","downfall:HeartBlessingGreen","Strawberry","Meat on the Bone","Shovel"],"acts_visited":["Exordium","TheCity"],"potions_floor_usage":[16,16,28],"damage_taken":[{"damage":0,"enemies":"Cultist","floor":2,"turns":1},{"damage":0,"enemies":"downfall:FleeingMerchant","floor":3,"turns":1},{"damage":0,"enemies":"downfall:FleeingMerchant","floor":4,"turns":1},{"damage":20,"enemies":"Small Slimes","floor":5,"turns":6},{"damage":65,"enemies":"3 Sentries","floor":8,"turns":12},{"damage":14,"enemies":"Jaw Worm","floor":11,"turns":4},{"damage":23,"enemies":"3 Louse","floor":12,"turns":5},{"damage":10,"enemies":"2 Fungi Beasts","floor":15,"turns":4},{"damage":64,"enemies":"downfall:Watcher","floor":16,"turns":12},{"damage":28,"enemies":"Chosen","floor":19,"turns":8},{"damage":44,"enemies":"Sentry and Sphere","floor":22,"turns":9},{"damage":9,"enemies":"downfall:FleeingMerchant","floor":23,"turns":4},{"damage":17,"enemies":"Shelled Parasite and Fungi","floor":27,"turns":5},{"damage":4,"enemies":"Gremlin Leader","floor":28,"turns":5},{"damage":40,"enemies":"Snake Plant","floor":29,"turns":5},{"damage":47,"enemies":"Cultist and Chosen","floor":30,"turns":6}],"seed_played":"1228067719546450536","potions_obtained":[{"floor":8,"key":"FearPotion"},{"floor":11,"key":"Energy Potion"},{"floor":12,"key":"champ:OpenerPotion"},{"floor":21,"key":"CultistPotion"},{"floor":22,"key":"Explosive Potion"},{"floor":28,"key":"BlessingOfTheForge"},{"floor":29,"key":"Energy Potion"}],"is_trial":false,"path_per_floor":["R","M","$","$","M","?","T","E","?","R","M","M","R","?","M","B",null,"R","M","?","?","M","$","T","R","?","M","E","M","M"],"character_chosen":"THE_CHAMP","items_purchased":["champ:IronFortress"],"campfire_rested":2,"item_purchase_floors":[3],"current_hp_per_floor":[90,90,90,90,75,75,75,35,17,50,41,20,56,56,54,23,90,90,70,70,70,53,49,56,65,65,65,61,42,0,0,0],"gold":158,"neow_bonus":"THREE_ENEMY_KILL","is_daily":false,"chose_seed":false,"campfire_upgraded":2,"win_rate":0.0,"timestamp":1608603347,"path_taken":["R","M","?","$","M","?","T","E","?","R","?","M","R","?","M","BOSS","R","M","?","?","M","?","T","R","?","?","E","M","M"],"items_purchased_type":["Card"],"build_version":"2020-12-13","purchased_purges":0,"victory":false,"max_hp_per_floor":[90,90,90,90,90,90,90,90,90,90,90,90,90,90,90,90,90,90,90,90,90,90,90,97,97,97,97,97,97,97,97,97],"card_choices":[{"not_picked":["champ:GladiatorsShout","champ:RecklessLeap"],"picked":"champ:StanceDance","floor":2},{"not_picked":["champ:RecklessLeap","champ:BerserkersShout"],"picked":"champ:StrikeOfGenius","floor":3},{"not_picked":["champ:FalseCounter","champ:BerserkersShout","champ:GladiatorsShout"],"picked":"SKIP","floor":4},{"not_picked":["champ:FlashCut","champ:DefensiveShout","champ:Lariat"],"picked":"SKIP","floor":5},{"not_picked":["champ:CrookedStrike","champ:BladeFlurry"],"picked":"champ:ShieldSlam","floor":8},{"not_picked":["champ:Haymaker","champ:GladiatorsShout"],"picked":"champ:Circumvent","floor":11},{"not_picked":["champ:StanceDance","champ:FanOfKnives","champ:Backstep"],"picked":"SKIP","floor":12},{"not_picked":["champ:HeartStrike","champ:EndlessRage","champ:FlashCut"],"picked":"SKIP","floor":15},{"not_picked":["champ:HoldFirm","champ:IgnorePain"],"picked":"champ:Improvising","floor":16},{"not_picked":["champ:FocusedGladiator","champ:Duel"],"picked":"champ:RapidStrikes+1","floor":19},{"not_picked":["champ:DefensiveShout+1","champ:FocusedDefense","champ:FalseCounter"],"picked":"SKIP","floor":22},{"not_picked":["champ:TornadoPunch","champ:FlashCut"],"picked":"champ:FanOfKnives","floor":23},{"not_picked":["champ:BerserkersShout","champ:IronFortress","champ:FanOfKnives"],"picked":"SKIP","floor":27},{"not_picked":["champ:BerserkerStyle+1","champ:FlashCut+1"],"picked":"champ:HeavySlash","floor":28},{"not_picked":["champ:Circumvent","champ:BerserkerStyle","champ:Encircle+1"],"picked":"SKIP","floor":29}],"player_experience":1614468,"relics_obtained":[{"floor":7,"key":"Eternal Feather"},{"floor":8,"key":"Ginger"},{"floor":24,"key":"Strawberry"},{"floor":28,"key":"Shovel"}],"event_choices":[{"damage_healed":0,"gold_gain":0,"player_choice":"Success","damage_taken":18,"relics_obtained":["Potion Belt"],"max_hp_gain":0,"max_hp_loss":0,"event_name":"Scrap Ooze","floor":9,"gold_loss":0},{"damage_healed":0,"gold_gain":0,"player_choice":"Ignored","damage_taken":0,"max_hp_gain":0,"max_hp_loss":0,"event_name":"Vampires","floor":20,"gold_loss":0}],"is_beta":false,"boss_relics":[{"not_picked":["Snecko Eye","Runic Dome"],"picked":"Empty Cage"}],"items_purged_floors":[],"is_endless":false,"potions_floor_spawned":[8,11,12,22,28,29],"killed_by":"Cultist and Chosen","ascension_level":0}}