{"host":"5ty8fyb0ngp9gspj","time":1608628089,"event":{"mods":["2.2 Compatiblity","AchievementEnabler","Act Like it!","BaseMod","Colored Map","Downfall","Minty Spire (QoL Compilation)","Rare Cards Sparkle","StSLib"],"gold_per_floor":[118,118,130,230,115,147,166,166,192,192,208,208,208],"floor_reached":12,"playtime":594,"items_purged":[],"score":82,"play_id":"1d38fb88-a02d-4544-9314-935536adbf8a","local_time":"20201222200809","is_ascension_mode":true,"campfire_choices":[{"data":"Prostrate","floor":8,"key":"SMITH"},{"data":"ForeignInfluence","floor":10,"key":"SMITH"}],"circlet_count":0,"master_deck":["Strike_P","Strike_P","Strike_P","Strike_P","Defend_P","Defend_P","Defend_P","Defend_P","Eruption","Vigilance","Perseverance","ForeignInfluence+1","DeceiveReality","ThirdEye","BattleHymn","Prostrate+1","ThirdEye"],"relics":["PureWater","NlothsMask","Nunchaku"],"acts_visited":["Exordium"],"potions_floor_usage":[6,11],"damage_taken":[{"damage":0,"enemies":"Small Slimes","floor":1,"turns":3},{"damage":0,"enemies":"Cultist","floor":3,"turns":3},{"damage":8,"enemies":"3 Sentries","floor":6,"turns":13},{"damage":0,"enemies":"Jaw Worm","floor":7,"turns":2},{"damage":4,"enemies":"Gremlin Gang","floor":11,"turns":5},{"damage":2,"enemies":"Gremlin Nob","floor":12,"turns":2}],"seed_played":"4868431801262871199","potions_obtained":[{"floor":0,"key":"SteroidPotion"},{"floor":0,"key":"Block Potion"},{"floor":0,"key":"Strength Potion"},{"floor":7,"key":"sneckomod:MuddlingPotion"},{"floor":11,"key":"CultistPotion"}],"is_trial":false,"path_per_floor":["M","?","M","?","$","E","M","R","T","R","M","E"],"character_chosen":"WATCHER","items_purchased":["DeceiveReality","ThirdEye"],"campfire_rested":0,"item_purchase_floors":[5,5],"current_hp_per_floor":[72,72,72,72,72,64,64,64,64,64,60,58,58],"gold":208,"neow_bonus":"THREE_SMALL_POTIONS","is_daily":false,"chose_seed":false,"campfire_upgraded":2,"win_rate":0.0,"timestamp":1608628089,"path_taken":["M","?","?","?","$","E","M","R","T","R","M","E"],"items_purchased_type":["Card","Card"],"build_version":"2020-12-13","purchased_purges":0,"victory":false,"max_hp_per_floor":[72,72,72,72,72,72,72,72,72,72,72,72,72],"card_choices":[{"not_picked":["Vengeance","SashWhip"],"picked":"Perseverance","floor":1},{"not_picked":["PathToVictory","CrushJoints"],"picked":"ForeignInfluence","floor":3},{"not_picked":["Indignation","BowlingBash"],"picked":"BattleHymn","floor":6},{"not_picked":["CrushJoints","SashWhip"],"picked":"Prostrate","floor":7},{"not_picked":["EmptyBody","EmptyFist"],"picked":"ThirdEye","floor":11}],"player_experience":318612,"relics_obtained":[{"floor":6,"key":"Nunchaku"}],"event_choices":[{"damage_healed":0,"gold_gain":0,"player_choice":"Trade","damage_taken":0,"relics_obtained":["NlothsMask"],"max_hp_gain":0,"max_hp_loss":0,"event_name":"FaceTrader","floor":2,"gold_loss":0},{"damage_healed":0,"gold_gain":100,"player_choice":"Gold","damage_taken":0,"max_hp_gain":0,"max_hp_loss":0,"event_name":"Wheel of Change","floor":4,"gold_loss":0}],"is_beta":false,"boss_relics":[],"items_purged_floors":[],"is_endless":false,"potions_floor_spawned":[3,7,11],"killed_by":"Gremlin Nob","ascension_level":1}}