{"host":"mq7pyadb5kndcn8l","time":1608606953,"event":{"mods":["AchievementEnabler","Aspiration","BaseMod","Better Altar","Better Match","Better Note","Better Sensory Stone","Better Skull","Better Third Choice","BetterRewards","Block Reminder","CCEM","Challenge The Spire","ChefMod","Colored Map","Colored Powertips","Conspire","Defuse TimeMaze Blight","Dio Mod","Displayed Cursed Tome","Dota2Spire","Duelist Mod","Energized Spire","Friendly Minions","GifTheSpireLib","Gremlin Skip","Highlight Path","Ironclad Rager","Jedi Mod","Mad Scientist","Marked Mod","Mimic Mod","Minty Spire (QoL Compilation)","Permanent Neow","QueenMod","Quick Restart","Random Character Button","Rare Cards Sparkle","Relic Filter","Relic Sorter","Replay The Spire","Reworked Bosses","Shade Mod","Shop Mod","Spicy Shops","Spikes Relics","StSLib","Stuff the Spire","SuperFastMode","The Blue Laboratory","The Death Knight","The Exalted","The Necromancer","The Poker Player","TheBandit","Thieving Mod","Thrall Mod","Trackpad","Transform Curses","Unceasing Turn Reminder","Wandering Minibosses","vexMod"],"gold_per_floor":[109,109,29,47,71,103,17,42,42,73,88,104,136,61,61,151,151,168,168,191,191,215,215,233,233,260,260,281,313,340,103,103,203,203,226,245,245,278,308,308,328,328,354,396,396,440,32,77,77,99,99,99,21,65,87],"floor_reached":56,"playtime":2549,"items_purged":["Shade:Strike_Shade","Shade:Strike_Shade","Shade:CarefulCut","Shade:Strike_Shade","Shade:Defend_Shade"],"score":2832,"play_id":"96c62750-e115-4fa8-ace6-bd86120929a5","local_time":"20201221221553","is_ascension_mode":true,"campfire_choices":[{"data":"StuffTheSpire:FreeRealEstate","floor":15,"key":"SMITH"},{"data":"Shade:LichForm","floor":23,"key":"SMITH"},{"data":"Pot Of Greed","floor":25,"key":"SMITH"},{"data":"Pot Of Greed","floor":27,"key":"SMITH"},{"data":"Shade:OpenGraves","floor":32,"key":"SMITH"},{"data":"Shade:OpenGraves","floor":40,"key":"SMITH"},{"data":"Shade:AnimateDead","floor":42,"key":"SMITH"},{"floor":45,"key":"RECALL"},{"floor":49,"key":"DIG"},{"data":"Shade:Putrefaction","floor":52,"key":"SMITH"}],"circlet_count":0,"master_deck":["AscendersBane","Shade:Defend_Shade","Shade:Defend_Shade","Shade:AnimateDead+1","Specialist","Pot Of Greed+1","Pot Of Greed+1","Shade:GraveStillness","Shade:Carnophage","Shade:Carnophage","Shade:LichForm+1","Shade:Bite_Shade","Shade:OpenGraves+1","Shade:OpenGraves+1","Shade:GraveStillness","Shade:FleshToFlesh","Shade:FuneraryJewels","Pot Of Greed+1","Shade:Brains","StuffTheSpire:FreeRealEstate+1","Shade:Coordination","Shade:AblativeArmor","Shade:AblativeArmor","StuffTheSpire:FreeRealEstate","Shade:FleshToFlesh+1","Shade:Putrefaction+1","Shade:OpenGraves","Shade:FuneraryJewels"],"relics":["Shade:YorickSkull","Replay:Wax Seal","Dota2Spire:Dagon","MerchantsRug","conspire:BottledYoYo","Grinning Jar","ClockworkSouvenir","conspire:Flyswatter","ReplayFunnel","Dota2Spire:Vanguard","Calipers","jedi:matchstick","trackpad:Mousetrap","Meat on the Bone","jedi:crownofsimplicity","Toy Ornithopter","StuffTheSpire:RunicConfusion","StuffTheSpire:HeavyRock","conspire:TopHat","Dota2Spire:RefresherOrb","Gremlin Food","SnailShell","Bag of Preparation","trackpad:RapidFire","SpikesRelics:DaevaFist","CCEMRelics:FryingPan","Divine Protection"],"acts_visited":["Exordium","TheCity","TheBeyond","TheEnding"],"potions_floor_usage":[],"damage_taken":[{"damage":0,"enemies":"conspire:RoseBush","floor":1,"turns":10},{"damage":0,"enemies":"2 Louse","floor":3,"turns":12},{"damage":0,"enemies":"Small Slimes","floor":4,"turns":23},{"damage":0,"enemies":"3 Sentries","floor":6,"turns":10},{"damage":0,"enemies":"Red Slaver","floor":7,"turns":8},{"damage":4,"enemies":"Replay:BlueRogue","floor":8,"turns":8},{"damage":0,"enemies":"Lagavulin","floor":10,"turns":5},{"damage":0,"enemies":"2 Fungi Beasts","floor":11,"turns":4},{"damage":0,"enemies":"3 Louse","floor":12,"turns":10},{"damage":0,"enemies":"3 Sentries","floor":13,"turns":3},{"damage":2,"enemies":"Hexaghost","floor":16,"turns":5},{"damage":0,"enemies":"Shell Parasite","floor":18,"turns":4},{"damage":0,"enemies":"Chosen","floor":20,"turns":5},{"damage":0,"enemies":"Centurion and Healer","floor":22,"turns":4},{"damage":0,"enemies":"Snake Plant","floor":24,"turns":2},{"damage":0,"enemies":"Cultist and Chosen","floor":28,"turns":4},{"damage":0,"enemies":"theDuelist:KaibaA2","floor":29,"turns":3},{"damage":0,"enemies":"3 Cultists","floor":30,"turns":4},{"damage":0,"enemies":"bossMod:newChamp","floor":33,"turns":6},{"damage":0,"enemies":"3 Darklings","floor":35,"turns":4},{"damage":0,"enemies":"Orb Walker","floor":36,"turns":1},{"damage":0,"enemies":"Maw","floor":38,"turns":6},{"damage":0,"enemies":"Spire Growth","floor":39,"turns":4},{"damage":0,"enemies":"Sphere and 2 Shapes","floor":41,"turns":4},{"damage":0,"enemies":"R_Hoarder","floor":44,"turns":5},{"damage":0,"enemies":"Nemesis","floor":46,"turns":6},{"damage":0,"enemies":"Reptomancer","floor":48,"turns":3},{"damage":0,"enemies":"Time Eater","floor":50,"turns":6},{"damage":6,"enemies":"Shield and Spear","floor":54,"turns":4},{"damage":3,"enemies":"Kars","floor":55,"turns":7}],"seed_played":"427082135899161554","potions_obtained":[{"floor":1,"key":"blueLaboratory:FruitPunch"},{"floor":3,"key":"blueLaboratory:BottleOfRum"},{"floor":6,"key":"AttackPotion"},{"floor":54,"key":"blueLaboratory:BubblePotion"}],"is_trial":false,"path_per_floor":["M","?","M","M","?","E","M","E","T","E","M","M","E","?","R","B",null,"M","?","M","?","M","R","M","R","T","R","M","E","M","$","R","B",null,"M","M","?","M","M","R","M","R","T","E","R","E","$","E","R_BF","B",null,"R","$","E","B",null],"character_chosen":"SHADE","items_purchased":["Replay:Wax Seal","Specialist","conspire:BottledYoYo","Grinning Jar","Orrery","MerchantsRug","Shade:OpenGraves","Dota2Spire:Dagon","ClockworkSouvenir","conspire:Flyswatter","ReplayFunnel","Dota2Spire:Vanguard","StuffTheSpire:FreeRealEstate","trackpad:RapidFire","Shade:OpenGraves"],"campfire_rested":0,"item_purchase_floors":[0,0,0,0,0,0,0,0,0,0,0,0,31,47,53],"current_hp_per_floor":[23,10,18,34,18,24,30,28,28,44,46,52,52,52,52,52,62,64,64,65,65,65,65,65,65,65,65,65,65,65,65,65,65,65,65,65,65,65,65,65,65,65,65,65,65,65,65,65,65,65,65,65,65,59,60],"gold":87,"neow_bonus":"","is_daily":false,"chose_seed":false,"campfire_upgraded":8,"win_rate":0.0,"timestamp":1608606953,"path_taken":["M","?","M","M","?","E","M","E","T","E","M","?","E","?","R","BOSS","M","?","M","?","?","R","M","R","T","R","M","E","M","$","R","BOSS","M","M","?","M","M","R","M","R","T","E","R","E","$","E","R_BF","BOSS","R","$","E","BOSS"],"items_purchased_type":["Relic","Card","Relic","Relic","Relic","Relic","Card","Relic","Relic","Relic","Relic","Relic","Card","Relic","Card"],"build_version":"2020-12-13","purchased_purges":5,"victory":true,"max_hp_per_floor":[65,65,65,65,65,65,65,65,65,65,65,65,65,65,65,65,65,65,65,65,65,65,65,65,65,65,65,65,65,65,65,65,65,65,65,65,65,65,65,65,65,65,65,65,65,65,65,65,65,65,65,65,65,65,65],"card_choices":[{"not_picked":["Shade:Trample","Shade:SkeletonArmy"],"picked":"Shade:GraveStillness","floor":0},{"not_picked":["Shade:SkeletonHug","Shade:TouchOfTheGrave"],"picked":"Shade:Carnophage","floor":0},{"not_picked":["Shade:RavenousHorde","Shade:Haruspicy"],"picked":"Shade:Carnophage","floor":0},{"not_picked":["Shade:Bite_Shade","Shade:Excise"],"picked":"Shade:LichForm","floor":0},{"not_picked":["Shade:WallOfFlesh","Shade:FeralStrike"],"picked":"Shade:Bite_Shade","floor":0},{"not_picked":["Shade:SensePrey","Shade:Bonestorm","Shade:GreyBargain"],"picked":"SKIP","floor":1},{"not_picked":["Shade:FuneraryArmor","Shade:PoundOfFlesh","Shade:CommandSoldier"],"picked":"SKIP","floor":3},{"not_picked":["Shade:Frenzy","Shade:ScuttlingHand","Shade:Patience"],"picked":"SKIP","floor":4},{"not_picked":["Shade:CoffinDance","Shade:Excise"],"picked":"Shade:GraveStillness","floor":5},{"not_picked":["Shade:PressTheAttack","Shade:CallWraith"],"picked":"Shade:FleshToFlesh","floor":6},{"not_picked":["Shade:FleshToFlesh","Shade:SanguineRitual","Shade:GreaterAnimation"],"picked":"SKIP","floor":7},{"not_picked":["Shade:Trample","Shade:GraveStillness"],"picked":"Shade:FuneraryJewels","floor":8},{"not_picked":["Shade:Bonestorm","Shade:GoDigging","Shade:AncientSpear"],"picked":"SKIP","floor":10},{"not_picked":["Shade:SanguineRitual","Shade:FeralStrike","Shade:FleshOffering"],"picked":"SKIP","floor":11},{"not_picked":["Shade:Premonition","Shade:CallWraith","Shade:Doomsay"],"picked":"SKIP","floor":12},{"not_picked":["Shade:Excise","Shade:FeralStrike"],"picked":"Shade:Brains","floor":13},{"not_picked":["Purity","Mind Blast"],"picked":"StuffTheSpire:FreeRealEstate","floor":14},{"not_picked":["Shade:SoulPierce","Shade:LastGasp"],"picked":"Shade:Coordination","floor":16},{"not_picked":["Shade:FleshLikeOak","Shade:FuneraryArmor","Shade:Bonestorm"],"picked":"SKIP","floor":18},{"not_picked":["Shade:Asphyxiate","Shade:Carnophage"],"picked":"Shade:AblativeArmor","floor":20},{"not_picked":["Shade:ExtraLimbs","Shade:Brains"],"picked":"Shade:AblativeArmor","floor":22},{"not_picked":["Shade:GraveStillness","Shade:CallOfTheGrave","Shade:Premonition"],"picked":"SKIP","floor":24},{"not_picked":["Shade:Trample","Shade:LastGasp","Shade:CloudOfShrapnel"],"picked":"SKIP","floor":28},{"not_picked":["Shade:Asphyxiate","Shade:RitualOffering","Shade:GreyBargain"],"picked":"SKIP","floor":29},{"not_picked":["Shade:Premonition","Shade:FleshLikeOak+1","Shade:Asphyxiate"],"picked":"SKIP","floor":30},{"not_picked":["Shade:SanguineRitual+1","Shade:Brains","Shade:FleshOffering+1"],"picked":"SKIP","floor":35},{"not_picked":["Shade:Premonition","Shade:FleshOffering","Shade:PressTheAttack+1"],"picked":"SKIP","floor":36},{"not_picked":["Shade:Patience+1","Shade:Trample","Shade:DangerousRitual"],"picked":"SKIP","floor":38},{"not_picked":["Shade:AncientSpear","Shade:GreyBargain","Shade:SkeletonArmy+1"],"picked":"SKIP","floor":39},{"not_picked":["Shade:Bite_Shade","Shade:Trample","Shade:Awaken"],"picked":"SKIP","floor":41},{"not_picked":["Shade:CallOfTheGrave+1","Shade:Asphyxiate"],"picked":"Shade:FleshToFlesh+1","floor":44},{"not_picked":["Shade:ExtraLimbs+1","Shade:SkeletonArmy","Shade:DangerousRitual+1"],"picked":"SKIP","floor":46},{"not_picked":["Shade:PotionOfRestlessness","Shade:SpectralStrikes"],"picked":"Shade:Putrefaction","floor":48},{"not_picked":["Shade:CoffinDance","Shade:SkeletonHug"],"picked":"Shade:FuneraryJewels","floor":54}],"player_experience":880436,"relics_obtained":[{"floor":5,"key":"Calipers"},{"floor":6,"key":"jedi:matchstick"},{"floor":8,"key":"trackpad:Mousetrap"},{"floor":9,"key":"Meat on the Bone"},{"floor":10,"key":"jedi:crownofsimplicity"},{"floor":13,"key":"Toy Ornithopter"},{"floor":19,"key":"StuffTheSpire:HeavyRock"},{"floor":29,"key":"conspire:TopHat"},{"floor":43,"key":"Gremlin Food"},{"floor":44,"key":"SnailShell"},{"floor":46,"key":"Bag of Preparation"},{"floor":48,"key":"SpikesRelics:DaevaFist"},{"floor":49,"key":"CCEMRelics:FryingPan"},{"floor":54,"key":"Divine Protection"}],"event_choices":[{"damage_healed":23,"gold_gain":0,"player_choice":"Upgrade","damage_taken":13,"max_hp_gain":0,"max_hp_loss":65,"event_name":"betterThird:BetterShining","floor":2,"gold_loss":0,"cards_upgraded":["Shade:Defend_Shade","Pot Of Greed"]},{"damage_healed":0,"gold_gain":0,"player_choice":"1","damage_taken":0,"max_hp_gain":0,"max_hp_loss":0,"event_name":"betterMatch:BetterMatch","floor":14,"gold_loss":0,"cards_obtained":["betterMatch:ColorlessUncommonCard","betterMatch:RareCard","betterMatch:UncommonCard"]},{"cards_removed":["Shade:Strike_Shade"],"damage_healed":0,"gold_gain":0,"player_choice":"Purged","damage_taken":0,"max_hp_gain":0,"max_hp_loss":0,"event_name":"Purifier","floor":21,"gold_loss":0},{"cards_removed":["Shade:Defend_Shade"],"damage_healed":0,"gold_gain":0,"player_choice":"Removed Skill","damage_taken":0,"max_hp_gain":0,"max_hp_loss":0,"event_name":"Falling","floor":37,"gold_loss":0}],"is_beta":false,"boss_relics":[{"not_picked":["StuffTheSpire:Kangaroo","Runic Pyramid"],"picked":"StuffTheSpire:RunicConfusion"},{"not_picked":["vexMod:DeviousBotling","jedi:battlestandard"],"picked":"Dota2Spire:RefresherOrb"}],"items_purged_floors":[0,0,0,31,47],"is_endless":false,"potions_floor_spawned":[1,3,6,10,18,20,22,30,38,39,41,54],"ascension_level":13}}