{"host":"69rply1jf2d1wbmp","time":1608641882,"event":{"mods":["BaseMod","Minty Spire (QoL Compilation)","Quick Restart"],"gold_per_floor":[115,127,140,140,153,187,362,362,362,362,362,375,410,431,431,562,562,575,595,151,174,174,208,5,5,32,32,32,70,70,84,84,210,210,231,231,20,20,43,43,74,74,151,151,151],"floor_reached":44,"playtime":2035,"items_purged":["Strike_G","Regret","Doubt"],"score":532,"play_id":"6f05a5a8-f045-4f42-9c06-4ee7b09a5de6","local_time":"20201222075802","is_ascension_mode":false,"campfire_choices":[{"floor":8,"key":"REST"},{"floor":11,"key":"REST"},{"floor":15,"key":"REST"},{"floor":25,"key":"REST"},{"floor":27,"key":"REST"},{"floor":30,"key":"REST"},{"floor":32,"key":"RECALL"},{"data":"Envenom","floor":40,"key":"SMITH"},{"floor":42,"key":"REST"}],"circlet_count":0,"master_deck":["Strike_G+1","Strike_G+1","Strike_G+1","Defend_G+1","Defend_G+1","Defend_G+1","Defend_G+1","Survivor","Neutralize","Storm of Steel","Dagger Spray","Terror","Injury","Deflect+1","Envenom","Dagger Spray","Envenom+1","Bouncing Flask+1","Backflip","Blur","Bane+1","Bullet Time","Corpse Explosion","Noxious Fumes","Deflect+1","Writhe"],"relics":["Ring of the Snake","Golden Idol","HornCleat","Matryoshka","Letter Opener","Cursed Key","Toolbox","Bronze Scales","Whetstone","Omamori","Membership Card","War Paint","Juzu Bracelet","Toxic Egg 2","Calling Bell","Blood Vial","Darkstone Periapt","Dead Branch","TungstenRod","MealTicket","Bottled Flame"],"acts_visited":["Exordium","TheCity","TheBeyond"],"potions_floor_usage":[6,14,16,23,23,23,33,39,39,44],"damage_taken":[{"damage":0,"enemies":"Jaw Worm","floor":1,"turns":4},{"damage":0,"enemies":"2 Louse","floor":2,"turns":2},{"damage":0,"enemies":"Cultist","floor":3,"turns":3},{"damage":2,"enemies":"Looter","floor":5,"turns":4},{"damage":58,"enemies":"Lagavulin","floor":6,"turns":11},{"damage":3,"enemies":"Exordium Wildlife","floor":12,"turns":3},{"damage":19,"enemies":"3 Sentries","floor":13,"turns":9},{"damage":3,"enemies":"Large Slime","floor":14,"turns":4},{"damage":34,"enemies":"Hexaghost","floor":16,"turns":13},{"damage":15,"enemies":"Shell Parasite","floor":18,"turns":5},{"damage":34,"enemies":"2 Thieves","floor":19,"turns":5},{"damage":11,"enemies":"Slavers","floor":23,"turns":5},{"damage":6,"enemies":"Gremlin Leader","floor":29,"turns":5},{"damage":0,"enemies":"Cultist and Chosen","floor":31,"turns":4},{"damage":46,"enemies":"Automaton","floor":33,"turns":8},{"damage":7,"enemies":"3 Shapes","floor":35,"turns":3},{"damage":0,"enemies":"3 Darklings","floor":39,"turns":3},{"damage":46,"enemies":"Reptomancer","floor":41,"turns":6},{"damage":61,"enemies":"Giant Head","floor":44,"turns":7}],"seed_played":"3292159104614641784","potions_obtained":[{"floor":2,"key":"Fire Potion"},{"floor":5,"key":"SpeedPotion"},{"floor":6,"key":"SteroidPotion"},{"floor":13,"key":"AttackPotion"},{"floor":23,"key":"PowerPotion"},{"floor":29,"key":"Energy Potion"},{"floor":31,"key":"DistilledChaos"},{"floor":35,"key":"Energy Potion"},{"floor":39,"key":"Fruit Juice"}],"is_trial":false,"path_per_floor":["M","M","M","?","M","E","?","R","T","?","R","M","E","M","R","B",null,"M","M","$","T","?","E","$","R","T","R","?","E","R","M","R","B",null,"M","?","$","?","M","R","E","R","T","E"],"character_chosen":"THE_SILENT","items_purchased":["Toolbox","Backflip","Blur","Strength Potion","Block Potion","Membership Card","TungstenRod"],"campfire_rested":7,"item_purchase_floors":[20,20,20,20,20,24,37],"current_hp_per_floor":[70,70,70,70,68,10,10,31,31,31,52,49,30,27,48,14,70,55,21,21,21,21,10,10,31,31,52,52,46,67,67,67,21,70,63,63,63,63,70,70,26,48,54,0,0],"gold":151,"neow_bonus":"ONE_RANDOM_RARE_CARD","is_daily":false,"chose_seed":false,"campfire_upgraded":1,"win_rate":0.0,"timestamp":1608641882,"path_taken":["M","M","M","?","M","E","?","R","T","?","R","M","E","M","R","BOSS","M","M","$","?","?","E","?","R","T","R","?","E","R","M","R","BOSS","M","?","$","?","M","R","E","R","T","E"],"items_purchased_type":["Relic","Card","Card","Potion","Potion","Relic","Relic"],"build_version":"2020-12-13","purchased_purges":3,"victory":false,"max_hp_per_floor":[70,70,70,70,70,70,70,70,70,70,70,70,70,70,70,70,70,70,70,70,70,70,70,70,70,70,70,70,70,70,70,70,70,70,70,70,70,70,75,75,75,75,81,81,81],"card_choices":[{"not_picked":["PiercingWail","Dash"],"picked":"Dagger Spray","floor":1},{"not_picked":["Dash","Caltrops"],"picked":"Terror","floor":2},{"not_picked":["Masterful Stab","Cloak And Dagger","Deadly Poison"],"picked":"SKIP","floor":3},{"not_picked":["Endless Agony","Catalyst"],"picked":"Deflect","floor":5},{"not_picked":["Backflip","Deadly Poison"],"picked":"Envenom","floor":6},{"not_picked":["Blur","Sucker Punch","Bane"],"picked":"SKIP","floor":12},{"not_picked":["Cloak And Dagger","Calculated Gamble","Distraction"],"picked":"SKIP","floor":13},{"not_picked":["PiercingWail","Predator"],"picked":"Dagger Spray","floor":14},{"not_picked":["Storm of Steel","Grand Finale"],"picked":"Envenom","floor":16},{"not_picked":["Sucker Punch+1","Dodge and Roll","Dagger Throw+1"],"picked":"SKIP","floor":18},{"not_picked":["Underhanded Strike","All Out Attack"],"picked":"Bouncing Flask","floor":19},{"not_picked":["Leg Sweep","Acrobatics+1"],"picked":"Bane+1","floor":23},{"not_picked":["Deflect+1","Catalyst+1"],"picked":"Noxious Fumes","floor":29},{"not_picked":["Quick Slash","Backflip+1","Prepared+1"],"picked":"SKIP","floor":31},{"not_picked":["Acrobatics+1","Deflect+1","Dagger Throw+1"],"picked":"SKIP","floor":35},{"not_picked":["Skewer","Bane"],"picked":"Deflect+1","floor":39},{"not_picked":["Flying Knee+1","Deadly Poison+1","Underhanded Strike"],"picked":"SKIP","floor":41}],"player_experience":379702,"relics_obtained":[{"floor":6,"key":"HornCleat"},{"floor":9,"key":"Matryoshka"},{"floor":13,"key":"Letter Opener"},{"floor":21,"key":"Bronze Scales"},{"floor":21,"key":"Whetstone"},{"floor":23,"key":"Omamori"},{"floor":26,"key":"War Paint"},{"floor":26,"key":"Juzu Bracelet"},{"floor":29,"key":"Toxic Egg 2"},{"floor":34,"key":"Blood Vial"},{"floor":34,"key":"Darkstone Periapt"},{"floor":34,"key":"Dead Branch"},{"floor":41,"key":"MealTicket"},{"floor":43,"key":"Bottled Flame"}],"event_choices":[{"damage_healed":0,"gold_gain":0,"player_choice":"Take Wound","damage_taken":0,"relics_obtained":["Golden Idol"],"max_hp_gain":0,"max_hp_loss":0,"event_name":"Golden Idol","floor":4,"gold_loss":0,"cards_obtained":["Injury"]},{"damage_healed":0,"gold_gain":175,"player_choice":"AGREE","damage_taken":0,"max_hp_gain":0,"max_hp_loss":0,"event_name":"Liars Game","floor":7,"gold_loss":0,"cards_obtained":["Doubt"]},{"damage_healed":0,"gold_gain":0,"player_choice":"Ignored","damage_taken":0,"max_hp_gain":0,"max_hp_loss":0,"event_name":"NoteForYourself","floor":10,"gold_loss":0},{"damage_healed":0,"gold_gain":0,"player_choice":"Simplicity","damage_taken":0,"max_hp_gain":0,"max_hp_loss":0,"event_name":"Back to Basics","floor":22,"gold_loss":0,"cards_upgraded":["Strike_G","Strike_G","Defend_G","Defend_G","Defend_G","Defend_G","Defend_G"]},{"damage_healed":0,"gold_gain":0,"cards_transformed":["Strike_G","Defend_G"],"player_choice":"Became Test Subject","damage_taken":0,"max_hp_gain":0,"max_hp_loss":0,"event_name":"Drug Dealer","floor":28,"gold_loss":0,"cards_obtained":["Bullet Time","Corpse Explosion"]},{"damage_healed":0,"gold_gain":0,"player_choice":"Ignored","damage_taken":0,"max_hp_gain":0,"max_hp_loss":0,"event_name":"Tomb of Lord Red Mask","floor":36,"gold_loss":0},{"damage_healed":0,"gold_gain":0,"player_choice":"Memory 1","damage_taken":0,"max_hp_gain":0,"max_hp_loss":0,"event_name":"SensoryStone","floor":38,"gold_loss":0}],"is_beta":false,"boss_relics":[{"not_picked":["Runic Dome","Runic Pyramid"],"picked":"Cursed Key"},{"not_picked":["Coffee Dripper","Black Star"],"picked":"Calling Bell"}],"items_purged_floors":[20,24,37],"is_endless":false,"potions_floor_spawned":[2,5,6,13,23,29,31,35,39],"killed_by":"Giant Head","ascension_level":0}}