{"host":"yp2ga117svxnbcen","time":1608680431,"event":{"mods":["Act Like it!","Aspiration","BaseMod","BetterRewards","ChefMod","Colored Map","Conspire","Custom Start","Downfall","Elementarium","Gensokyo","GifTheSpireLib","Gold Saver","GungeonMod","Halation","Hallownest","Hermit","HornydragonMod","Hubris","Menagerie","Minty Spire (QoL Compilation)","Quick Restart","Remove Card Discount Mod","Replay The Spire","Shop Mod","Spicy Shops","StSLib","Stuff the Spire","The Blue Laboratory","The IronCluck","egg","slay the spire mod where everything is the same but ironclad has a cowboy hat","vexMod","??????REMEMod"],"gold_per_floor":[336,351,87,87,104,104,104,135,135,165,177,301,301,13,31,135,135,135,152,152,152,0,18,18,174,193,218,374,396,408,408,432,432,432,432],"floor_reached":33,"playtime":1428,"items_purged":["Injury","hexamod:Strike","hexamod:Defend","hexamod:Sear","Amnesia","hexamod:Strike","hexamod:FourthSeal","hexamod:Strike"],"score":451,"play_id":"1231c309-5d97-4a44-9d86-4c33f104651c","local_time":"20201222154031","is_ascension_mode":true,"campfire_choices":[{"data":"Adrenaline","floor":1,"key":"SMITH"},{"data":"hexamod:DynamicBlow","floor":6,"key":"SMITH"},{"data":"hexamod:GhostLash","floor":9,"key":"SMITH"},{"data":"hexamod:GhostLash","floor":13,"key":"SMITH"},{"floor":18,"key":"RECALL"}],"circlet_count":0,"master_deck":["hexamod:Defend+1","hexamod:Defend+1","hexamod:Defend","hexamod:Float+1","Adrenaline+1","hexamod:GhostLash+1","hexamod:Firestarter+1","hexamod:DynamicBlow+1","hexamod:FirstSeal","hexamod:StepThrough+1","hexamod:GhostShield+1","hexamod:GhostLash+1","hexamod:ParanormalForm","hexamod:FifthSeal","hexamod:SixthSeal","hexamod:GhostLash+1","hexamod:SecondSeal","hexamod:GhostLash+1","hexamod:StepThrough+1","hexamod:ThirdSeal","hexamod:SixthSeal","hexamod:StepThrough+1","hexamod:Incineration","hexamod:FourthSeal","hexamod:EmpoweringStance","hexamod:FirstSeal","hexamod:Hexaguard+1","hexamod:ParanormalForm","hexamod:SixthSeal","hexamod:ThirdSeal"],"relics":["hexamod:SpiritBrand","REME_ComplimentaryCards","Anchor","vexMod:TimeEaterHat","Mummified Hand","StuffTheSpire:TintedRock","Eternal Feather","hubris:EmptyBottle","SacredBark","Ring of Misfortune","ReplayTheSpireMod:Ring of Exchange","conspire:BottledYoYo","Singing Bowl","InkBottle"],"acts_visited":["Exordium","TheCity"],"potions_floor_usage":[10,14,16,16,16,16,16,16,19,19,22,22,22,22,25,25,25,27,28,28,28,29,30,30,33,33],"damage_taken":[{"damage":0,"enemies":"Jaw Worm","floor":2,"turns":3},{"damage":0,"enemies":"downfall:FleeingMerchant","floor":3,"turns":4},{"damage":6,"enemies":"2 Louse","floor":5,"turns":3},{"damage":3,"enemies":"Replay:BlueRogue","floor":8,"turns":5},{"damage":17,"enemies":"Lagavulin","floor":10,"turns":5},{"damage":0,"enemies":"Small Slimes","floor":11,"turns":2},{"damage":0,"enemies":"Gremlin Nob","floor":12,"turns":3},{"damage":0,"enemies":"downfall:FleeingMerchant","floor":14,"turns":4},{"damage":2,"enemies":"Gremlin Gang","floor":15,"turns":4},{"damage":0,"enemies":"downfall:Watcher","floor":16,"turns":4},{"damage":3,"enemies":"3 Byrds","floor":19,"turns":6},{"damage":4,"enemies":"downfall:FleeingMerchant","floor":22,"turns":4},{"damage":0,"enemies":"Spheric Guardian","floor":23,"turns":3},{"damage":33,"enemies":"REME_1_Revenger","floor":25,"turns":3},{"damage":7,"enemies":"Chosen and Byrds","floor":26,"turns":5},{"damage":8,"enemies":"Centurion and Healer","floor":27,"turns":5},{"damage":51,"enemies":"Gremlin Leader","floor":28,"turns":6},{"damage":12,"enemies":"Cultist and Chosen","floor":29,"turns":5},{"damage":9,"enemies":"Shelled Parasite and Fungi","floor":30,"turns":5},{"damage":4,"enemies":"Sentry and Sphere","floor":32,"turns":4},{"damage":89,"enemies":"downfall:Silent","floor":33,"turns":8}],"seed_played":"5937557823964518399","potions_obtained":[{"floor":2,"key":"Guardian:BlockOnCardUsePotion"},{"floor":5,"key":"Swift Potion"},{"floor":8,"key":"Milkshake"},{"floor":12,"key":"Languid Potion"},{"floor":12,"key":"Weak Potion"},{"floor":14,"key":"Toxic Potion"},{"floor":16,"key":"FearPotion"},{"floor":19,"key":"Ancient Potion"},{"floor":21,"key":"DistilledChaos"},{"floor":21,"key":"BlessingOfTheForge"},{"floor":22,"key":"blueLaboratory:HorrorPotion"},{"floor":27,"key":"blueLaboratory:FruitPunch"},{"floor":29,"key":"Regen Potion"},{"floor":30,"key":"SkillPotion"}],"is_trial":false,"path_per_floor":["R","M","$","?","M","R","T","E","R","E","M","E","R","$","M","B",null,"R","M","?","?","$","M","T","E","M","M","E","M","M","?","M","B"],"character_chosen":"THE_SPIRIT","items_purchased":["hexamod:FourthSeal","hexamod:DynamicBlow","vexMod:TimeEaterHat","hubris:EmptyBottle","blueLaboratory:BottleOfRum","blueLaboratory:FrostheartPotion","hexamod:StepThrough","Dexterity Potion"],"campfire_rested":0,"item_purchase_floors":[3,3,3,14,14,14,22,22],"current_hp_per_floor":[70,70,70,70,64,64,64,68,68,58,65,70,70,70,70,70,70,70,67,67,67,70,70,70,46,48,47,15,3,84,84,89,0,0,0],"gold":432,"neow_bonus":"RANDOM_COMMON_RELIC","is_daily":false,"chose_seed":false,"campfire_upgraded":4,"win_rate":0.0,"timestamp":1608680431,"path_taken":["R","M","$","?","M","R","T","E","R","E","M","E","R","?","M","BOSS","R","M","?","?","$","M","T","E","?","M","E","M","M","?","M","BOSS"],"items_purchased_type":["Card","Card","Relic","Relic","Potion","Potion","Card","Potion"],"build_version":"2020-12-13","purchased_purges":8,"victory":false,"max_hp_per_floor":[70,70,70,70,70,70,70,70,70,70,70,70,70,70,70,70,70,70,70,70,70,70,70,70,72,74,74,86,86,88,88,90,90,90,90],"card_choices":[{"not_picked":["hexamod:ShieldOfDarkness","hexamod:NightmareGuise"],"picked":"hexamod:GhostLash","floor":2},{"not_picked":["hexamod:GhostOfSpirePast","hexamod:RecurringNightmare"],"picked":"hexamod:Firestarter","floor":3},{"not_picked":["hexamod:TimeWarp","hexamod:EtherealExpedition"],"picked":"hexamod:FirstSeal","floor":5},{"not_picked":["hexamod:BurningTouch","hexamod:Hexaguard"],"picked":"hexamod:StepThrough","floor":8},{"not_picked":["hexamod:HeatShield","hexamod:BacktrackSmack"],"picked":"hexamod:GhostShield","floor":10},{"not_picked":["hexamod:GhostflameBarrier","hexamod:EtherealExpedition"],"picked":"hexamod:GhostLash","floor":11},{"not_picked":["hexamod:ExtraCrispy","hexamod:Rewind","hexamod:BacktrackSmack"],"picked":"SKIP","floor":12},{"not_picked":["hexamod:RetreatToShadows","hexamod:SpectralAdrenaline","hexamod:ExtraCrispy"],"picked":"SKIP","floor":14},{"not_picked":["hexamod:GhostShield","hexamod:InspiringFlames"],"picked":"hexamod:ParanormalForm","floor":15},{"not_picked":["hexamod:SearingWound","hexamod:ApocalypseNow"],"picked":"hexamod:FifthSeal","floor":16},{"not_picked":["hexamod:SecondSeal","hexamod:FirstSeal"],"picked":"hexamod:SixthSeal","floor":19},{"not_picked":["hexamod:Hexaguard","hexamod:GhostOfSpirePresent+1"],"picked":"hexamod:GhostLash+1","floor":19},{"not_picked":["hexamod:ThirdSeal","hexamod:FourthSeal"],"picked":"hexamod:SecondSeal","floor":22},{"not_picked":["hexamod:HeatCrush","hexamod:BurningTouch"],"picked":"hexamod:GhostLash+1","floor":22},{"not_picked":["hexamod:NecessarySacrifice","hexamod:AdvancingGuard","hexamod:SwordOfDarkness"],"picked":"SKIP","floor":23},{"not_picked":["hexamod:SoulSteal","hexamod:SkipABeat","hexamod:RecurringNightmare"],"picked":"Singing Bowl","floor":25},{"not_picked":["hexamod:FirstSeal","hexamod:SecondSeal"],"picked":"hexamod:ThirdSeal","floor":26},{"not_picked":["hexamod:AdvancingGuard","hexamod:ShieldOfDarkness","hexamod:InspiringFlames"],"picked":"Singing Bowl","floor":26},{"not_picked":["hexamod:ThirdSeal","hexamod:SecondSeal"],"picked":"hexamod:SixthSeal","floor":27},{"not_picked":["hexamod:FastForward","hexamod:ExtraCrispy"],"picked":"hexamod:StepThrough+1","floor":27},{"not_picked":["hexamod:HauntingEcho","hexamod:Firestarter"],"picked":"hexamod:Incineration","floor":27},{"not_picked":["hexamod:ThirdSeal","hexamod:FirstSeal"],"picked":"hexamod:FourthSeal","floor":28},{"not_picked":["hexamod:RadiantFlame","hexamod:ThermalTransfer","hexamod:RainOfEmbers+1"],"picked":"Singing Bowl","floor":28},{"not_picked":["hexamod:GhostShield","hexamod:EmpoweredFlame","hexamod:RadiantFlame"],"picked":"Singing Bowl","floor":28},{"not_picked":["hexamod:GhostflameBarrier","hexamod:FastForward"],"picked":"hexamod:EmpoweringStance","floor":29},{"not_picked":["hexamod:SecondSeal","hexamod:ThirdSeal"],"picked":"hexamod:FirstSeal","floor":29},{"not_picked":["hexamod:InspiringFlames+1","hexamod:NightmareGuise"],"picked":"hexamod:Hexaguard","floor":29},{"not_picked":["hexamod:GhostShield","hexamod:RainOfEmbers+1"],"picked":"hexamod:ParanormalForm","floor":30},{"not_picked":["hexamod:SecondSeal","hexamod:FourthSeal"],"picked":"hexamod:SixthSeal","floor":30},{"not_picked":["hexamod:InspiringFlames+1","hexamod:FastForward","hexamod:RadiantFlame"],"picked":"Singing Bowl","floor":30},{"not_picked":["hexamod:FirstSeal","hexamod:SixthSeal"],"picked":"hexamod:ThirdSeal","floor":32},{"not_picked":["hexamod:GhostLash","hexamod:InspiringFlames","hexamod:Incineration+1"],"picked":"Singing Bowl","floor":32}],"player_experience":1153568,"relics_obtained":[{"floor":8,"key":"Mummified Hand"},{"floor":10,"key":"StuffTheSpire:TintedRock"},{"floor":12,"key":"DemoMod:WeirdEgg"},{"floor":20,"key":"Ring of Misfortune"},{"floor":20,"key":"ReplayTheSpireMod:Ring of Exchange"},{"floor":24,"key":"conspire:BottledYoYo"},{"floor":25,"key":"Singing Bowl"},{"floor":28,"key":"InkBottle"}],"event_choices":[{"cards_removed":["hexamod:Strike"],"damage_healed":0,"gold_gain":0,"player_choice":"Purged","damage_taken":0,"max_hp_gain":0,"max_hp_loss":0,"event_name":"Purifier","floor":4,"gold_loss":0},{"damage_healed":0,"gold_gain":0,"player_choice":"Got Potions","damage_taken":0,"max_hp_gain":0,"max_hp_loss":0,"event_name":"Lab","floor":21,"gold_loss":0}],"is_beta":false,"boss_relics":[{"not_picked":["Painkiller Herb","vexMod:BigBerry"],"picked":"SacredBark"}],"items_purged_floors":[3,14,14,14,22,22,22,22],"is_endless":false,"potions_floor_spawned":[2,12,16,26,27,32],"killed_by":"downfall:Silent","ascension_level":1}}