{"host":"en2x92781756fov2","time":1608667988,"event":{"mods":["AchievementEnabler","Aspiration","BaseMod","Clockwork Mod","Colored Map","Conspire","Downfall","Energized Spire","Halation","Highlight Path","Mimic Mod","Minty Spire (QoL Compilation)","Quarter Circle Forward PUNCH!","Quick Restart","Remove Card Discount Mod","Replay The Spire","SIMod","StSLib","[IsaacMod]????","vexMod"],"gold_per_floor":[117,117,128,128,145,177,177,191,214,514,549,561,581,606,606,606,606],"floor_reached":16,"playtime":968,"items_purged":[],"score":122,"play_id":"e5127443-c198-4fdd-9bcd-c5abb1fcca2b","local_time":"20201222151308","is_ascension_mode":false,"campfire_choices":[{"data":"GemstoneDetection","floor":7,"key":"SMITH"},{"floor":15,"key":"REST"}],"circlet_count":0,"master_deck":["Strike_AJ","Strike_TS","Strike_RR","Strike_RD","Defend_TS","Defend_PP","Defend_FS","Defend_AJ","ConcertedEfforts","HarmonyShield","Tornado","Anxiousness","GemstoneDetection+1","CheerUp","AllByMyself","Pot Of Greed","Pot Of Greed","Whining","FriendshipIsMagic"],"relics":["The_element_of_harmony","HushsDoor","TheBean","NeowsBlessing","conspire:Boomerang","DoctorsRemote","Grinning Jar","halation:KoshaPiece","Toy Ornithopter"],"acts_visited":["Exordium"],"potions_floor_usage":[11,16,16,16],"damage_taken":[{"damage":0,"enemies":"2 Louse","floor":1,"turns":2},{"damage":2,"enemies":"conspire:RoseBush","floor":3,"turns":1},{"damage":0,"enemies":"Cultist","floor":5,"turns":1},{"damage":30,"enemies":"Gremlin Nob","floor":6,"turns":5},{"damage":1,"enemies":"2 Fungi Beasts","floor":8,"turns":2},{"damage":9,"enemies":"3 Sentries","floor":11,"turns":3},{"damage":15,"enemies":"Exordium Wildlife","floor":12,"turns":2},{"damage":3,"enemies":"Looter","floor":13,"turns":2},{"damage":16,"enemies":"Gremlin Nob","floor":14,"turns":3},{"damage":69,"enemies":"Fading Forest","floor":16,"turns":11}],"seed_played":"2826732373646121647","potions_obtained":[{"floor":3,"key":"sneckomod:MuddlingPotion"},{"floor":8,"key":"BlessingOfTheForge"},{"floor":11,"key":"SkillPotion"},{"floor":12,"key":"champ:CounterPotion"}],"is_trial":false,"path_per_floor":["M","?","M","?","M","E","R","M","T","?","E","M","M","E","R","B"],"character_chosen":"TWI_CLASS","items_purchased":[],"campfire_rested":1,"item_purchase_floors":[],"current_hp_per_floor":[82,79,77,77,77,47,47,46,46,46,37,22,19,3,27,0,0],"gold":606,"neow_bonus":"THREE_ENEMY_KILL","is_daily":false,"chose_seed":false,"campfire_upgraded":1,"win_rate":0.0,"timestamp":1608667988,"path_taken":["M","?","?","?","M","E","R","M","T","?","E","M","M","E","R","BOSS"],"items_purchased_type":[],"build_version":"2020-12-13","purchased_purges":0,"victory":false,"max_hp_per_floor":[82,82,82,82,82,82,82,82,82,82,82,82,82,82,82,82,82],"card_choices":[{"not_picked":["Winterwrapup"],"picked":"Tornado","floor":1},{"not_picked":["ThunderCloud"],"picked":"Anxiousness","floor":1},{"not_picked":["Return_To_Past","TakeTheLead"],"picked":"SKIP","floor":3},{"not_picked":["HideCarefully","Return_To_Past"],"picked":"SKIP","floor":3},{"not_picked":["PartyTime","Anxiousness"],"picked":"SKIP","floor":5},{"not_picked":["Dear_Princess","BehindTheScene"],"picked":"SKIP","floor":5},{"not_picked":["PartyAlone"],"picked":"GemstoneDetection","floor":6},{"not_picked":["Return_To_Past"],"picked":"CheerUp","floor":6},{"not_picked":["BehindTheScene"],"picked":"AllByMyself","floor":8},{"not_picked":["KillingWithKindness","ServeMeal"],"picked":"SKIP","floor":8},{"not_picked":["Batlization"],"picked":"Whining","floor":11},{"not_picked":["AppleFever","Anxiousness"],"picked":"SKIP","floor":11},{"not_picked":["ServeMeal"],"picked":"Bomb","floor":12},{"not_picked":["GemstoneDetection"],"picked":"FriendshipIsMagic","floor":12},{"not_picked":["Perfectionism","Lasso"],"picked":"SKIP","floor":13},{"not_picked":["Magic","Generousity"],"picked":"SKIP","floor":13},{"not_picked":["Boundary","TwentyPercentcooler"],"picked":"SKIP","floor":14},{"not_picked":["Magic","TasteRainbow"],"picked":"SKIP","floor":14}],"player_experience":2010913,"relics_obtained":[{"floor":6,"key":"DoctorsRemote"},{"floor":9,"key":"Grinning Jar"},{"floor":11,"key":"halation:KoshaPiece"},{"floor":14,"key":"Toy Ornithopter"}],"event_choices":[{"damage_healed":0,"gold_gain":0,"player_choice":"Success","damage_taken":3,"relics_obtained":["conspire:Boomerang"],"max_hp_gain":0,"max_hp_loss":0,"event_name":"Scrap Ooze","floor":2,"gold_loss":0}],"is_beta":false,"boss_relics":[],"items_purged_floors":[],"is_endless":false,"potions_floor_spawned":[3,8,11,12,14],"killed_by":"Fading Forest","ascension_level":0}}