{"host":"vtakxgab1vu2j1nx","time":1608600703,"event":{"mods":["AchievementEnabler","BaseMod","Colored Map","Minty Spire (QoL Compilation)","Quick Restart","SuperFastMode"],"gold_per_floor":[116,129,140,159,173,173,205,205,255,220,234,259,221,232,232,328,328,342,342,352,34,46,46,46,46,46,59,72,72,72,72],"floor_reached":30,"playtime":679,"items_purged":[],"score":305,"play_id":"c0ea7115-62e4-4aee-970b-2b1df0814490","local_time":"20201221203143","is_ascension_mode":true,"campfire_choices":[{"data":"Blade Dance","floor":6.0,"key":"SMITH"},{"data":"Envenom","floor":8.0,"key":"SMITH"},{"floor":15.0,"key":"REST"},{"floor":23.0,"key":"REST"},{"floor":25.0,"key":"REST"},{"floor":29,"key":"REST"}],"circlet_count":0,"master_deck":["Strike_G","Strike_G","Defend_G","Defend_G","Defend_G","Defend_G","Defend_G","Survivor","Neutralize","All Out Attack+1","Wraith Form v2+1","A Thousand Cuts+1","Blade Dance","Backflip","Blade Dance+1","Blade Dance","Envenom+1","Cloak And Dagger","Bane","Noxious Fumes","Corpse Explosion","Noxious Fumes+1","Decay","Deflect","Panache","Slice","Flechettes+1"],"relics":["Astrolabe","Orichalcum","Happy Flower","StrikeDummy","Black Star","Boot","Nilry\u0027s Codex"],"acts_visited":["TheCity"],"potions_floor_usage":[28,28],"damage_taken":[{"damage":7.0,"enemies":"Jaw Worm","floor":1.0,"turns":3.0},{"damage":7.0,"enemies":"Small Slimes","floor":2.0,"turns":3.0},{"damage":0.0,"enemies":"2 Louse","floor":3.0,"turns":1.0},{"damage":5.0,"enemies":"Gremlin Gang","floor":4.0,"turns":2.0},{"damage":7.0,"enemies":"2 Fungi Beasts","floor":5.0,"turns":3.0},{"damage":1.0,"enemies":"Gremlin Nob","floor":7.0,"turns":4.0},{"damage":0.0,"enemies":"Looter","floor":11.0,"turns":1.0},{"damage":14.0,"enemies":"Lagavulin","floor":12.0,"turns":5.0},{"damage":4.0,"enemies":"Gremlin Gang","floor":14.0,"turns":2.0},{"damage":31.0,"enemies":"The Guardian","floor":16.0,"turns":9.0},{"damage":34.0,"enemies":"2 Thieves","floor":18.0,"turns":3.0},{"damage":16.0,"enemies":"Chosen","floor":20.0,"turns":5.0},{"damage":5.0,"enemies":"Snake Plant","floor":22.0,"turns":5.0},{"damage":21.0,"enemies":"3 Cultists","floor":27.0,"turns":4.0},{"damage":9,"enemies":"Chosen and Byrds","floor":28,"turns":4},{"damage":0,"enemies":"Centurion and Healer","floor":30,"turns":1}],"seed_played":"6015990473317465988","potions_obtained":[{"floor":1.0,"key":"EssenceOfSteel"},{"floor":2.0,"key":"BlessingOfTheForge"},{"floor":4.0,"key":"LiquidMemories"},{"floor":16.0,"key":"DuplicationPotion"},{"floor":20.0,"key":"Weak Potion"},{"floor":22.0,"key":"Weak Potion"},{"floor":27,"key":"Explosive Potion"}],"is_trial":false,"path_per_floor":["M","M","M","M","M","R","E","R","T","?","M","E","$","M","R","B",null,"M","?","M","$","M","R","?","R","T","M","M","R","M"],"character_chosen":"THE_SILENT","items_purchased":["Noxious Fumes","Boot","Panache"],"campfire_rested":4,"item_purchase_floors":[13,21,21],"current_hp_per_floor":[63,56,56,51,44,44,43,43,43,60,60,46,46,42,63,32,61,27,27,11,11,6,27,11,32,32,11,2,23,23,23],"gold":72,"neow_bonus":"BOSS_RELIC","is_daily":false,"chose_seed":false,"campfire_upgraded":2,"win_rate":0.0,"timestamp":1608600703,"path_taken":["M","M","M","M","M","R","E","R","T","?","M","E","$","M","R","BOSS","M","?","M","$","M","R","?","R","T","M","M","R","M"],"items_purchased_type":["Card","Relic","Card"],"build_version":"2020-12-13","purchased_purges":0,"victory":false,"max_hp_per_floor":[70,70,70,70,70,70,70,70,70,70,70,70,70,70,70,70,70,70,70,70,70,70,70,70,70,70,70,70,70,70,70],"card_choices":[{"not_picked":["Concentrate","Bane"],"picked":"Blade Dance","floor":1.0},{"not_picked":["Crippling Poison","Sucker Punch"],"picked":"Backflip","floor":2.0},{"not_picked":["Dagger Throw","Setup"],"picked":"Blade Dance","floor":3.0},{"not_picked":["Finisher","Acrobatics"],"picked":"Blade Dance","floor":4.0},{"not_picked":["Concentrate","Backflip","Deadly Poison"],"picked":"SKIP","floor":5.0},{"not_picked":["Quick Slash","Deflect"],"picked":"Envenom","floor":7.0},{"not_picked":["Poisoned Stab","Quick Slash"],"picked":"Cloak And Dagger","floor":11.0},{"not_picked":["Terror","Malaise"],"picked":"Bane","floor":12.0},{"not_picked":["Concentrate","Underhanded Strike","Noxious Fumes"],"picked":"SKIP","floor":14.0},{"not_picked":["Venomology","A Thousand Cuts"],"picked":"Corpse Explosion","floor":16.0},{"not_picked":["Prepared","Backflip"],"picked":"Noxious Fumes+1","floor":18.0},{"not_picked":["Dagger Throw","Deadly Poison+1"],"picked":"Deflect","floor":20.0},{"not_picked":["Backflip","Dagger Spray"],"picked":"Slice","floor":22.0},{"not_picked":["PiercingWail","Infinite Blades"],"picked":"Flechettes+1","floor":27},{"not_picked":["Slice","Poisoned Stab","Sucker Punch"],"picked":"SKIP","floor":28}],"player_experience":184948,"relics_obtained":[{"floor":7.0,"key":"Orichalcum"},{"floor":9.0,"key":"Happy Flower"},{"floor":12.0,"key":"StrikeDummy"},{"floor":24.0,"key":"Nilry\u0027s Codex"}],"event_choices":[{"damage_healed":17.0,"max_hp_gain":0.0,"max_hp_loss":0.0,"gold_gain":0.0,"event_name":"The Cleric","player_choice":"Healed","floor":10.0,"gold_loss":35.0,"damage_taken":0.0},{"damage_healed":0.0,"max_hp_gain":0.0,"max_hp_loss":0.0,"gold_gain":0.0,"event_name":"Forgotten Altar","player_choice":"Smashed Altar","floor":19.0,"gold_loss":0.0,"damage_taken":0.0,"cards_obtained":["Decay"]},{"damage_healed":0.0,"max_hp_gain":0.0,"max_hp_loss":0.0,"gold_gain":0.0,"event_name":"Cursed Tome","player_choice":"Obtained Book","floor":24.0,"gold_loss":0.0,"damage_taken":16.0}],"is_beta":false,"boss_relics":[{"not_picked":["Empty Cage","SacredBark"],"picked":"Black Star"}],"items_purged_floors":[],"is_endless":false,"potions_floor_spawned":[1,2,4,16,20,22,27],"killed_by":"Centurion and Healer","ascension_level":5}}