{"host":"63o2iqaaus9jfjk5","time":1608624688,"event":{"mods":["AchievementEnabler","BaseMod","Bestiary","Better Altar","Better Match","Better Note","Better Sensory Stone","Better Skull","Better Third Choice","Better Vampires","Better-Laid Plans","BetterRewards","Block Reminder","Colored Powertips","Displayed Cursed Tome","GifTheSpireLib","Lobotomy","Minty Spire (QoL Compilation)","RNG Fix","Random Character Button","Red Circlet Mod","Relic Stats","StSLib","Unceasing Turn Reminder"],"gold_per_floor":[112,112,112,112,68,68,68,68,68,81,81,94,107,107,107,231,231,244,5,29,29,29,29,29,29,54,54,69,69,69,105,105,230,230,244,262,109,109,109,109,128,147,147,166,166,166,229,229,229,229],"floor_reached":51,"playtime":3987,"items_purged":["Injury"],"score":799,"play_id":"c3b9a685-f2b0-404d-8e03-1e5ea320c7a0","local_time":"20201222021128","is_ascension_mode":false,"campfire_choices":[{"floor":6,"key":"REST"},{"data":"Blind","floor":8,"key":"SMITH"},{"data":"Body Slam","floor":15,"key":"SMITH"},{"data":"Metallicize","floor":23,"key":"SMITH"},{"data":"Cleave","floor":25,"key":"SMITH"},{"data":"Flame Barrier","floor":30,"key":"SMITH"},{"floor":32,"key":"REST"},{"data":"Madness","floor":40,"key":"SMITH"},{"floor":49,"key":"REST"}],"circlet_count":0,"master_deck":["Strike_R+1","Strike_R","Strike_R","Strike_R","Strike_R","Defend_R","Defend_R","Defend_R","Defend_R+1","Bash","PunishingBird","Shrug It Off+1","Blind+1","MeltingLove","Body Slam+1","UniverseFragment","Intimidate+1","Murderer","Thunderclap","WhitesApple","Immolate","Cleave+1","Parasite","Metallicize+1","Parasite","BodiesMountain","Flame Barrier+1","Parasite","HappyTeddy","Ghostly Armor","Parasite","Wellcheers","Reaper+1","CurseOfTheBell","Parasite","OSAHOGD","Anger+1","Parasite","RedShoes","Flex+1","Pommel Strike+1","Twin Strike+1","Madness+1","Madness+1","QueenOfHatred","Infernal Blade+1","Parasite","Rudolta","Clash+1","WallGazer","Inflame","Parasite","Laetitia","Iron Wave+1","Parasite"],"relics":["Burning Blood","CogitoBucket","betterThird:SlimedRelic","Strawberry","Golden Idol","Mark of Pain","LuminousBracelet","Molten Egg 2","Regal Pillow","Shuriken","Toy Ornithopter","Calling Bell","Anchor","Mummified Hand","Peace Pipe","BackwardClock","Oddly Smooth Stone","Pantograph","Champion Belt","Kunai"],"acts_visited":["Exordium","TheCity","TheBeyond"],"potions_floor_usage":[16,33,33,35,44,44,50],"damage_taken":[{"damage":1,"enemies":"2 Louse","floor":1,"turns":3},{"damage":6,"enemies":"Cultist","floor":10,"turns":4},{"damage":12,"enemies":"Jaw Worm","floor":12,"turns":7},{"damage":8,"enemies":"3 Louse","floor":13,"turns":5},{"damage":32,"enemies":"The Guardian","floor":16,"turns":12},{"damage":6,"enemies":"3 Byrds","floor":18,"turns":2},{"damage":5,"enemies":"Chosen","floor":20,"turns":6},{"damage":4,"enemies":"Snake Plant","floor":28,"turns":4},{"damage":69,"enemies":"Gremlin Leader","floor":31,"turns":9},{"damage":97,"enemies":"Collector","floor":33,"turns":11},{"damage":5,"enemies":"3 Shapes","floor":35,"turns":5},{"damage":0,"enemies":"Orb Walker","floor":36,"turns":3},{"damage":32,"enemies":"Sphere and 2 Shapes","floor":41,"turns":7},{"damage":31,"enemies":"Maw","floor":42,"turns":8},{"damage":28,"enemies":"Transient","floor":44,"turns":5},{"damage":99,"enemies":"Mind Bloom Boss Battle","floor":47,"turns":8},{"damage":151,"enemies":"Donu and Deca","floor":50,"turns":11}],"seed_played":"702699496030717389","potions_obtained":[{"floor":12,"key":"CultistPotion"},{"floor":16,"key":"LiquidBronze"},{"floor":18,"key":"SteroidPotion"},{"floor":31,"key":"Explosive Potion"},{"floor":35,"key":"Explosive Potion"},{"floor":41,"key":"AttackPotion"},{"floor":44,"key":"DuplicationPotion"}],"is_trial":false,"path_per_floor":["M","?","?","?","?","R","?","R","T","M","?","M","M","?","R","B",null,"M","$","M","?","?","R","?","R","T","T","M","?","R","E","R","B",null,"M","M","$","?","?","R","M","M","T","M","?","T","?","T","R","B",null],"character_chosen":"IRONCLAD","items_purchased":["Molten Egg 2","Pommel Strike+1","Twin Strike+1"],"campfire_rested":3,"item_purchase_floors":[19,37,37],"current_hp_per_floor":[80,80,64,64,53,77,77,77,84,84,84,87,85,85,85,59,87,102,102,102,102,102,102,87,87,87,87,91,91,91,57,102,35,102,102,102,102,89,89,89,90,92,92,83,83,83,41,41,83,55],"gold":229,"neow_bonus":"","is_daily":false,"chose_seed":false,"campfire_upgraded":6,"win_rate":0.0,"timestamp":1608624688,"path_taken":["M","?","?","?","?","R","?","R","T","M","?","M","?","?","R","BOSS","M","$","?","?","?","R","?","R","T","?","?","?","R","E","R","BOSS","M","M","$","?","?","R","M","?","T","M","?","?","?","?","R","BOSS"],"items_purchased_type":["Relic","Card","Card"],"build_version":"2020-12-13","purchased_purges":1,"victory":true,"max_hp_per_floor":[80,80,80,80,80,80,80,80,87,87,87,87,87,87,87,87,87,102,102,102,102,102,102,102,102,102,102,102,102,102,102,102,102,102,102,102,102,102,102,102,102,92,92,92,92,92,92,92,92,92],"relic_stats":{"Peace Pipe":0,"Regal Pillow":30,"counters":[19,112],"Golden Idol":124,"Shuriken":[10],"Mummified Hand":[8],"Pantograph":18,"Champion Belt":[1],"Kunai":[3],"obtain_stats":[{"BackwardClock":35,"Regal Pillow":26,"Golden Idol":14,"LuminousBracelet":18,"Oddly Smooth Stone":43,"Burning Blood":0,"Yang_Lob":20,"Calling Bell":34,"Peace Pipe":34,"CogitoBucket":0,"Anchor":34,"Shuriken":27,"Mummified Hand":34,"betterThird:SlimedRelic":5,"Strawberry":9,"Pantograph":46,"Molten Egg 2":19,"Mark of Pain":17,"Champion Belt":47,"Kunai":48,"Toy Ornithopter":31},{"BackwardClock":13,"Regal Pillow":8,"Golden Idol":4,"LuminousBracelet":7,"Oddly Smooth Stone":16,"Burning Blood":0,"Yang_Lob":8,"Calling Bell":11,"Peace Pipe":11,"CogitoBucket":0,"Anchor":11,"Shuriken":8,"Mummified Hand":11,"betterThird:SlimedRelic":1,"Strawberry":1,"Pantograph":17,"Molten Egg 2":7,"Mark of Pain":5,"Champion Belt":18,"Kunai":18,"Toy Ornithopter":10},{"BackwardClock":70,"Regal Pillow":40,"Golden Idol":19,"LuminousBracelet":34,"Oddly Smooth Stone":88,"Burning Blood":0,"Yang_Lob":40,"Calling Bell":64,"Peace Pipe":64,"CogitoBucket":0,"Anchor":64,"Shuriken":40,"Mummified Hand":64,"betterThird:SlimedRelic":3,"Strawberry":3,"Pantograph":93,"Molten Egg 2":34,"Mark of Pain":31,"Champion Belt":101,"Kunai":101,"Toy Ornithopter":53}],"Burning Blood":72,"Toy Ornithopter":5},"card_choices":[{"not_picked":["ShyLook","FairyFestival"],"picked":"PunishingBird","floor":1},{"not_picked":["True Grit","Twin Strike"],"picked":"Shrug It Off","floor":1},{"not_picked":["Purity","Forethought"],"picked":"Blind","floor":4},{"not_picked":["CherryBlossoms","Porccubus"],"picked":"MeltingLove","floor":10},{"not_picked":["Blood for Blood","Heavy Blade"],"picked":"Body Slam","floor":10},{"not_picked":["Rudolta","MeatLantern"],"picked":"UniverseFragment","floor":12},{"not_picked":["Bloodletting","Hemokinesis"],"picked":"Intimidate","floor":12},{"not_picked":["Wellcheers","VoidDream"],"picked":"Murderer","floor":13},{"not_picked":["Ghostly Armor","Bludgeon"],"picked":"Thunderclap","floor":13},{"not_picked":["LittlePrince","VoidDream"],"picked":"WhitesApple","floor":16},{"not_picked":["Corruption","Offering"],"picked":"Immolate","floor":16},{"not_picked":["Porccubus","GreedKing"],"picked":"Yin","floor":18},{"not_picked":["Blood for Blood","True Grit"],"picked":"Cleave","floor":18},{"not_picked":["Rupture+1","Sever Soul+1"],"picked":"Metallicize","floor":20},{"not_picked":["OldLady","Bloodbath"],"picked":"BodiesMountain","floor":28},{"not_picked":["Combust","Body Slam+1"],"picked":"Flame Barrier","floor":28},{"not_picked":["MHz","BigBird"],"picked":"HappyTeddy","floor":31},{"not_picked":["Shockwave","Twin Strike+1"],"picked":"Ghostly Armor","floor":31},{"not_picked":["Mercenary","BlueStar"],"picked":"Wellcheers","floor":33},{"not_picked":["Limit Break","Brutality"],"picked":"Reaper+1","floor":33},{"not_picked":["HeroicMonk","ShyLook"],"picked":"OSAHOGD","floor":35},{"not_picked":["Intimidate","Battle Trance"],"picked":"Anger+1","floor":35},{"not_picked":["FairyFestival","LittleHelper"],"picked":"RedShoes","floor":36},{"not_picked":["Power Through+1","Juggernaut"],"picked":"Flex+1","floor":36},{"not_picked":["SilentOrchestra","LaLuna"],"picked":"QueenOfHatred","floor":41},{"not_picked":["True Grit+1","Cleave+1"],"picked":"Infernal Blade+1","floor":41},{"not_picked":["LittlePrince","GreedKing"],"picked":"Rudolta","floor":42},{"not_picked":["Reaper+1","Body Slam+1"],"picked":"Clash+1","floor":42},{"not_picked":["Scorched","FieryBird"],"picked":"WallGazer","floor":44},{"not_picked":["Clothesline+1","Searing Blow+1"],"picked":"Inflame","floor":44},{"not_picked":["Woodsman","BigBadWolf"],"picked":"Laetitia","floor":47},{"not_picked":["Cleave+1","True Grit+1"],"picked":"Iron Wave+1","floor":47}],"player_experience":99050,"relics_obtained":[{"floor":9,"key":"Strawberry"},{"floor":26,"key":"Regal Pillow"},{"floor":27,"key":"Shuriken"},{"floor":31,"key":"Toy Ornithopter"},{"floor":34,"key":"Anchor"},{"floor":34,"key":"Mummified Hand"},{"floor":34,"key":"Peace Pipe"},{"floor":43,"key":"Oddly Smooth Stone"},{"floor":46,"key":"Pantograph"},{"floor":47,"key":"Champion Belt"},{"floor":48,"key":"Kunai"}],"event_choices":[{"damage_healed":0,"gold_gain":0,"player_choice":"Ignored","damage_taken":0,"max_hp_gain":0,"max_hp_loss":0,"event_name":"Golden Wing","floor":2,"gold_loss":0},{"damage_healed":80,"gold_gain":0,"player_choice":"Upgrade","damage_taken":16,"max_hp_gain":0,"max_hp_loss":80,"event_name":"betterThird:BetterShining","floor":3,"gold_loss":0,"cards_upgraded":["Defend_R","Strike_R"]},{"damage_healed":0,"gold_gain":1,"player_choice":"1","damage_taken":0,"max_hp_gain":0,"max_hp_loss":0,"event_name":"betterStone:BetterStone","floor":4,"gold_loss":0},{"damage_healed":0,"gold_gain":0,"player_choice":"Slimed","damage_taken":11,"max_hp_gain":0,"max_hp_loss":0,"event_name":"betterThird:BetterGoop","floor":5,"gold_loss":44},{"damage_healed":0,"gold_gain":0,"player_choice":"Grow","damage_taken":0,"max_hp_gain":0,"max_hp_loss":0,"event_name":"Living Wall","floor":7,"gold_loss":0,"cards_upgraded":["Shrug It Off"]},{"damage_healed":0,"gold_gain":0,"player_choice":"Leave","damage_taken":0,"max_hp_gain":0,"max_hp_loss":0,"event_name":"The Cleric","floor":11,"gold_loss":0},{"damage_healed":0,"gold_gain":0,"player_choice":"Take Wound","damage_taken":0,"relics_obtained":["Golden Idol"],"max_hp_gain":0,"max_hp_loss":0,"event_name":"Golden Idol","floor":14,"gold_loss":0,"cards_obtained":["Injury"]},{"cards_removed":["Body Slam"],"damage_healed":0,"gold_gain":0,"player_choice":"Give","damage_taken":0,"max_hp_gain":0,"max_hp_loss":0,"event_name":"betterNote:BetterNote","floor":21,"gold_loss":0,"cards_obtained":["None"]},{"damage_healed":0,"gold_gain":0,"player_choice":"Ignored","damage_taken":0,"max_hp_gain":0,"max_hp_loss":0,"event_name":"Vampires","floor":22,"gold_loss":0},{"damage_healed":0,"gold_gain":0,"player_choice":"UP ","damage_taken":17,"relics_obtained":[],"max_hp_gain":0,"max_hp_loss":0,"event_name":"betterSkull:BetterSkull","floor":24,"gold_loss":0,"cards_upgraded":["Intimidate"]},{"damage_healed":0,"gold_gain":0,"player_choice":"Ignored","damage_taken":0,"max_hp_gain":0,"max_hp_loss":0,"event_name":"Ghosts","floor":29,"gold_loss":0},{"damage_healed":0,"gold_gain":0,"player_choice":"Embrace Madness","damage_taken":13,"max_hp_gain":0,"max_hp_loss":0,"event_name":"Winding Halls","floor":38,"gold_loss":0,"cards_obtained":["Madness","Madness"]},{"damage_healed":0,"gold_gain":0,"player_choice":"Forge","damage_taken":0,"max_hp_gain":0,"max_hp_loss":0,"event_name":"Accursed Blacksmith","floor":39,"gold_loss":0,"cards_upgraded":["Madness"]},{"damage_healed":0,"gold_gain":0,"player_choice":"Ignored","damage_taken":0,"max_hp_gain":0,"max_hp_loss":0,"event_name":"Tomb of Lord Red Mask","floor":45,"gold_loss":0},{"damage_healed":0,"gold_gain":0,"player_choice":"Fight","damage_taken":0,"max_hp_gain":0,"max_hp_loss":0,"event_name":"MindBloom","floor":47,"gold_loss":0}],"is_beta":false,"boss_relics":[{"not_picked":["Coffee Dripper","Philosopher\u0027s Stone"],"picked":"Mark of Pain"},{"not_picked":["Sozu","Runic Dome"],"picked":"Calling Bell"}],"items_purged_floors":[37],"is_endless":false,"potions_floor_spawned":[12,16,18,31,35,41,44],"ascension_level":0}}