{"host":"qdfumeom6htv8yxl","time":1608659634,"event":{"mods":["AchievementEnabler","BaseMod","Block Reminder","Minty Spire (QoL Compilation)","Quick Restart","Relic Stats"],"gold_per_floor":[115,9,309,59,74,109,125,125,125,125,140,140,150,177,177,252,252,272,136,136,150,165,165,196,208,257,257,38,38,38,54,54,133,133,150,166,166,41,41,68,84,84,109,109,109,129,31,65,65,65],"floor_reached":51,"playtime":8436,"items_purged":["Strike_G","Strike_G","Concentrate+1"],"score":1177,"play_id":"b6a3cf54-aedb-47cd-b014-a81932eb1277","local_time":"20201222115354","is_ascension_mode":true,"campfire_choices":[{"floor":10.0,"key":"REST"},{"floor":12.0,"key":"REST"},{"data":"Apotheosis","floor":15.0,"key":"SMITH"},{"floor":23.0,"key":"REST"},{"floor":27.0,"key":"REST"},{"floor":30.0,"key":"REST"},{"data":"Crippling Poison","floor":32.0,"key":"SMITH"},{"data":"Well Laid Plans","floor":42.0,"key":"SMITH"},{"floor":44.0,"key":"REST"},{"data":"A Thousand Cuts","floor":49,"key":"SMITH"}],"circlet_count":0,"master_deck":["AscendersBane","Strike_G+1","Strike_G","Defend_G","Defend_G","Defend_G","Survivor","Neutralize+1","Choke","Crippling Poison+1","Noxious Fumes","Apotheosis+1","Leg Sweep","Dagger Spray","Noxious Fumes+1","Predator+1","Backflip","Crippling Poison","Well Laid Plans+1","Dash+1","Dagger Throw+1","Metamorphosis","A Thousand Cuts+1"],"relics":["Snecko Eye","Old Coin","Pantograph","FaceOfCleric","Mango","Whetstone","Philosopher\u0027s Stone","Letter Opener","Bag of Marbles","Anchor","Astrolabe","Pen Nib","Juzu Bracelet","Bird Faced Urn","Snake Skull"],"acts_visited":["Exordium","TheCity","TheBeyond"],"potions_floor_usage":[50,50],"damage_taken":[{"damage":16.0,"enemies":"Cultist","floor":1.0,"turns":7.0},{"damage":0.0,"enemies":"Jaw Worm","floor":5.0,"turns":4.0},{"damage":17.0,"enemies":"Gremlin Nob","floor":6.0,"turns":4.0},{"damage":0.0,"enemies":"Small Slimes","floor":7.0,"turns":2.0},{"damage":11.0,"enemies":"Exordium Thugs","floor":11.0,"turns":5.0},{"damage":14.0,"enemies":"Exordium Wildlife","floor":13.0,"turns":4.0},{"damage":12.0,"enemies":"3 Sentries","floor":14.0,"turns":8.0},{"damage":16.0,"enemies":"Slime Boss","floor":16.0,"turns":10.0},{"damage":42.0,"enemies":"3 Byrds","floor":18.0,"turns":3.0},{"damage":4.0,"enemies":"Spheric Guardian","floor":21.0,"turns":4.0},{"damage":7.0,"enemies":"Snake Plant","floor":22.0,"turns":4.0},{"damage":31.0,"enemies":"Slavers","floor":24.0,"turns":5.0},{"damage":2.0,"enemies":"Centurion and Healer","floor":25.0,"turns":7.0},{"damage":4.0,"enemies":"3 Cultists","floor":31.0,"turns":4.0},{"damage":56.0,"enemies":"Champ","floor":33.0,"turns":11.0},{"damage":0.0,"enemies":"3 Shapes","floor":35.0,"turns":3.0},{"damage":1.0,"enemies":"Orb Walker","floor":36.0,"turns":4.0},{"damage":8.0,"enemies":"Giant Head","floor":40.0,"turns":8.0},{"damage":6.0,"enemies":"Writhing Mass","floor":41.0,"turns":6.0},{"damage":8.0,"enemies":"Maw","floor":46.0,"turns":6.0},{"damage":26,"enemies":"Nemesis","floor":48,"turns":7},{"damage":39,"enemies":"Donu and Deca","floor":50,"turns":8}],"seed_played":"8817689000547787352","potions_obtained":[{"floor":1.0,"key":"SpeedPotion"},{"floor":11.0,"key":"FairyPotion"},{"floor":14.0,"key":"Swift Potion"},{"floor":16.0,"key":"LiquidBronze"},{"floor":21.0,"key":"Poison Potion"},{"floor":24.0,"key":"Fire Potion"},{"floor":29.0,"key":"EntropicBrew"},{"floor":29.0,"key":"FairyPotion"},{"floor":29.0,"key":"Swift Potion"},{"floor":36.0,"key":"Strength Potion"},{"floor":40.0,"key":"Swift Potion"}],"is_trial":false,"path_per_floor":["M","$","?","$","M","E","M","?","T","R","M","R","M","E","R","B",null,"M","$","?","M","M","R","E","M","T","R","$","?","R","M","R","B",null,"M","M","?","$","?","E","M","R","T","R","?","M","$","E","R","B",null],"character_chosen":"THE_SILENT","items_purchased":["Crippling Poison","Noxious Fumes","Apotheosis","Noxious Fumes","Anchor","Well Laid Plans","Energy Potion","Block Potion"],"campfire_rested":6,"item_purchase_floors":[2,2,4,19,28,28,47,47],"current_hp_per_floor":[47,47,29,29,29,12,12,12,26,51,41,66,53,42,42,52,79,38,38,38,35,29,56,26,25,25,52,52,52,79,76,76,39,81,82,82,82,82,72,65,60,60,60,89,89,90,90,73,73,67],"gold":65,"neow_bonus":"BOSS_RELIC","is_daily":false,"chose_seed":false,"campfire_upgraded":4,"win_rate":0.0,"timestamp":1608659634,"path_taken":["M","$","?","$","M","E","M","?","T","R","M","R","M","E","R","BOSS","M","?","?","?","M","R","E","M","T","R","$","?","R","M","R","BOSS","M","M","?","$","?","E","M","R","T","R","?","M","$","E","R","BOSS"],"items_purchased_type":["Card","Card","Card","Card","Relic","Card","Potion","Potion"],"build_version":"2020-12-13","purchased_purges":3,"victory":true,"max_hp_per_floor":[70,70,70,70,70,70,70,70,84,84,85,85,86,87,87,88,88,89,89,89,90,91,91,92,93,93,93,93,93,93,94,94,95,95,96,97,97,97,97,98,99,99,99,99,99,100,100,101,101,102],"relic_stats":{"FaceOfCleric":18,"counters":[22,124],"Pantograph":68,"Astrolabe":["Dash","Dagger Throw","Concentrate"],"Bird Faced Urn":[23],"Snecko Eye":[228,221,230,208],"Pen Nib":[4],"Snake Skull":[17],"Juzu Bracelet":0,"Whetstone":["Neutralize","Strike_G"],"Letter Opener":[102],"obtain_stats":[{"Astrolabe":34,"Mango":9,"Pen Nib":40,"Snake Skull":48,"Juzu Bracelet":43,"Whetstone":14,"Letter Opener":24,"Old Coin":3,"Anchor":28,"FaceOfCleric":8,"Pantograph":6,"Bird Faced Urn":45,"Snecko Eye":0,"Philosopher\u0027s Stone":17,"Bag of Marbles":26,"Ring of the Snake":0},{"Astrolabe":15,"Mango":4,"Pen Nib":18,"Snake Skull":21,"Juzu Bracelet":19,"Whetstone":7,"Letter Opener":12,"Old Coin":1,"Anchor":13,"FaceOfCleric":4,"Pantograph":3,"Bird Faced Urn":19,"Snecko Eye":0,"Philosopher\u0027s Stone":8,"Bag of Marbles":13,"Ring of the Snake":0},{"Astrolabe":82,"Mango":17,"Pen Nib":97,"Snake Skull":116,"Juzu Bracelet":103,"Whetstone":34,"Letter Opener":60,"Old Coin":7,"Anchor":67,"FaceOfCleric":17,"Pantograph":15,"Bird Faced Urn":103,"Snecko Eye":0,"Philosopher\u0027s Stone":44,"Bag of Marbles":67,"Ring of the Snake":0}]},"card_choices":[{"not_picked":["Heel Hook","Underhanded Strike"],"picked":"Choke","floor":1.0},{"not_picked":["Dagger Spray","Blade Dance","Sucker Punch"],"picked":"SKIP","floor":5.0},{"not_picked":["Underhanded Strike","Heel Hook"],"picked":"Leg Sweep","floor":6.0},{"not_picked":["Blur","Blade Dance","Slice"],"picked":"SKIP","floor":7.0},{"not_picked":["Infinite Blades","Reflex","Concentrate"],"picked":"SKIP","floor":11.0},{"not_picked":["PiercingWail","Outmaneuver","Endless Agony"],"picked":"SKIP","floor":13.0},{"not_picked":["Dodge and Roll","Infinite Blades","Flying Knee"],"picked":"SKIP","floor":14.0},{"not_picked":["Blade Dance","Concentrate"],"picked":"Dagger Spray","floor":18.0},{"not_picked":["Bouncing Flask","Sucker Punch+1"],"picked":"Predator+1","floor":21.0},{"not_picked":["Slice+1","Outmaneuver","Riddle With Holes"],"picked":"SKIP","floor":22.0},{"not_picked":["Deflect","Poisoned Stab"],"picked":"Backflip","floor":24.0},{"not_picked":["Glass Knife","Underhanded Strike+1"],"picked":"Crippling Poison","floor":25.0},{"not_picked":["Reflex","Deflect","Infinite Blades+1"],"picked":"SKIP","floor":31.0},{"not_picked":["Deflect","PiercingWail","Blade Dance"],"picked":"SKIP","floor":35.0},{"not_picked":["Deadly Poison+1","Outmaneuver+1","Poisoned Stab"],"picked":"SKIP","floor":36.0},{"not_picked":["Finesse","Thinking Ahead"],"picked":"Metamorphosis","floor":39.0},{"not_picked":["Distraction+1","Blade Dance+1"],"picked":"A Thousand Cuts","floor":40.0},{"not_picked":["Infinite Blades","Slice","Bane+1"],"picked":"SKIP","floor":41.0},{"not_picked":["Underhanded Strike+1","Concentrate","Heel Hook"],"picked":"SKIP","floor":46.0},{"not_picked":["Outmaneuver","Grand Finale","PiercingWail"],"picked":"SKIP","floor":48}],"player_experience":1474979,"relics_obtained":[{"floor":6.0,"key":"Pantograph"},{"floor":9.0,"key":"Mango"},{"floor":14.0,"key":"Whetstone"},{"floor":24.0,"key":"Letter Opener"},{"floor":26.0,"key":"Bag of Marbles"},{"floor":40.0,"key":"Pen Nib"},{"floor":43.0,"key":"Juzu Bracelet"},{"floor":48,"key":"Snake Skull"}],"event_choices":[{"damage_healed":0.0,"max_hp_gain":0.0,"max_hp_loss":0.0,"gold_gain":0.0,"event_name":"Scrap Ooze","player_choice":"Success","floor":3.0,"gold_loss":0.0,"damage_taken":18.0,"relics_obtained":["Old Coin"]},{"damage_healed":0.0,"max_hp_gain":0.0,"max_hp_loss":0.0,"gold_gain":0.0,"event_name":"FaceTrader","player_choice":"Trade","floor":8.0,"gold_loss":0.0,"damage_taken":0.0,"relics_obtained":["FaceOfCleric"]},{"damage_healed":0.0,"max_hp_gain":0.0,"max_hp_loss":0.0,"gold_gain":0.0,"event_name":"Accursed Blacksmith","player_choice":"Forge","floor":20.0,"gold_loss":0.0,"damage_taken":0.0,"cards_upgraded":["Noxious Fumes"]},{"damage_healed":0.0,"max_hp_gain":0.0,"max_hp_loss":0.0,"gold_gain":0.0,"event_name":"Lab","player_choice":"Got Potions","floor":29.0,"gold_loss":0.0,"damage_taken":0.0},{"damage_healed":0.0,"max_hp_gain":0.0,"max_hp_loss":0.0,"gold_gain":0.0,"event_name":"Tomb of Lord Red Mask","player_choice":"Ignored","floor":37.0,"gold_loss":0.0,"damage_taken":0.0},{"damage_healed":0.0,"max_hp_gain":0.0,"max_hp_loss":0.0,"gold_gain":0.0,"event_name":"SensoryStone","player_choice":"Memory 3","floor":39.0,"gold_loss":0.0,"damage_taken":10.0},{"damage_healed":0.0,"max_hp_gain":0.0,"max_hp_loss":0.0,"gold_gain":0.0,"event_name":"WeMeetAgain","player_choice":"Gave Potion","floor":45.0,"gold_loss":0.0,"damage_taken":0.0,"relics_obtained":["Bird Faced Urn"]}],"is_beta":false,"boss_relics":[{"not_picked":["Coffee Dripper","WristBlade"],"picked":"Philosopher\u0027s Stone"},{"not_picked":["Pandora\u0027s Box","Calling Bell"],"picked":"Astrolabe"}],"items_purged_floors":[4,19,38],"is_endless":false,"potions_floor_spawned":[1,11,14,16,21,24,36,40,41,48],"ascension_level":13}}