{"host":"fjnjuohsz43l8o15","time":1608643400,"event":{"mods":["2.2 Compatiblity","Act Like it!","BaseMod","Friendly Minions","Gensokyo","KomeijiMod","Luminous","Minty Spire (QoL Compilation)","StSLib","???????????mod"],"gold_per_floor":[117,117,117,217,217,217,252,263,263,263,227,238,238,398,398,494,494,505,525,525,525,538,538,569,569,569,569,569,586,466,491,491,595,595,607,607,607,487,294,324,339,339,363,363,374,403,403,403,403,403,403,403,10,39,39],"floor_reached":56,"playtime":3577,"items_purged":[],"score":1360,"play_id":"bb0672c3-eb86-426e-8cc0-a8bd484b0b78","local_time":"20201222132320","is_ascension_mode":false,"campfire_choices":[{"floor":6.0,"key":"RECALL"},{"data":"Luminous:Light_Spectral_Light","floor":10.0,"key":"SMITH"},{"data":"Luminous:Dark_Arcane_Pitch","floor":15.0,"key":"SMITH"},{"data":"Luminous:Accumulation_Luminous","floor":23.0,"key":"SMITH"},{"floor":25.0,"key":"REST"},{"floor":28.0,"key":"REST"},{"data":"Luminous:Dark_Raid","floor":32.0,"key":"SMITH"},{"floor":42.0,"key":"REST"},{"floor":44.0,"key":"REST"},{"data":"Luminous:Accumulation_Luminous","floor":47.0,"key":"SMITH"},{"data":"Luminous:Erosion_Luminous","floor":49.0,"key":"SMITH"},{"data":"Luminous:Chaos_Field_Luminous","floor":52.0,"key":"SMITH"}],"circlet_count":0,"master_deck":["Luminous:Light_Flash_Shower","Luminous:Light_Flash_Shower","Luminous:Dark_Abyssal_Drop","Luminous:Dark_Abyssal_Drop","Luminous:Dark_Abyssal_Drop","Luminous:Defend_Luminous","Luminous:Defend_Luminous","Luminous:Defend_Luminous","Luminous:Defend_Luminous","Luminous:Switch_Luminous","Luminous:Light_Glare","Luminous:Light_Gather","Luminous:Concentrate_Luminous","Luminous:Dark_Raid+1","Luminous:Light_Spectral_Light+1","Luminous:Fast_Spell_Luminous","Luminous:Dark_Arcane_Pitch+1","Luminous:Arcane_Rage_Luminous","Luminous:Accumulation_Luminous+1","Luminous:Hero_Will_Luminous+1","Reinforced Body","Luminous:Magic_Accelerate_Luminous+1","Luminous:Balance_Aether_Conduit","Luminous:Light_Glare","Luminous:Light_Disperse+1","Luminous:Erosion_Luminous+1","Gensokyo:CustomPotion","Luminous:Light_Ray_of_Redemption","Luminous:Chaos_Field_Luminous+1","Luminous:Accumulation_Luminous+1","Luminous:Mana_Well_Luminous+1","Luminous:Dark_Dim_Erosion+1","Luminous:Light_Glare","Luminous:Lights_Protection_Luminous+1","Luminous:Mana_Well_Luminous+1"],"relics":["Luminous:MirrorRelic","NeowsBlessing","Thread and Needle","Potion Belt","Old Coin","Black Star","Boot","Pantograph","Meat on the Bone","Gensokyo:DirgeOfMelancholy","Gensokyo:DemonMask","Letter Opener","Mercury Hourglass","SlaversCollar","Gensokyo:EmptyGrave","HandDrill","White Beast Statue","Bag of Preparation","Orichalcum","Toxic Egg 2","Frozen Egg 2","Luminous:BlackBlessingRelic","Incense Burner","Gremlin Horn","Bag of Marbles"],"acts_visited":["Exordium","Gensokyo:Gensokyo","Gensokyo:Gensokyoer","TheEnding"],"potions_floor_usage":[55,55,55,55],"damage_taken":[{"damage":0.0,"enemies":"Gensokyo:Python","floor":1.0,"turns":1.0},{"damage":0.0,"enemies":"Gensokyo:Aya","floor":7.0,"turns":1.0},{"damage":0.0,"enemies":"Gensokyo:3_Fairies","floor":8.0,"turns":2.0},{"damage":2.0,"enemies":"Gensokyo:2_Kodama","floor":12.0,"turns":3.0},{"damage":59.0,"enemies":"Gensokyo:Kokoro","floor":16.0,"turns":16.0},{"damage":0.0,"enemies":"Gensokyo:Chomper","floor":18.0,"turns":4.0},{"damage":16.0,"enemies":"Gensokyo:AngelMirror","floor":19.0,"turns":3.0},{"damage":8.0,"enemies":"Gensokyo:Slime_Group","floor":22.0,"turns":5.0},{"damage":36.0,"enemies":"Gensokyo:Tenshi","floor":24.0,"turns":6.0},{"damage":8.0,"enemies":"Gensokyo:Chomper_and_Gloop","floor":29.0,"turns":7.0},{"damage":16.0,"enemies":"Gensokyo:Reisen","floor":31.0,"turns":5.0},{"damage":42.0,"enemies":"Gensokyo:Eternal_Rivals","floor":33.0,"turns":9.0},{"damage":0.0,"enemies":"Gensokyo:3_Bats","floor":35.0,"turns":2.0},{"damage":66.0,"enemies":"Gensokyo:Marisa","floor":40.0,"turns":6.0},{"damage":11.0,"enemies":"Gensokyo:AncientGuardian","floor":41.0,"turns":5.0},{"damage":12.0,"enemies":"Gensokyo:Sharpion","floor":45.0,"turns":6.0},{"damage":0.0,"enemies":"Gensokyo:Doremy","floor":46.0,"turns":6.0},{"damage":1.0,"enemies":"Gensokyo:Shinki","floor":50.0,"turns":8.0},{"damage":0,"enemies":"Shield and Spear","floor":54,"turns":4},{"damage":6,"enemies":"The Heart","floor":55,"turns":8}],"seed_played":"-8780578147062034843","potions_obtained":[{"floor":12.0,"key":"Explosive Potion"},{"floor":18.0,"key":"EssenceOfSteel"},{"floor":31.0,"key":"Swift Potion"},{"floor":33.0,"key":"SpeedPotion"},{"floor":40.0,"key":"ColorlessPotion"},{"floor":41.0,"key":"LiquidMemories"},{"floor":45.0,"key":"Strength Potion"},{"floor":46.0,"key":"BlessingOfTheForge"},{"floor":54,"key":"Ancient Potion"}],"is_trial":false,"path_per_floor":["M","?","?","?","$","R","E","M","T","R","$","M","?","?","R","B",null,"M","M","?","?","M","R","E","R","T","?","R","M","?","E","R","B",null,"M","?","?","?","$","E","M","R","T","R","M","E","R","T","R","B",null,"R","$","E","B",null],"character_chosen":"LuminousClass","items_purchased":["Luminous:Fast_Spell_Luminous","HandDrill","Luminous:Light_Ray_of_Redemption","Luminous:Light_Glare","Incense Burner","Luminous:Lights_Protection_Luminous+1"],"campfire_rested":4,"item_purchase_floors":[11,39,39,53,53,53],"current_hp_per_floor":[75,75,60,60,60,60,60,60,60,60,60,58,65,65,65,6,82,82,66,66,66,63,63,32,56,56,56,80,77,77,66,66,45,82,82,82,76,76,76,27,33,55,55,76,69,76,76,76,76,76,76,76,76,76,76],"gold":39,"neow_bonus":"THREE_ENEMY_KILL","is_daily":false,"chose_seed":false,"campfire_upgraded":7,"win_rate":0.0,"timestamp":1608643400,"path_taken":["M","?","?","?","$","R","E","?","T","R","?","M","?","?","R","BOSS","M","?","?","?","?","R","E","R","T","?","R","M","?","E","R","BOSS","M","?","?","?","$","E","?","R","T","R","M","E","R","?","R","BOSS","R","$","E","BOSS"],"items_purchased_type":["Card","Relic","Card","Card","Relic","Card"],"build_version":"2020-12-13","purchased_purges":0,"victory":true,"max_hp_per_floor":[75,75,75,75,75,75,75,75,75,75,75,75,82,82,82,82,82,82,82,82,82,82,82,82,82,82,82,82,82,82,82,82,82,82,82,82,76,76,76,76,76,76,76,76,76,76,76,76,76,76,76,76,76,76,76],"card_choices":[{"not_picked":["Luminous:Light_Disperse","Luminous:Dark_Pressure_Void"],"picked":"Luminous:Light_Glare","floor":1.0},{"not_picked":["Luminous:Dark_Dim_Erosion","Luminous:Light_Sylvan_Lance"],"picked":"Luminous:Light_Gather","floor":2.0},{"not_picked":["Luminous:Dark_Pressure_Void","Luminous:Light_Wash_Luminous"],"picked":"Luminous:Concentrate_Luminous","floor":2.0},{"not_picked":["Luminous:Accumulation_Luminous","Luminous:Reverse_Spell_Luminous"],"picked":"Luminous:Dark_Raid","floor":7.0},{"not_picked":["Luminous:Light_Reflection","Luminous:Blinding_Pillar_Luminous"],"picked":"Luminous:Light_Spectral_Light","floor":8.0},{"not_picked":["Luminous:Dark_Pressure_Void","Luminous:Light_Glare"],"picked":"Luminous:Dark_Arcane_Pitch","floor":12.0},{"not_picked":["Luminous:Freud_Wisdom1_Luminous","Luminous:Date_of_Light_Luminous"],"picked":"Luminous:Arcane_Rage_Luminous","floor":16.0},{"not_picked":["Luminous:Light_Sylvan_Lance","Luminous:Blinding_Pillar_Luminous+1"],"picked":"Luminous:Accumulation_Luminous","floor":18.0},{"not_picked":["Luminous:Blinding_Pillar_Luminous","Luminous:Lights_Protection_Luminous"],"picked":"Luminous:Hero_Will_Luminous+1","floor":19.0},{"not_picked":["Luminous:Hero_Will_Luminous","Luminous:Light_Glare"],"picked":"Luminous:Magic_Accelerate_Luminous+1","floor":22.0},{"not_picked":["Luminous:Light_Reflection","Luminous:Sympathy_Luminous"],"picked":"Luminous:Balance_Aether_Conduit","floor":24.0},{"not_picked":["Luminous:Accumulation_Luminous+1","Luminous:Light_Ray_of_Redemption"],"picked":"Luminous:Light_Glare","floor":29.0},{"not_picked":["Luminous:Accumulation_Luminous","Luminous:Arcane_Rage_Luminous"],"picked":"Luminous:Light_Disperse+1","floor":31.0},{"not_picked":["Luminous:Equalize_Luminous","Luminous:Mirror_Force_Luminous"],"picked":"Luminous:Erosion_Luminous","floor":33.0},{"not_picked":["Luminous:Light_Wash_Luminous","Luminous:Blinding_Pillar_Luminous+1","Luminous:Accumulation_Luminous"],"picked":"SKIP","floor":35.0},{"not_picked":["Luminous:Dark_Pressure_Void","Luminous:Light_Disperse+1"],"picked":"Luminous:Chaos_Field_Luminous","floor":40.0},{"not_picked":["Luminous:Blinding_Pillar_Luminous+1","Luminous:Light_Gather"],"picked":"Luminous:Accumulation_Luminous","floor":41.0},{"not_picked":["Luminous:Blinding_Pillar_Luminous+1","Luminous:Light_Disperse+1"],"picked":"Luminous:Mana_Well_Luminous+1","floor":45.0},{"not_picked":["Luminous:Light_Disperse","Luminous:Light_Gather"],"picked":"Luminous:Dark_Dim_Erosion+1","floor":46.0},{"not_picked":["Luminous:Light_Sylvan_Lance","Luminous:Light_Gather+1"],"picked":"Luminous:Mana_Well_Luminous+1","floor":54}],"player_experience":80520,"relics_obtained":[{"floor":7.0,"key":"Potion Belt"},{"floor":24.0,"key":"Boot"},{"floor":24.0,"key":"Pantograph"},{"floor":26.0,"key":"Meat on the Bone"},{"floor":31.0,"key":"Letter Opener"},{"floor":31.0,"key":"Mercury Hourglass"},{"floor":40.0,"key":"White Beast Statue"},{"floor":40.0,"key":"Bag of Preparation"},{"floor":43.0,"key":"Orichalcum"},{"floor":46.0,"key":"Toxic Egg 2"},{"floor":46.0,"key":"Frozen Egg 2"},{"floor":48.0,"key":"Luminous:BlackBlessingRelic"},{"floor":54,"key":"Gremlin Horn"},{"floor":54,"key":"Bag of Marbles"}],"event_choices":[],"is_beta":false,"boss_relics":[{"not_picked":["Coffee Dripper","Runic Pyramid"],"picked":"Black Star"},{"not_picked":["Astrolabe","Busted Crown"],"picked":"SlaversCollar"}],"items_purged_floors":[],"is_endless":false,"potions_floor_spawned":[12,18,31,33,40,41,45,46,54],"ascension_level":0}}