{"host":"z7uf2ohomj0wklrw","time":1608671441,"event":{"mods":["BaseMod","Downfall","Minty Spire (QoL Compilation)","StSLib"],"gold_per_floor":[99,118,134,134,149,149,149,167,192,203,203,234,250,285,302,402,402,252,271,271,271,287,212,212,240,240,240,240,265,283,5,25,129,129,129,144,1143,1143,1075,1075,1121,1121,1121,1169,1169,1169,1202,512,528,528,528,557,57,57,57],"floor_reached":56,"playtime":4260,"items_purged":["Normality","Normality","Slimebound:Tackle+1"],"score":1715,"play_id":"761b843a-0368-412b-866a-f1d4169b0e62","local_time":"20201222141041","is_ascension_mode":true,"campfire_choices":[{"data":"expansioncontent:DefensiveStance","floor":1,"key":"SMITH"},{"data":"Guardian:PrimingBeam","floor":6,"key":"SMITH"},{"floor":18,"key":"RECALL"},{"data":"Guardian:FierceBash","floor":23,"key":"SMITH"},{"data":"Guardian:SphericShield","floor":26,"key":"SMITH"},{"data":"Guardian:Emergency","floor":35,"key":"SMITH"},{"data":"Guardian:CurlUp","floor":42,"key":"SMITH"},{"data":"expansioncontent:DecasProtection","floor":46,"key":"SMITH"},{"data":"Guardian:Clone","floor":54,"key":"SMITH"}],"circlet_count":0,"master_deck":["Guardian:CurlUp+1","Guardian:TwinSlam","expansioncontent:DefensiveStance+1","Guardian:ShieldCharger","Guardian:Suspension","Guardian:SphericShield+1","Guardian:FastForward","Guardian:GuardianWhirl","Guardian:ArmoredProtocol","Guardian:FierceBash+1","Guardian:TimeSifter","Guardian:ShieldCharger+1","Guardian:Emergency+1","Slimebound:Tackle+1","Slimebound:Tackle+1","Guardian:Clone+1","Mayhem","Guardian:TemporalStrike","Guardian:AncientConstruct","Guardian:ConstructionForm","Guardian:StasisEngine","Guardian:Repulse+1","Guardian:DecasProtection+1","Magnetism","Guardian:Aged","expansioncontent:PrepareCrush","expansioncontent:FaceSlap","expansioncontent:DecasProtection+1","Guardian:ChargeCore+1","Guardian:ChargeUp","Guardian:GatlingBeam","Guardian:Orbwalk","Guardian:VentSteam+1","Guardian:PrismaticBarrier","Guardian:TimeSifter"],"relics":["Guardian:ModeShifter","Letter Opener","Ancient Tea Set","Question Card","Snecko Eye","downfall:HeartBlessingGreen","downfall:HeartBlessingBlue","Bottled Lightning","downfall:HeartBlessingRed","Juzu Bracelet","Bottled Flame","Mummified Hand","Pandora\u0027s Box","Strange Spoon","Guardian:StasisEgg","Strawberry","Pocketwatch","Anchor","Thread and Needle","White Beast Statue","Guardian:BottledAnomaly"],"acts_visited":["Exordium","TheCity","TheBeyond","TheEnding"],"potions_floor_usage":[9,14,15,16,25,25,31,31,52,55,55],"damage_taken":[{"damage":0,"enemies":"Cultist","floor":2,"turns":5},{"damage":1,"enemies":"Jaw Worm","floor":3,"turns":7},{"damage":0,"enemies":"2 Louse","floor":5,"turns":3},{"damage":0,"enemies":"Large Slime","floor":8,"turns":6},{"damage":17,"enemies":"Gremlin Nob","floor":9,"turns":4},{"damage":12,"enemies":"Exordium Wildlife","floor":10,"turns":5},{"damage":14,"enemies":"3 Sentries","floor":12,"turns":12},{"damage":0,"enemies":"3 Louse","floor":13,"turns":2},{"damage":22,"enemies":"Lagavulin","floor":14,"turns":9},{"damage":0,"enemies":"Gremlin Gang","floor":15,"turns":1},{"damage":6,"enemies":"downfall:Watcher","floor":16,"turns":13},{"damage":0,"enemies":"3 Byrds","floor":19,"turns":4},{"damage":0,"enemies":"Spheric Guardian","floor":22,"turns":3},{"damage":10,"enemies":"Gremlin Leader","floor":25,"turns":5},{"damage":0,"enemies":"Book of Stabbing","floor":29,"turns":2},{"damage":0,"enemies":"Snecko","floor":30,"turns":3},{"damage":0,"enemies":"downfall:FleeingMerchant","floor":31,"turns":4},{"damage":0,"enemies":"Snake Plant","floor":32,"turns":1},{"damage":3,"enemies":"downfall:Silent","floor":33,"turns":6},{"damage":0,"enemies":"3 Darklings","floor":36,"turns":3},{"damage":0,"enemies":"downfall:FleeingMerchant","floor":39,"turns":2},{"damage":2,"enemies":"2 Orb Walkers","floor":44,"turns":5},{"damage":3,"enemies":"Nemesis","floor":47,"turns":5},{"damage":0,"enemies":"Orb Walker","floor":49,"turns":4},{"damage":0,"enemies":"downfall:Ironclad","floor":50,"turns":5},{"damage":0,"enemies":"downfall:CharBossMerchant","floor":52,"turns":4},{"damage":16,"enemies":"downfall:NeowBoss","floor":55,"turns":19}],"seed_played":"463670762254344812","potions_obtained":[{"floor":2,"key":"ColorlessPotion"},{"floor":8,"key":"sneckomod:MuddlingPotion"},{"floor":10,"key":"Weak Potion"},{"floor":12,"key":"Guardian:DefensiveModePotion"},{"floor":14,"key":"SkillPotion"},{"floor":16,"key":"PowerPotion"},{"floor":25,"key":"GamblersBrew"},{"floor":29,"key":"DistilledChaos"},{"floor":30,"key":"LiquidMemories"},{"floor":32,"key":"Explosive Potion"},{"floor":36,"key":"LiquidMemories"}],"is_trial":false,"path_per_floor":["R","M","M","?","M","R","T","M","E","M","?","E","M","E","M","B",null,"R","M","?","T","M","R","T","E","R","?","?","E","M","$","M","B",null,"R","M","?","?","$","?","T","R","?","?","?","R","E","$","M","B",null,"E","$","R","B",null],"character_chosen":"GUARDIAN","items_purchased":["Guardian:Clone","Mayhem","Magnetism","Strange Spoon","Thread and Needle","Guardian:ChargeUp","Guardian:GatlingBeam","Guardian:Orbwalk","Guardian:PrismaticBarrier","Guardian:Gem_White","Guardian:BottledAnomaly","Guardian:TimeSifter"],"campfire_rested":0,"item_purchase_floors":[31,31,39,39,48,48,48,48,53,53,53,53],"current_hp_per_floor":[72,72,71,71,71,71,71,71,54,42,47,33,33,11,11,5,65,75,75,75,75,75,75,75,65,65,95,95,95,95,95,95,92,94,94,94,94,94,94,94,101,101,91,89,89,89,86,86,86,86,98,98,98,98,82],"gold":57,"neow_bonus":"RANDOM_COLORLESS","is_daily":false,"chose_seed":false,"campfire_upgraded":8,"win_rate":0.0,"timestamp":1608671441,"path_taken":["R","M","?","?","?","R","T","M","E","?","?","E","M","E","M","BOSS","R","M","?","?","M","R","T","E","R","?","?","E","M","$","M","BOSS","R","M","?","?","?","?","T","R","?","?","?","R","E","$","M","BOSS","E","$","R","BOSS"],"items_purchased_type":["Card","Card","Card","Relic","Relic","Card","Card","Card","Card","Card","Relic","Card"],"build_version":"2020-12-13","purchased_purges":3,"victory":true,"max_hp_per_floor":[80,80,80,80,80,80,80,80,80,80,85,85,85,85,85,85,85,95,95,95,95,95,95,95,95,95,95,95,95,95,95,95,95,95,95,95,95,95,95,95,102,102,102,102,102,102,102,102,102,102,102,102,102,102,102],"card_choices":[{"not_picked":["expansioncontent:GoopSpray","Enlightenment"],"picked":"expansioncontent:DefensiveStance","floor":0},{"not_picked":["Guardian:ChargeCore","Guardian:Reroute"],"picked":"Guardian:RollAttack","floor":2},{"not_picked":["Guardian:ShieldSpikes","Guardian:TimeCapacitor"],"picked":"Guardian:ShieldCharger","floor":3},{"not_picked":["Guardian:Recover","Guardian:PiercingHide"],"picked":"Guardian:PrimingBeam","floor":5},{"not_picked":["Guardian:WalkerClaw","Guardian:GuardianWhirl"],"picked":"Guardian:Suspension","floor":8},{"not_picked":["Guardian:Harden","Guardian:VentSteam"],"picked":"Guardian:SphericShield","floor":9},{"not_picked":["Guardian:RollAttack","Guardian:VentSteam"],"picked":"Guardian:Gem_Cyan","floor":10},{"not_picked":["Guardian:WalkerClaw","Guardian:ChargeUp"],"picked":"Guardian:FastForward","floor":12},{"not_picked":["Guardian:ShieldCharger","Guardian:PrismaticBarrier"],"picked":"Guardian:GuardianWhirl","floor":13},{"not_picked":["Guardian:TemporalStrike","Guardian:Gem_Green"],"picked":"Guardian:ArmoredProtocol","floor":14},{"not_picked":["Guardian:Reroute","Guardian:Suspension","Guardian:Emergency"],"picked":"Guardian:FierceBash","floor":15},{"not_picked":["Guardian:StasisField","Guardian:FastForward","Guardian:AncientConstruct"],"picked":"Guardian:TimeSifter","floor":16},{"not_picked":["Guardian:PrimingBeam","Guardian:TemporalStrike","Guardian:PiercingHide"],"picked":"Guardian:ShieldCharger+1","floor":19},{"not_picked":["Guardian:TemporalStrike","Guardian:Gem_Blue","Guardian:VentSteam"],"picked":"Guardian:Gem_Yellow","floor":22},{"not_picked":["Guardian:TemporalShield+1","Guardian:PrimingBeam+1","Guardian:SphericShield"],"picked":"Guardian:Emergency","floor":25},{"not_picked":["Guardian:Reroute","Guardian:ChargeCore","Guardian:Gem_Cyan"],"picked":"Guardian:Gem_White","floor":29},{"not_picked":["Guardian:Reroute+1","Guardian:Gem_Green","Guardian:ShieldCharger","Guardian:RollAttack"],"picked":"SKIP","floor":30},{"not_picked":["Guardian:RollAttack+1","Guardian:Incinerate","Guardian:PrismaticBarrier","Guardian:PrimingBeam"],"picked":"SKIP","floor":31},{"not_picked":["Guardian:CrystalBeam","Guardian:Gem_Cyan","Guardian:Suspension"],"picked":"Guardian:Gem_Blue","floor":32},{"not_picked":["Guardian:Gem_Orange","Guardian:TimeSifter","Guardian:GatlingBeam"],"picked":"Guardian:Gem_Synthetic","floor":33},{"not_picked":["Guardian:Harden","Guardian:TimeBomb","Guardian:Gem_Red"],"picked":"Guardian:Repulse+1","floor":36},{"not_picked":["Guardian:WalkerClaw+1","Guardian:FastForward","Guardian:Orbwalk+1"],"picked":"Guardian:DecasProtection+1","floor":39},{"not_picked":["expansioncontent:SlimeTackle","expansioncontent:Collect","expansioncontent:YouAreMine"],"picked":"expansioncontent:PrepareCrush","floor":43},{"not_picked":["expansioncontent:LastStand","expansioncontent:YouAreMine","expansioncontent:HyperBeam"],"picked":"expansioncontent:FaceSlap","floor":43},{"not_picked":["expansioncontent:YouAreMine","expansioncontent:ManipulateTime","expansioncontent:LastStand"],"picked":"expansioncontent:DecasProtection","floor":43},{"not_picked":["Guardian:Gem_Green","Guardian:Gem_Crimson","Guardian:Recover+1"],"picked":"Guardian:ChargeCore+1","floor":47},{"not_picked":["Guardian:WalkerClaw","Guardian:TemporalShield","Guardian:Gem_Green"],"picked":"Guardian:Gem_Orange","floor":49},{"not_picked":["Guardian:TemporalShield","Guardian:Recover","Guardian:Incinerate"],"picked":"Guardian:VentSteam+1","floor":52}],"player_experience":1004335,"relics_obtained":[{"floor":9,"key":"Letter Opener"},{"floor":12,"key":"Ancient Tea Set"},{"floor":14,"key":"Question Card"},{"floor":21,"key":"Bottled Lightning"},{"floor":24,"key":"Juzu Bracelet"},{"floor":25,"key":"Bottled Flame"},{"floor":29,"key":"Mummified Hand"},{"floor":41,"key":"Strawberry"},{"floor":44,"key":"Pocketwatch"},{"floor":47,"key":"Anchor"},{"floor":52,"key":"White Beast Statue"}],"event_choices":[{"damage_healed":0,"gold_gain":0,"player_choice":"Donut","damage_taken":0,"max_hp_gain":5,"max_hp_loss":0,"event_name":"Big Fish","floor":11,"gold_loss":0},{"damage_healed":30,"gold_gain":0,"player_choice":"Full Heal","damage_taken":0,"max_hp_gain":0,"max_hp_loss":0,"event_name":"Wheel of Change","floor":27,"gold_loss":0},{"damage_healed":0,"gold_gain":0,"player_choice":"Fight","damage_taken":0,"max_hp_gain":0,"max_hp_loss":0,"event_name":"Mysterious Sphere","floor":44,"gold_loss":0},{"cards_removed":["Guardian:PrimingBeam"],"damage_healed":0,"gold_gain":0,"player_choice":"Removed Attack","damage_taken":0,"max_hp_gain":0,"max_hp_loss":0,"event_name":"Falling","floor":45,"gold_loss":0}],"is_beta":false,"boss_relics":[{"not_picked":["Tiny House","Guardian:StasisSlotReductionRelic"],"picked":"Snecko Eye"},{"not_picked":["SlaversCollar","Runic Pyramid"],"picked":"Pandora\u0027s Box"}],"items_purged_floors":[39,48,53],"is_endless":false,"potions_floor_spawned":[2,8,10,12,14,16,25,29,30,32,36],"ascension_level":6}}