{"host":"mgc7o2tpy0ck407l","time":1608656728,"event":{"mods":["Alarm Clock","AlwaysNeverKeys","BaseMod","Better Altar","Better Match","Better Note","Better Sensory Stone","Better Skull","Better Third Choice","Better Vampires","Block Reminder","Booster Modes","Challenge The Spire","Clawfect","Colored Map","Colored Powertips","Disable Question Mark Monsters","Emptier Cage","Infinite Spire","Minty Spire (QoL Compilation)","Permanent Neow","Quick Restart","Rare Cards Sparkle","Reorder Act Four","Replay The Spire","Spicy Shops","StSLib","The Blue Laboratory","Transform Curses","Unceasing Turn Reminder"],"gold_per_floor":[116,44,44,19,19,19,19,44,44,56,82,82,109,128,128,225,225,235,160,189,214,214,242,242,270,270,303,318,348,359,375,375,499,499,546,546,98,98,132,132,167,167,167,239,288,384,462,534,534,586],"floor_reached":51,"playtime":1399,"items_purged":[],"score":1723,"play_id":"7ee4d9e7-00cb-4fc9-95ed-f1f7edf6ce6a","local_time":"20201222120528","daily_mods":["Draft","Heirloom","DeadlyEvents","Elite Swarm"],"is_ascension_mode":true,"campfire_choices":[{"data":"Clawfect:ClawCell","floor":6.0,"key":"SMITH"},{"data":"Glacier","floor":12.0,"key":"PURGE"},{"data":"Leap","floor":15.0,"key":"PURGE"},{"data":"1","floor":24,"key":"LIFT"},{"data":"2","floor":32,"key":"LIFT"},{"data":"3","floor":40,"key":"LIFT"},{"data":"Crow Ritual","floor":42,"key":"PURGE"},{"data":"Clawfect:ScrapingClaw+1","floor":49,"key":"PURGE"}],"circlet_count":1,"master_deck":["Clawfect:ClawForOne","Clawfect:ClawAndTear","Clawfect:ClawCell+1","Clawfect:ClawCell+1","Clawfect:ClawCell","Clawfect:ClawCell","Clawfect:ClawLightning","Clawfect:Clawrage","Gash","Clawfect:ClawSnap","Clawfect:ClawSnap","Clawfect:Clawrage","Clawfect:Clawrage","Clawfect:ClawForOne","Clawfect:ClawForTheEyes","Clawfect:ClawAndGloom","Clawfect:Clawrage","Reboot+1","Fission+1","Reboot","Reboot","Panic Button","Panache","Secret Weapon","Reboot+1","Gash+1"],"relics":["Clawfect:DRClaw","Emotion Chip","infinitespire:WardingShard","Peace Pipe","Circlet","Garlic","Sozu","PreservedInsect","Gremlin Food","Girya","Replay:Mystery Machine","Regal Pillow","Molten Egg 2","ReplayTheSpireMod:Ninjato","Orichalcum","infinitespire:EvilPickle","Empty Cage","Replay:Baseball","FossilizedHelix","Golden Egg","infinitespire:SolderingIron","Replay:Bandana","Replay:Ringing Soul"],"acts_visited":["Exordium","TheCity","TheBeyond"],"potions_floor_usage":[23],"damage_taken":[{"damage":0.0,"enemies":"2 Louse","floor":1.0,"turns":3.0},{"damage":0.0,"enemies":"Lagavulin","floor":8.0,"turns":3.0},{"damage":0.0,"enemies":"Cultist","floor":10.0,"turns":2.0},{"damage":0.0,"enemies":"Gremlin Nob","floor":11.0,"turns":2.0},{"damage":0.0,"enemies":"Lagavulin","floor":13.0,"turns":3.0},{"damage":0.0,"enemies":"Jaw Worm","floor":14.0,"turns":2.0},{"damage":0.0,"enemies":"Slime Boss","floor":16.0,"turns":2.0},{"damage":0.0,"enemies":"3 Byrds","floor":18.0,"turns":2.0},{"damage":0,"enemies":"Gremlin Leader","floor":20,"turns":3},{"damage":0,"enemies":"Slavers","floor":23,"turns":2},{"damage":0,"enemies":"Gremlin Leader","floor":25,"turns":2},{"damage":3,"enemies":"Slavers","floor":27,"turns":2},{"damage":0,"enemies":"Spheric Guardian","floor":28,"turns":1},{"damage":0,"enemies":"Gremlin Leader","floor":29,"turns":1},{"damage":0,"enemies":"Centurion and Healer","floor":30,"turns":1},{"damage":0,"enemies":"Shelled Parasite and Fungi","floor":31,"turns":1},{"damage":0,"enemies":"Pondfish","floor":33,"turns":3},{"damage":0,"enemies":"Orb Walker","floor":35,"turns":1},{"damage":0,"enemies":"Nemesis","floor":39,"turns":1},{"damage":0,"enemies":"Giant Head","floor":41,"turns":1},{"damage":0,"enemies":"R_Hoarder","floor":44,"turns":2},{"damage":9,"enemies":"3 Shapes","floor":45,"turns":1},{"damage":0,"enemies":"Transient","floor":46,"turns":1},{"damage":0,"enemies":"Writhing Mass","floor":47,"turns":1},{"damage":0,"enemies":"Spire Growth","floor":48,"turns":1},{"damage":65,"enemies":"infinitespire:MassOfShapes","floor":50,"turns":1}],"seed_played":"-7709749924088304643","potions_obtained":[{"floor":8.0,"key":"blueLaboratory:AbyssPotion"},{"floor":10.0,"key":"AttackPotion"},{"floor":16.0,"key":"FearPotion"}],"is_trial":true,"path_per_floor":["M","$","WH","$","WH","R","?","E","T","M","E","R","E","M","R","B",null,"M","?","E","T","AVR","E","R","E","T","E","M","E","M","M","R","B",null,"M","?","$","?","E","R","E","R","T","E","M","M","M","M","R","B",null],"character_chosen":"DEFECT","items_purchased":["Clawfect:Clawrage","Clawfect:Clawrage","Replay:Baseball","FossilizedHelix"],"campfire_rested":0,"item_purchase_floors":[2,4,37,37],"current_hp_per_floor":[75,75,82,82,82,82,82,82,82,82,82,82,82,82,82,82,82,82,82,82,82,82,82,82,82,82,79,79,79,79,79,79,79,82,82,82,82,82,82,82,82,82,82,85,79,79,82,82,82,17],"gold":586,"neow_bonus":"REMOVE_CARD","is_daily":false,"chose_seed":false,"campfire_upgraded":1,"win_rate":0.0,"timestamp":1608656728,"path_taken":["M","$","WH","$","WH","R","?","E","T","M","E","R","E","M","R","BOSS","M","?","?","?","AVR","E","R","E","T","E","M","?","M","?","R","BOSS","M","?","$","?","?","R","E","R","T","E","?","M","M","M","R","BOSS"],"items_purchased_type":["Card","Card","Relic","Relic"],"build_version":"2020-12-13","purchased_purges":0,"victory":true,"max_hp_per_floor":[75,75,82,82,82,82,82,82,82,82,82,82,82,82,82,82,82,82,82,82,82,82,82,82,82,82,82,82,82,82,82,82,82,82,82,82,82,82,82,82,82,82,82,85,88,88,91,91,91,91],"card_choices":[{"not_picked":["Creative AI","Buffer"],"picked":"Clawfect:ClawForOne","floor":0.0},{"not_picked":["White Noise","ReplayTheSpireMod:System Scan"],"picked":"BootSequence","floor":0.0},{"not_picked":["Time Bomb","Loop"],"picked":"Clawfect:ClawAndTear","floor":0.0},{"not_picked":["Double Energy","ReplayTheSpireMod:System Scan"],"picked":"ReplaySolidLightProjector","floor":0.0},{"not_picked":["ReplaySolidLightProjector","Force Field"],"picked":"Glacier","floor":0.0},{"not_picked":["Turbo","Clawfect:ClawForTheEyes"],"picked":"Clawfect:ClawCell","floor":0.0},{"not_picked":["BasicCrystalCard","Clawfect:ScrapingClaw"],"picked":"Clawfect:ClawCell","floor":0.0},{"not_picked":["Clawfect:ClawpileDriver","Clawfect:Clawter"],"picked":"Clawfect:ClawCell","floor":0.0},{"not_picked":["Hologram","Clawfect:ClawLightning"],"picked":"Clawfect:ClawCell","floor":0.0},{"not_picked":["Clawfect:Clawrage","Rebound"],"picked":"Clawfect:ClawLightning","floor":0.0},{"not_picked":["Turbo","FTL"],"picked":"Clawfect:Clawrage","floor":0.0},{"not_picked":["Clawfect:Clawline","Redo"],"picked":"Gash","floor":0.0},{"not_picked":["Conserve Battery","Clawfect:ClawingBeam"],"picked":"Clawfect:ClawSnap","floor":0.0},{"not_picked":["Coolheaded","Stack"],"picked":"Steam","floor":0.0},{"not_picked":["Clawfect:Clawline","Clawfect:ClawpileDriver"],"picked":"Leap","floor":0.0},{"not_picked":["Defragment","FTL"],"picked":"Clawfect:ClawSnap","floor":1.0},{"not_picked":["Thunder Strike","Core Surge"],"picked":"Clawfect:ClawForOne","floor":8.0},{"not_picked":["Clawfect:ClawpileDriver","Clawfect:ScrapingClaw"],"picked":"Clawfect:ClawForTheEyes","floor":10.0},{"not_picked":["Buffer","Machine Learning","ReplayTheSpireMod:Omega Cannon"],"picked":"SKIP","floor":11.0},{"not_picked":["Core Surge","Buffer","Machine Learning"],"picked":"SKIP","floor":13.0},{"not_picked":["Hologram","Reprogram"],"picked":"Clawfect:ClawAndGloom","floor":14.0},{"not_picked":["Conserve Battery","Clawfect:ClawCell"],"picked":"Clawfect:Clawrage","floor":18.0},{"not_picked":["ReplayTheSpireMod:Omega Cannon+1","Fission+1"],"picked":"Reboot+1","floor":19},{"not_picked":["Machine Learning+1","Biased Cognition+1"],"picked":"Fission+1","floor":19},{"not_picked":["Buffer","Multi-Cast"],"picked":"Reboot","floor":20},{"not_picked":["Buffer","Mirror Shield","Thunder Strike"],"picked":"SKIP","floor":23},{"not_picked":["Thunder Strike","Multi-Cast","Biased Cognition"],"picked":"SKIP","floor":25},{"not_picked":["Echo Form","ReplayRNGCard","Core Surge+1"],"picked":"SKIP","floor":27},{"not_picked":["Self Repair","Clawfect:ClawCell+1","Steam"],"picked":"SKIP","floor":28},{"not_picked":["Mirror Shield","Fission"],"picked":"Reboot","floor":29},{"not_picked":["Time Bomb","ReplayGash+1","Clawfect:Clawline+1"],"picked":"SKIP","floor":30},{"not_picked":["Clawfect:ClawCell+1","Defragment","ReplayTheSpireMod:System Scan"],"picked":"SKIP","floor":31},{"not_picked":["Capacitor","Tempest+1"],"picked":"Panic Button","floor":35},{"not_picked":["Impatience","Specialist"],"picked":"Crow Ritual","floor":36},{"not_picked":["ReplayUltimateDefense","Bandage Up"],"picked":"Panache","floor":38},{"not_picked":["ReplayTheSpireMod:Brewmster","Midas Touch"],"picked":"Secret Weapon","floor":38},{"not_picked":["Buffer","Creative AI","Amplify"],"picked":"SKIP","floor":39},{"not_picked":["Fission","Clawfect:ClawForOne+1","ReplayRNGCard"],"picked":"SKIP","floor":41},{"not_picked":["Creative AI","Buffer"],"picked":"Reboot","floor":44},{"not_picked":["Clawfect:ScrapingClaw+1","Aggregate+1"],"picked":"Gash+1","floor":45},{"not_picked":["Coolheaded","Panic Button","Chill"],"picked":"SKIP","floor":46},{"not_picked":["Redo+1","Coolheaded"],"picked":"Clawfect:ScrapingClaw+1","floor":47},{"not_picked":["Clawfect:ClawpileDriver+1","BootSequence+1","Steam+1"],"picked":"SKIP","floor":48}],"player_experience":695188,"relics_obtained":[{"floor":8.0,"key":"Dead Branch"},{"floor":9.0,"key":"infinitespire:WardingShard"},{"floor":11.0,"key":"Peace Pipe"},{"floor":13.0,"key":"Garlic"},{"floor":20,"key":"PreservedInsect"},{"floor":21,"key":"Gremlin Food"},{"floor":23,"key":"Replay:Mystery Machine"},{"floor":25,"key":"Regal Pillow"},{"floor":26,"key":"Molten Egg 2"},{"floor":27,"key":"ReplayTheSpireMod:Ninjato"},{"floor":29,"key":"Orichalcum"},{"floor":39,"key":"Golden Egg"},{"floor":41,"key":"infinitespire:SolderingIron"},{"floor":43,"key":"Replay:Bandana"},{"floor":44,"key":"Replay:Ringing Soul"}],"event_choices":[{"damage_healed":0.0,"max_hp_gain":0.0,"max_hp_loss":0.0,"gold_gain":0.0,"event_name":"Living Wall","player_choice":"Grow","floor":7.0,"gold_loss":0.0,"damage_taken":0.0,"cards_upgraded":["Clawfect:ClawCell"]},{"damage_healed":0,"gold_gain":0,"player_choice":"3","damage_taken":0,"max_hp_gain":0,"max_hp_loss":0,"event_name":"betterMatch:BetterMatch","floor":19,"gold_loss":0,"cards_obtained":["betterMatch:RareCard"]},{"damage_healed":0,"gold_gain":3,"player_choice":"1","damage_taken":0,"max_hp_gain":0,"max_hp_loss":0,"event_name":"betterStone:BetterStone","floor":36,"gold_loss":0},{"damage_healed":0,"gold_gain":0,"player_choice":"Random: Blue","damage_taken":0,"max_hp_gain":0,"max_hp_loss":0,"event_name":"betterThird:BetterPortal","floor":38,"gold_loss":0},{"damage_healed":0,"gold_gain":3,"player_choice":"1","damage_taken":0,"max_hp_gain":0,"max_hp_loss":0,"event_name":"betterStone:BetterStone","floor":38,"gold_loss":0}],"is_beta":false,"boss_relics":[{"not_picked":["Runic Dome","Abe\u0027s Treasure"],"picked":"Sozu"},{"not_picked":["Honey Jar","Astrolabe"],"picked":"Empty Cage"}],"items_purged_floors":[],"is_endless":false,"potions_floor_spawned":[8,10,16,18,23,25,29,30,41,45,46],"ascension_level":1}}