{"host":"FirstDane","time":1608611753,"event":{"mods":["BaseMod","Bestiary","Highlight Path","Minty Spire (QoL Compilation)","Relic Stats","Slay the Relics Exporter"],"gold_per_floor":[110,128,28,47,47,75,86,86,138,171,171,200,20,36,36,113,113,124,150,168,185,185,215,215,233,312,343,343,369,369,397,397,472,472,483,202,222,272,290,320,320,335,335,335,364,364,396,415,415,415,415,415,415,4,33,33],"floor_reached":57,"playtime":8029,"items_purged":["Strike_G","Pain","Strike_G"],"score":3201,"play_id":"3ba6cc9a-a8f8-4690-ab59-64fdc466fe28","local_time":"20201221223553","is_ascension_mode":true,"campfire_choices":[{"data":"Finisher","floor":8,"key":"SMITH"},{"data":"Blade Dance","floor":11,"key":"SMITH"},{"data":"Well Laid Plans","floor":15,"key":"SMITH"},{"floor":24,"key":"REST"},{"data":"Blade Dance","floor":30,"key":"SMITH"},{"floor":32,"key":"REST"},{"floor":41,"key":"RECALL"},{"floor":46,"key":"REST"},{"data":"Burst","floor":49,"key":"SMITH"},{"data":"After Image","floor":53,"key":"SMITH"}],"circlet_count":0,"master_deck":["AscendersBane","Strike_G","Strike_G","Strike_G","Defend_G","Defend_G","Defend_G+1","Defend_G","Defend_G","Survivor","Neutralize","Finisher+1","Masterful Stab","Flash of Steel","Blade Dance+1","Bouncing Flask","Terror+1","Footwork","Acrobatics","Well Laid Plans+1","Corpse Explosion","Blade Dance+1","Backflip","Venomology","Doubt","Accuracy","PiercingWail","After Image+1","After Image","Blur","Catalyst+1","Concentrate","Burst+1","Clumsy","Secret Technique","Blind","Blur+1","Dash","Catalyst"],"relics":["Ring of the Snake","Akabeko","Bag of Marbles","War Paint","Cursed Key","Red Mask","Blue Candle","Ornamental Fan","Pen Nib","WarpedTongs","The Courier","Mercury Hourglass","Runic Pyramid","DollysMirror","Tough Bandages","Mango","Nunchaku","Strawberry","Membership Card","Snake Skull","Bottled Flame","Lantern"],"acts_visited":["Exordium","TheCity","TheBeyond","TheEnding"],"potions_floor_usage":[6,6,18,23,27,31,31,33,33,38,39,39,40,45,45,47,48,51,51,55,56,56,56,56],"damage_taken":[{"damage":6,"enemies":"Small Slimes","floor":1,"turns":5},{"damage":0,"enemies":"Cultist","floor":2,"turns":3},{"damage":0,"enemies":"2 Louse","floor":4,"turns":3},{"damage":0,"enemies":"Gremlin Nob","floor":6,"turns":2},{"damage":8,"enemies":"Looter","floor":7,"turns":2},{"damage":2,"enemies":"Lagavulin","floor":10,"turns":3},{"damage":20,"enemies":"3 Sentries","floor":12,"turns":8},{"damage":0,"enemies":"Lots of Slimes","floor":14,"turns":3},{"damage":9,"enemies":"The Guardian","floor":16,"turns":9},{"damage":9,"enemies":"2 Thieves","floor":18,"turns":4},{"damage":18,"enemies":"Masked Bandits","floor":19,"turns":4},{"damage":0,"enemies":"Spheric Guardian","floor":20,"turns":2},{"damage":0,"enemies":"Snecko","floor":21,"turns":1},{"damage":8,"enemies":"Slavers","floor":23,"turns":2},{"damage":0,"enemies":"Centurion and Healer","floor":25,"turns":2},{"damage":1,"enemies":"Book of Stabbing","floor":27,"turns":2},{"damage":0,"enemies":"Gremlin Leader","floor":29,"turns":1},{"damage":34,"enemies":"Slavers","floor":31,"turns":5},{"damage":10,"enemies":"Champ","floor":33,"turns":8},{"damage":10,"enemies":"3 Darklings","floor":35,"turns":5},{"damage":0,"enemies":"3 Shapes","floor":37,"turns":4},{"damage":0,"enemies":"2 Orb Walkers","floor":38,"turns":2},{"damage":0,"enemies":"Writhing Mass","floor":39,"turns":8},{"damage":0,"enemies":"Nemesis","floor":40,"turns":3},{"damage":0,"enemies":"Jaw Worm Horde","floor":42,"turns":4},{"damage":34,"enemies":"Reptomancer","floor":45,"turns":6},{"damage":11,"enemies":"Nemesis","floor":47,"turns":5},{"damage":4,"enemies":"Transient","floor":48,"turns":6},{"damage":11,"enemies":"Awakened One","floor":50,"turns":25},{"damage":0,"enemies":"Donu and Deca","floor":51,"turns":7},{"damage":36,"enemies":"Shield and Spear","floor":55,"turns":8},{"damage":26,"enemies":"The Heart","floor":56,"turns":8}],"seed_played":"2198724770791594869","potions_obtained":[{"floor":1,"key":"PowerPotion"},{"floor":2,"key":"Swift Potion"},{"floor":5,"key":"Swift Potion"},{"floor":7,"key":"FearPotion"},{"floor":18,"key":"Explosive Potion"},{"floor":23,"key":"CunningPotion"},{"floor":25,"key":"LiquidBronze"},{"floor":29,"key":"Block Potion"},{"floor":31,"key":"SteroidPotion"},{"floor":37,"key":"DistilledChaos"},{"floor":38,"key":"Regen Potion"},{"floor":47,"key":"DuplicationPotion"}],"is_trial":false,"path_per_floor":["M","M","$","M","?","E","M","R","T","E","R","E","$","M","R","B",null,"M","?","M","M","?","E","R","M","T","E","?","E","R","E","R","B",null,"M","$","M","?","M","E","R","M","T","?","E","R","E","M","R","B","B",null,"R","$","E","B",null],"character_chosen":"THE_SILENT","items_purchased":["Flash of Steel","Footwork","Acrobatics","DollysMirror","Blur","Membership Card","Snake Skull","Bottled Flame","BlessingOfTheForge","Dash"],"campfire_rested":3,"item_purchase_floors":[3,13,13,36,36,54,54,54,54,54],"current_hp_per_floor":[59,59,59,59,59,59,51,51,51,49,49,29,29,29,29,20,59,50,32,32,32,32,24,45,45,45,44,44,44,44,10,31,21,59,49,49,49,49,64,78,78,78,78,68,34,59,55,51,51,40,40,80,80,80,44,18],"gold":33,"neow_bonus":"TEN_PERCENT_HP_BONUS","is_daily":false,"chose_seed":false,"campfire_upgraded":6,"win_rate":0.0,"timestamp":1608611753,"path_taken":["M","M","$","M","?","E","?","R","T","E","R","E","?","M","R","BOSS","M","?","M","M","?","E","R","M","T","E","?","E","R","E","R","BOSS","M","$","?","?","M","E","R","M","T","?","E","R","E","M","R","BOSS","BOSS","R","$","E","BOSS"],"items_purchased_type":["Card","Card","Card","Relic","Card","Relic","Relic","Relic","Potion","Card"],"build_version":"2020-12-18","purchased_purges":3,"victory":true,"max_hp_per_floor":[72,72,72,72,72,72,72,72,72,72,72,72,72,72,72,72,72,72,72,72,72,72,72,72,72,72,72,72,72,72,72,72,72,72,72,72,72,72,72,86,86,86,86,86,86,86,93,93,93,93,93,93,93,93,93,93],"relic_stats":{"counters":[32,160],"Blue Candle":[7],"Pen Nib":[24],"Snake Skull":[12],"War Paint":["Defend_G","Terror"],"Cursed Key":2,"WarpedTongs":[102],"Mercury Hourglass":[318],"Tough Bandages":[168],"Nunchaku":[14],"Ornamental Fan":[236],"obtain_stats":[{"Lantern":55,"Blue Candle":23,"Mango":40,"Pen Nib":27,"The Courier":29,"Snake Skull":54,"War Paint":12,"Cursed Key":17,"Akabeko":9,"WarpedTongs":28,"Mercury Hourglass":31,"Tough Bandages":38,"Nunchaku":45,"Bottled Flame":54,"Ornamental Fan":26,"DollysMirror":36,"Strawberry":47,"Bag of Marbles":10,"Red Mask":19,"Membership Card":54,"Ring of the Snake":0,"Runic Pyramid":34},{"Lantern":31,"Blue Candle":14,"Mango":24,"Pen Nib":16,"The Courier":17,"Snake Skull":30,"War Paint":7,"Cursed Key":9,"Akabeko":5,"WarpedTongs":16,"Mercury Hourglass":18,"Tough Bandages":22,"Nunchaku":26,"Bottled Flame":30,"Ornamental Fan":15,"DollysMirror":20,"Strawberry":27,"Bag of Marbles":6,"Red Mask":11,"Membership Card":30,"Ring of the Snake":0,"Runic Pyramid":19},{"Lantern":152,"Blue Candle":51,"Mango":91,"Pen Nib":55,"The Courier":56,"Snake Skull":144,"War Paint":26,"Cursed Key":38,"Akabeko":15,"WarpedTongs":55,"Mercury Hourglass":61,"Tough Bandages":80,"Nunchaku":101,"Bottled Flame":144,"Ornamental Fan":53,"DollysMirror":74,"Strawberry":106,"Bag of Marbles":18,"Red Mask":46,"Membership Card":144,"Ring of the Snake":0,"Runic Pyramid":69}],"Ring of the Snake":[64]},"card_choices":[{"not_picked":["Infinite Blades","Expertise"],"picked":"Finisher","floor":1},{"not_picked":["Caltrops","Acrobatics"],"picked":"Masterful Stab","floor":2},{"not_picked":["Dodge and Roll","Calculated Gamble"],"picked":"Blade Dance","floor":4},{"not_picked":["Catalyst","Skewer"],"picked":"Bouncing Flask","floor":6},{"not_picked":["Blur","Bane"],"picked":"Terror","floor":7},{"not_picked":["Deflect","Eviscerate","Reflex"],"picked":"SKIP","floor":10},{"not_picked":["Deflect","Eviscerate","Reflex"],"picked":"SKIP","floor":10},{"not_picked":["Endless Agony","Cloak And Dagger","Sucker Punch"],"picked":"SKIP","floor":12},{"not_picked":["Endless Agony","Concentrate"],"picked":"Well Laid Plans","floor":14},{"not_picked":["Storm of Steel","Night Terror"],"picked":"Corpse Explosion","floor":16},{"not_picked":["Outmaneuver","Flying Knee+1"],"picked":"Blade Dance","floor":18},{"not_picked":["Calculated Gamble","Dagger Throw"],"picked":"Backflip","floor":19},{"not_picked":["Outmaneuver","Expertise","Blade Dance"],"picked":"SKIP","floor":20},{"not_picked":["Well Laid Plans","Underhanded Strike","Footwork"],"picked":"SKIP","floor":21},{"not_picked":["Dagger Spray","Sucker Punch","Slice"],"picked":"SKIP","floor":23},{"not_picked":["Setup","Dagger Spray"],"picked":"Venomology","floor":25},{"not_picked":["Masterful Stab","Dagger Throw"],"picked":"Accuracy","floor":27},{"not_picked":["Distraction","Choke","Sucker Punch+1"],"picked":"SKIP","floor":29},{"not_picked":["Riddle With Holes","Dodge and Roll"],"picked":"PiercingWail","floor":31},{"not_picked":["Envenom","Storm of Steel"],"picked":"After Image","floor":33},{"not_picked":["Backflip","Dagger Spray","Dodge and Roll"],"picked":"SKIP","floor":35},{"not_picked":["Outmaneuver","Deflect"],"picked":"Catalyst+1","floor":37},{"not_picked":["Eviscerate","Dagger Spray+1","Underhanded Strike"],"picked":"SKIP","floor":39},{"not_picked":["Well Laid Plans","Heel Hook"],"picked":"Concentrate","floor":40},{"not_picked":["Deflect","Dagger Throw"],"picked":"Burst","floor":42},{"not_picked":["Forethought","Swift Strike"],"picked":"Secret Technique","floor":44},{"not_picked":["Master of Strategy","Madness"],"picked":"Blind","floor":44},{"not_picked":["Prepared","Backflip","Well Laid Plans"],"picked":"SKIP","floor":45},{"not_picked":["Eviscerate+1","Heel Hook"],"picked":"Blur+1","floor":47},{"not_picked":["Dodge and Roll","Caltrops","Catalyst"],"picked":"SKIP","floor":48},{"not_picked":["Masterful Stab","Deadly Poison"],"picked":"Catalyst","floor":55}],"player_experience":3786485,"relics_obtained":[{"floor":9,"key":"Akabeko"},{"floor":10,"key":"Bag of Marbles"},{"floor":12,"key":"War Paint"},{"floor":19,"key":"Red Mask"},{"floor":23,"key":"Blue Candle"},{"floor":26,"key":"Ornamental Fan"},{"floor":27,"key":"Pen Nib"},{"floor":29,"key":"The Courier"},{"floor":31,"key":"Mercury Hourglass"},{"floor":38,"key":"Tough Bandages"},{"floor":40,"key":"Mango"},{"floor":45,"key":"Nunchaku"},{"floor":47,"key":"Strawberry"},{"floor":55,"key":"Lantern"}],"event_choices":[{"damage_healed":0,"gold_gain":0,"player_choice":"Got Potions","damage_taken":0,"max_hp_gain":0,"max_hp_loss":0,"event_name":"Lab","floor":5,"gold_loss":0},{"damage_healed":0,"gold_gain":0,"player_choice":"Fought Bandits","damage_taken":0,"max_hp_gain":0,"max_hp_loss":0,"event_name":"Masked Bandits","floor":19,"gold_loss":0},{"damage_healed":0,"gold_gain":0,"player_choice":"Ignored","damage_taken":0,"max_hp_gain":0,"max_hp_loss":0,"event_name":"The Mausoleum","floor":22,"gold_loss":0},{"damage_healed":0,"gold_gain":0,"player_choice":"Rummage","damage_taken":0,"relics_obtained":["WarpedTongs"],"max_hp_gain":0,"max_hp_loss":0,"event_name":"Accursed Blacksmith","floor":28,"gold_loss":0,"cards_obtained":["Pain"]},{"damage_healed":0,"gold_gain":0,"player_choice":"Fight","damage_taken":0,"max_hp_gain":0,"max_hp_loss":0,"event_name":"Mysterious Sphere","floor":38,"gold_loss":0},{"damage_healed":0,"gold_gain":0,"player_choice":"Memory 3","damage_taken":10,"max_hp_gain":0,"max_hp_loss":0,"event_name":"SensoryStone","floor":44,"gold_loss":0}],"is_beta":true,"boss_relics":[{"not_picked":["Ectoplasm","Coffee Dripper"],"picked":"Cursed Key"},{"not_picked":["WristBlade","Ring of the Serpent"],"picked":"Runic Pyramid"}],"items_purged_floors":[13,36,54],"is_endless":false,"potions_floor_spawned":[1,2,4,7,18,23,25,29,31,37,38,47],"ascension_level":20}}