{"host":"03a85bwj0a5skoit","time":1608600596,"event":{"mods":["BaseMod","Block Reminder","Minty Spire (QoL Compilation)","Relic Stats","StSLib"],"gold_per_floor":[111,124,142,142,154,154,179,144,144,179,179,206,216,226,226,300,300,316,316,316,13,0,0],"floor_reached":22,"playtime":717,"items_purged":[],"score":483,"play_id":"44a8b236-bcce-4481-a1d6-9ee077ec4d7b","local_time":"20201222115956","is_ascension_mode":true,"campfire_choices":[{"data":"Darkness","floor":6,"key":"SMITH"},{"floor":15,"key":"REST"}],"circlet_count":0,"master_deck":["AscendersBane","Zap","Dualcast","Barrage","FTL","Darkness+1","Lockon","Darkness","Fusion","Redo","Creative AI+1","Echo Form+1","Compile Driver","Hologram","Meteor Strike","All For One","Rebound","Ball Lightning","FTL","Bite","Bite","Bite","Bite","Bite","Self Repair+1"],"relics":["Black Star","Frozen Egg 2","Vajra","White Beast Statue","Dream Catcher","InkBottle","The Courier","Art of War","Pandora\u0027s Box","Bag of Preparation","Ancient Tea Set"],"acts_visited":["Exordium","TheCity"],"potions_floor_usage":[7,10,10,12,18,22],"damage_taken":[{"damage":9,"enemies":"2 Louse","floor":1,"turns":4},{"damage":2,"enemies":"Small Slimes","floor":2,"turns":5},{"damage":9,"enemies":"Jaw Worm","floor":3,"turns":4},{"damage":15,"enemies":"Exordium Wildlife","floor":5,"turns":4},{"damage":20,"enemies":"3 Sentries","floor":7,"turns":6},{"damage":0,"enemies":"Lagavulin","floor":10,"turns":4},{"damage":8,"enemies":"Gremlin Nob","floor":12,"turns":3},{"damage":0,"enemies":"Blue Slaver","floor":13,"turns":2},{"damage":7,"enemies":"2 Fungi Beasts","floor":14,"turns":4},{"damage":18,"enemies":"Slime Boss","floor":16,"turns":7},{"damage":21,"enemies":"3 Byrds","floor":18,"turns":3},{"damage":22,"enemies":"2 Thieves","floor":22,"turns":1}],"seed_played":"8412742395926177392","potions_obtained":[{"floor":3,"key":"EssenceOfDarkness"},{"floor":5,"key":"FearPotion"},{"floor":7,"key":"ColorlessPotion"},{"floor":10,"key":"FearPotion"},{"floor":12,"key":"Weak Potion"},{"floor":13,"key":"SpeedPotion"},{"floor":16,"key":"Swift Potion"},{"floor":18,"key":"FearPotion"}],"is_trial":false,"path_per_floor":["M","M","M","?","M","R","E","?","T","E","?","E","M","M","R","B",null,"M","?","?","$","M"],"character_chosen":"DEFECT","items_purchased":["Self Repair+1","Bag of Preparation","Ancient Tea Set"],"campfire_rested":1,"item_purchase_floors":[21,21,21],"current_hp_per_floor":[55,53,44,37,22,22,2,19,19,19,19,11,11,4,25,7,55,34,14,14,14,0,0],"gold":0,"neow_bonus":"BOSS_RELIC","is_daily":false,"chose_seed":false,"campfire_upgraded":1,"win_rate":0.0,"timestamp":1608600596,"path_taken":["M","M","M","?","M","R","E","?","T","E","?","E","M","?","R","BOSS","M","?","?","$","M"],"items_purchased_type":["Card","Relic","Relic"],"build_version":"2020-12-13","purchased_purges":0,"victory":false,"max_hp_per_floor":[71,71,71,71,71,71,71,71,71,71,71,71,71,71,71,71,71,71,76,53,53,53,53],"relic_stats":{"Dream Catcher":1,"counters":[12,47],"Pandora\u0027s Box":["Echo Form","Compile Driver","Hologram","Meteor Strike","All For One","Rebound","Ball Lightning"],"Black Star":3,"Art of War":[4],"Bag of Preparation":[2],"obtain_stats":[{"Dream Catcher":10,"Vajra":7,"Pandora\u0027s Box":17,"The Courier":12,"Black Star":0,"Art of War":12,"Bag of Preparation":21,"Frozen Egg 2":7,"Cracked Core":0,"Ancient Tea Set":21,"White Beast Statue":9,"InkBottle":10},{"Dream Catcher":6,"Vajra":5,"Pandora\u0027s Box":10,"The Courier":7,"Black Star":0,"Art of War":7,"Bag of Preparation":11,"Frozen Egg 2":5,"Cracked Core":0,"Ancient Tea Set":11,"White Beast Statue":5,"InkBottle":6},{"Dream Catcher":27,"Vajra":23,"Pandora\u0027s Box":43,"The Courier":30,"Black Star":0,"Art of War":30,"Bag of Preparation":46,"Frozen Egg 2":23,"Cracked Core":0,"Ancient Tea Set":46,"White Beast Statue":23,"InkBottle":27}],"InkBottle":[7]},"card_choices":[{"not_picked":["Steam","Reprogram"],"picked":"Barrage","floor":1},{"not_picked":["Conserve Battery","Heatsinks"],"picked":"FTL","floor":2},{"not_picked":["Steam","Consume"],"picked":"Darkness","floor":3},{"not_picked":["Auto Shields","Force Field"],"picked":"Lockon","floor":5},{"not_picked":["Reprogram","Blizzard","Gash"],"picked":"SKIP","floor":7},{"not_picked":["Go for the Eyes","Scrape","Streamline"],"picked":"SKIP","floor":10},{"not_picked":["Go for the Eyes","Melter","Beam Cell"],"picked":"SKIP","floor":12},{"not_picked":["Ball Lightning","Turbo"],"picked":"Darkness","floor":13},{"not_picked":["Tempest","Barrage"],"picked":"Fusion","floor":14},{"not_picked":["Cold Snap","Glacier"],"picked":"Redo","floor":15},{"not_picked":["Biased Cognition+1","Thunder Strike"],"picked":"Creative AI+1","floor":16},{"not_picked":["Compile Driver","Consume"],"picked":"FTL","floor":18}],"player_experience":2279972,"relics_obtained":[{"floor":7,"key":"Frozen Egg 2"},{"floor":7,"key":"Vajra"},{"floor":9,"key":"White Beast Statue"},{"floor":10,"key":"Dream Catcher"},{"floor":10,"key":"InkBottle"},{"floor":12,"key":"The Courier"},{"floor":12,"key":"Art of War"}],"event_choices":[{"cards_removed":["Strike_B"],"damage_healed":0,"gold_gain":0,"player_choice":"Card Removal","damage_taken":7,"max_hp_gain":0,"max_hp_loss":0,"event_name":"Golden Wing","floor":4,"gold_loss":0},{"damage_healed":17,"gold_gain":0,"player_choice":"Healed","damage_taken":0,"max_hp_gain":0,"max_hp_loss":0,"event_name":"The Cleric","floor":8,"gold_loss":35},{"damage_healed":0,"gold_gain":0,"player_choice":"Fled","damage_taken":0,"max_hp_gain":0,"max_hp_loss":0,"event_name":"Scrap Ooze","floor":11,"gold_loss":0},{"damage_healed":0,"gold_gain":0,"player_choice":"Shed Blood","damage_taken":25,"max_hp_gain":5,"max_hp_loss":0,"event_name":"Forgotten Altar","floor":19,"gold_loss":0},{"damage_healed":0,"gold_gain":0,"player_choice":"Became a vampire","damage_taken":0,"max_hp_gain":0,"max_hp_loss":23,"event_name":"Vampires","floor":20,"gold_loss":0,"cards_obtained":["Bite","Bite","Bite","Bite","Bite"]}],"is_beta":false,"boss_relics":[{"not_picked":["Nuclear Battery","Calling Bell"],"picked":"Pandora\u0027s Box"}],"items_purged_floors":[],"is_endless":false,"potions_floor_spawned":[3,5,7,10,12,13,14,16,18],"killed_by":"2 Thieves","ascension_level":20}}