{"host":"7fyy23rucerupe6i","time":1608609082,"event":{"mods":["BaseMod","Downfall","Minty Spire (QoL Compilation)","StSLib","The Administrix","The Animator"],"gold_per_floor":[99,99,125,125,125,50,75,0,13,48,66,85,102,116,131,236,236,236,254,254,266,266,279,305,305,305,305,323,323,308,324,341,436,436,436,456,456,360,360,360,385,397,382,393,408,408,408,408,425,425],"floor_reached":51,"playtime":2810,"items_purged":[],"score":734,"play_id":"84652af9-cd2c-410b-b979-d08ca4f41457","local_time":"20201222115122","is_ascension_mode":false,"campfire_choices":[{"floor":1.0,"key":"RECALL"},{"data":"hexamod:ChargedBarrage","floor":6.0,"key":"SMITH"},{"data":"hexamod:Sear","floor":8.0,"key":"SMITH"},{"data":"hexamod:WildfireWeapon","floor":18.0,"key":"SMITH"},{"data":"hexamod:SpectersWail","floor":20.0,"key":"SMITH"},{"data":"hexamod:RecurringNightmare","floor":25.0,"key":"SMITH"},{"data":"hexamod:Haunt","floor":27.0,"key":"SMITH"},{"data":"hexamod:UnleashSpirits","floor":35.0,"key":"SMITH"},{"data":"Finesse","floor":40.0,"key":"SMITH"},{"data":"hexamod:NightmareGuise","floor":47,"key":"SMITH"}],"circlet_count":0,"master_deck":["hexamod:Strike","hexamod:Strike","hexamod:Strike","hexamod:Strike","hexamod:Defend","hexamod:Defend","hexamod:Defend","hexamod:Defend","hexamod:Sear+1","hexamod:Float","hexamod:ChargedBarrage+1","hexamod:SpectersWail+1","hexamod:NightmareGuise+1","hexamod:SpectersWail+1","hexamod:WildfireWeapon+1","hexamod:Hexaguard","hexamod:Haunt+1","hexamod:RecurringNightmare+1","hexamod:FirstSeal","hexamod:UnleashSpirits+1","expansioncontent:Collect","expansioncontent:Collect","hexamod:Hexaguard+1","Finesse+1","hexamod:EtherealExpedition+1"],"relics":["hexamod:SpiritBrand","downfall:HeartsMalice","Singing Bowl","downfall:HeartBlessingRed","downfall:HeartBlessingBlue","Mummified Hand","Coffee Dripper","Dream Catcher","Philosopher\u0027s Stone","Smiling Mask","Shuriken"],"acts_visited":["Exordium","TheCity","TheBeyond"],"potions_floor_usage":[50],"damage_taken":[{"damage":0.0,"enemies":"downfall:FleeingMerchant","floor":2.0,"turns":1.0},{"damage":0.0,"enemies":"3 Sentries","floor":3.0,"turns":1.0},{"damage":0.0,"enemies":"2 Louse","floor":4.0,"turns":1.0},{"damage":0.0,"enemies":"Cultist","floor":9.0,"turns":3.0},{"damage":24.0,"enemies":"Gremlin Nob","floor":10.0,"turns":4.0},{"damage":5.0,"enemies":"Small Slimes","floor":11.0,"turns":3.0},{"damage":1.0,"enemies":"Large Slime","floor":12.0,"turns":3.0},{"damage":11.0,"enemies":"Exordium Thugs","floor":13.0,"turns":3.0},{"damage":0.0,"enemies":"Blue Slaver","floor":14.0,"turns":3.0},{"damage":0.0,"enemies":"Large Slime","floor":15.0,"turns":4.0},{"damage":32.0,"enemies":"downfall:Silent","floor":16.0,"turns":6.0},{"damage":0.0,"enemies":"Chosen","floor":19.0,"turns":3.0},{"damage":14.0,"enemies":"Spheric Guardian","floor":21.0,"turns":5.0},{"damage":16.0,"enemies":"Snake Plant","floor":23.0,"turns":3.0},{"damage":0.0,"enemies":"3 Cultists","floor":28.0,"turns":4.0},{"damage":0.0,"enemies":"downfall:FleeingMerchant","floor":30.0,"turns":4.0},{"damage":0.0,"enemies":"Centurion and Healer","floor":31.0,"turns":4.0},{"damage":7.0,"enemies":"Snecko","floor":32.0,"turns":6.0},{"damage":49.0,"enemies":"downfall:Watcher","floor":33.0,"turns":8.0},{"damage":7.0,"enemies":"3 Shapes","floor":36.0,"turns":3.0},{"damage":0.0,"enemies":"downfall:FleeingMerchant","floor":38.0,"turns":4.0},{"damage":0.0,"enemies":"Orb Walker","floor":42.0,"turns":4.0},{"damage":0.0,"enemies":"downfall:FleeingMerchant","floor":43.0,"turns":4.0},{"damage":7.0,"enemies":"Jaw Worm Horde","floor":44.0,"turns":4.0},{"damage":14.0,"enemies":"Writhing Mass","floor":45.0,"turns":6.0},{"damage":26,"enemies":"Spire Growth","floor":49,"turns":6},{"damage":54,"enemies":"downfall:Ironclad","floor":50,"turns":10}],"seed_played":"-2341444838178331013","potions_obtained":[{"floor":9.0,"key":"Fire Potion"},{"floor":11.0,"key":"Explosive Potion"},{"floor":12.0,"key":"DuplicationPotion"},{"floor":13.0,"key":"Swift Potion"},{"floor":14.0,"key":"FairyPotion"},{"floor":15.0,"key":"champ:CounterPotion"},{"floor":31.0,"key":"Block Potion"},{"floor":33.0,"key":"SteroidPotion"},{"floor":45.0,"key":"Fire Potion"}],"is_trial":false,"path_per_floor":["R","$","E","M","?","R","T","R","M","E","M","M","M","M","M","B",null,"R","M","R","M","?","M","T","R","?","R","M","?","$","M","M","B",null,"R","M","?","$","?","R","T","M","$","M","M","?","R","?","M","B",null],"character_chosen":"THE_SPIRIT","items_purchased":["Finesse"],"campfire_rested":0,"item_purchase_floors":[38],"current_hp_per_floor":[70,70,72,72,72,72,72,82,84,60,57,56,47,49,51,19,92,92,92,92,78,78,64,64,64,57,57,66,66,75,84,86,44,102,102,104,96,96,96,96,96,98,107,109,104,104,104,104,85,38],"gold":425,"neow_bonus":"THREE_ENEMY_KILL","is_daily":false,"chose_seed":false,"campfire_upgraded":9,"win_rate":0.0,"timestamp":1608609082,"path_taken":["R","$","E","M","?","R","T","R","M","E","M","?","M","M","M","BOSS","R","M","R","M","?","M","T","R","?","R","M","?","$","?","M","BOSS","R","M","?","$","?","R","T","M","$","M","M","?","R","?","M","BOSS"],"items_purchased_type":["Card"],"build_version":"2020-12-13","purchased_purges":0,"victory":true,"max_hp_per_floor":[70,70,72,72,72,72,72,82,84,84,86,86,88,90,92,92,92,92,92,92,92,92,94,94,94,94,94,96,96,98,100,102,102,102,102,104,106,106,106,106,106,108,110,112,114,114,114,114,114,114],"card_choices":[{"not_picked":["hexamod:Again","hexamod:FourthSeal"],"picked":"hexamod:ChargedBarrage","floor":2.0},{"not_picked":["hexamod:SwordOfDarkness","hexamod:Again","hexamod:ShieldOfDarkness"],"picked":"Singing Bowl","floor":3.0},{"not_picked":["hexamod:SecondSeal","hexamod:Rewind"],"picked":"hexamod:SpectersWail","floor":4.0},{"not_picked":["hexamod:BacktrackSmack","hexamod:SoulSteal","hexamod:SwordOfDarkness"],"picked":"Singing Bowl","floor":9.0},{"not_picked":["hexamod:SwordOfDarkness","hexamod:RadiantFlame"],"picked":"hexamod:NightmareGuise","floor":10.0},{"not_picked":["hexamod:GhostLash","hexamod:Again","hexamod:SpectralAdrenaline"],"picked":"Singing Bowl","floor":11.0},{"not_picked":["hexamod:ExtraCrispy","hexamod:SwordOfDarkness"],"picked":"hexamod:SpectersWail","floor":12.0},{"not_picked":["hexamod:Again","hexamod:GhostShield","hexamod:FourthSeal"],"picked":"Singing Bowl","floor":13.0},{"not_picked":["hexamod:HauntingEcho","hexamod:ExtraCrispy","hexamod:ThermalTransfer"],"picked":"Singing Bowl","floor":14.0},{"not_picked":["hexamod:GhostLash","hexamod:GhostOfSpireFuture","hexamod:HauntingEcho"],"picked":"Singing Bowl","floor":15.0},{"not_picked":["hexamod:GhostflameInferno","hexamod:FifthSeal"],"picked":"hexamod:WildfireWeapon","floor":16.0},{"not_picked":["hexamod:BacktrackSmack","hexamod:NightmareStrike"],"picked":"hexamod:Hexaguard","floor":19.0},{"not_picked":["hexamod:SkipABeat","hexamod:NightmareGuise+1"],"picked":"hexamod:Haunt","floor":21.0},{"not_picked":["hexamod:AdvancingGuard","hexamod:BurningTouch+1","hexamod:RainOfEmbers+1"],"picked":"Singing Bowl","floor":23.0},{"not_picked":["hexamod:GhostflameBarrier","hexamod:Hexaguard","hexamod:Incineration"],"picked":"Singing Bowl","floor":28.0},{"not_picked":["hexamod:CrushingStance","hexamod:BacktrackSmack+1","hexamod:InspiringFlames"],"picked":"Singing Bowl","floor":30.0},{"not_picked":["hexamod:FirstSeal","hexamod:BurningTouch","hexamod:GhostLash"],"picked":"Singing Bowl","floor":31.0},{"not_picked":["hexamod:BurningTouch+1","hexamod:InspiringFlames","hexamod:NightmareStrike"],"picked":"Singing Bowl","floor":32.0},{"not_picked":["hexamod:SixthSeal","hexamod:GhostflameInferno"],"picked":"hexamod:UnleashSpirits","floor":33.0},{"not_picked":["hexamod:SwordOfDarkness","hexamod:HauntingEcho","hexamod:SecondSeal"],"picked":"Singing Bowl","floor":36.0},{"not_picked":["expansioncontent:PrepareCrush","expansioncontent:LastStand","expansioncontent:BronzeBeam"],"picked":"Singing Bowl","floor":37.0},{"not_picked":["expansioncontent:DefensiveMode","expansioncontent:HyperBeam"],"picked":"expansioncontent:Collect","floor":37.0},{"not_picked":["expansioncontent:SlimeTackle","expansioncontent:DecasProtection"],"picked":"expansioncontent:Collect","floor":37.0},{"not_picked":["hexamod:Firestarter+1","hexamod:AdvancingGuard"],"picked":"hexamod:Hexaguard+1","floor":38.0},{"not_picked":["hexamod:HauntingEcho+1","hexamod:Hexaguard+1","hexamod:NightmareStrike"],"picked":"Singing Bowl","floor":42.0},{"not_picked":["hexamod:GhostShield","hexamod:EmpoweringStance","hexamod:SpectersWail+1"],"picked":"Singing Bowl","floor":43.0},{"not_picked":["hexamod:Rewind","hexamod:SoulSteal","hexamod:EmpoweredFlame"],"picked":"Singing Bowl","floor":44.0},{"not_picked":["hexamod:GhostShield","hexamod:HeatShield+1","hexamod:Firestarter"],"picked":"Singing Bowl","floor":45.0},{"not_picked":["hexamod:GhostLash","hexamod:GhostShield+1"],"picked":"hexamod:EtherealExpedition+1","floor":49}],"player_experience":406287,"relics_obtained":[{"floor":3.0,"key":"Singing Bowl"},{"floor":10.0,"key":"Mummified Hand"},{"floor":24.0,"key":"Dream Catcher"},{"floor":41.0,"key":"Smiling Mask"},{"floor":46,"key":"Shuriken"}],"event_choices":[{"damage_healed":0.0,"max_hp_gain":0.0,"max_hp_loss":0.0,"gold_gain":0.0,"event_name":"Accursed Blacksmith","player_choice":"Forge","floor":5.0,"gold_loss":0.0,"damage_taken":0.0,"cards_upgraded":["hexamod:SpectersWail"]},{"damage_healed":0.0,"max_hp_gain":0.0,"max_hp_loss":0.0,"gold_gain":0.0,"event_name":"The Library","player_choice":"Read","floor":22.0,"gold_loss":0.0,"damage_taken":0.0,"cards_obtained":["hexamod:RecurringNightmare"]},{"damage_healed":0.0,"max_hp_gain":0.0,"max_hp_loss":0.0,"gold_gain":0.0,"event_name":"Mysterious Sphere","player_choice":"Ignored","floor":39.0,"gold_loss":0.0,"damage_taken":0.0}],"is_beta":false,"boss_relics":[{"not_picked":["Empty Cage","Cursed Key"],"picked":"Coffee Dripper"},{"not_picked":["Runic Dome","SacredBark"],"picked":"Philosopher\u0027s Stone"}],"items_purged_floors":[],"is_endless":false,"potions_floor_spawned":[9,11,12,13,14,15,31,32,33,45,49],"ascension_level":0}}