{"host":"6pgtslebjnyv5xmi","time":1608651280,"event":{"mods":["AchievementEnabler","BaseMod","Colored Map","Minty Spire (QoL Compilation)","Rare Cards Sparkle","SuperFastMode","everything is the same but u backflip on backflip"],"gold_per_floor":[118,118,118,145,105,117,117,142,165,165,165,62,62,72,72,174,174,189,209,209,221,61,61,88,88,114,133,133,58,88,107,107,211,211,229,229,129,129,146,146,146,146],"floor_reached":41,"playtime":2467,"items_purged":["Strike_R","Pain"],"score":552,"play_id":"4aef4995-abec-434d-b639-aba44b123bd2","local_time":"20201223003440","is_ascension_mode":true,"campfire_choices":[{"data":"Fire Breathing","floor":7.0,"key":"SMITH"},{"data":"Reckless Charge","floor":11.0,"key":"SMITH"},{"data":"Sentinel","floor":13.0,"key":"SMITH"},{"floor":15.0,"key":"RECALL"},{"data":"Dark Embrace","floor":23.0,"key":"SMITH"},{"data":"Feed","floor":25.0,"key":"SMITH"},{"data":"Feel No Pain","floor":28.0,"key":"SMITH"},{"data":"Barricade","floor":32.0,"key":"SMITH"},{"data":"Battle Trance","floor":40,"key":"SMITH"}],"circlet_count":0,"master_deck":["Defend_R","Defend_R","Defend_R","Defend_R+1","Bash","Headbutt","Uppercut","Fire Breathing+1","Reckless Charge+1","Sentinel+1","Feel No Pain+1","Battle Trance+1","Feed+1","Ghostly","Ghostly","Ghostly","Ghostly","Ghostly+1","Immolate","Dark Embrace+1","Purity","Power Through","Barricade+1","Clothesline+1","Rage+1","Rupture+1","Writhe"],"relics":["Black Blood","FaceOfCleric","Oddly Smooth Stone","Bottled Flame","Juzu Bracelet","Red Mask","War Paint","Toy Ornithopter","Astrolabe","WarpedTongs"],"acts_visited":["Exordium","TheCity","TheBeyond"],"potions_floor_usage":[41],"damage_taken":[{"damage":2.0,"enemies":"Jaw Worm","floor":1.0,"turns":3.0},{"damage":0.0,"enemies":"Cultist","floor":6.0,"turns":2.0},{"damage":42.0,"enemies":"Lagavulin","floor":8.0,"turns":7.0},{"damage":0.0,"enemies":"Small Slimes","floor":14.0,"turns":3.0},{"damage":4.0,"enemies":"Slime Boss","floor":16.0,"turns":7.0},{"damage":0.0,"enemies":"Chosen","floor":18.0,"turns":5.0},{"damage":52.0,"enemies":"Shell Parasite","floor":19.0,"turns":8.0},{"damage":15.0,"enemies":"Snecko","floor":21.0,"turns":7.0},{"damage":14.0,"enemies":"Masked Bandits","floor":24.0,"turns":6.0},{"damage":8.0,"enemies":"Cultist and Chosen","floor":27.0,"turns":5.0},{"damage":29.0,"enemies":"Book of Stabbing","floor":30.0,"turns":7.0},{"damage":3.0,"enemies":"Snake Plant","floor":31.0,"turns":6.0},{"damage":56.0,"enemies":"Collector","floor":33.0,"turns":10.0},{"damage":1,"enemies":"Orb Walker","floor":35,"turns":7},{"damage":0,"enemies":"3 Shapes","floor":39,"turns":6},{"damage":92,"enemies":"Giant Head","floor":41,"turns":12}],"seed_played":"-7442306983715879695","potions_obtained":[{"floor":6.0,"key":"Energy Potion"},{"floor":16.0,"key":"Strength Potion"},{"floor":24.0,"key":"SkillPotion"},{"floor":27.0,"key":"Block Potion"},{"floor":33.0,"key":"SpeedPotion"}],"is_trial":false,"path_per_floor":["M","?","$","T","$","M","R","E","T","?","R","$","R","M","R","B",null,"M","M","?","M","$","R","?","R","T","M","R","$","E","M","R","B",null,"M","?","$","?","M","R","E"],"character_chosen":"IRONCLAD","items_purchased":["Fire Breathing","Sentinel","Feel No Pain","Dark Embrace","Purity"],"campfire_rested":0,"item_purchase_floors":[5,12,12,22,22],"current_hp_per_floor":[76,76,76,76,76,81,81,46,46,73,73,73,73,80,80,83,84,85,46,43,44,44,44,43,43,43,52,52,52,36,50,50,17,49,61,61,61,61,66,66,0,0],"gold":146,"neow_bonus":"TRANSFORM_CARD","is_daily":false,"chose_seed":false,"campfire_upgraded":8,"win_rate":0.0,"timestamp":1608651280,"path_taken":["M","?","?","?","$","M","R","E","T","?","R","?","R","M","R","BOSS","M","M","?","M","$","R","?","R","T","M","R","$","E","M","R","BOSS","M","?","$","?","M","R","E"],"items_purchased_type":["Card","Card","Card","Card","Card"],"build_version":"2020-12-13","purchased_purges":2,"victory":false,"max_hp_per_floor":[80,80,80,80,80,81,81,82,82,82,82,82,82,83,83,84,84,85,86,43,47,47,47,48,48,48,53,53,53,54,59,59,60,60,61,61,61,61,66,66,66,66],"card_choices":[{"not_picked":["Iron Wave","Headbutt"],"picked":"Uppercut","floor":1.0},{"not_picked":["Armaments","Clothesline"],"picked":"Reckless Charge","floor":6.0},{"not_picked":["Shrug It Off","Heavy Blade","Dropkick"],"picked":"SKIP","floor":8.0},{"not_picked":["Rage","Clothesline"],"picked":"Battle Trance","floor":14.0},{"not_picked":["Berserk","Juggernaut"],"picked":"Feed","floor":16.0},{"not_picked":["Shrug It Off","Metallicize","Heavy Blade"],"picked":"SKIP","floor":18.0},{"not_picked":["Pommel Strike","Metallicize+1","Flex"],"picked":"SKIP","floor":19.0},{"not_picked":["Seeing Red+1","Clothesline+1"],"picked":"Immolate","floor":21.0},{"not_picked":["Flex+1","Spot Weakness","Perfected Strike"],"picked":"SKIP","floor":27.0},{"not_picked":["Flex","Pommel Strike"],"picked":"Power Through","floor":30.0},{"not_picked":["Infernal Blade","Headbutt"],"picked":"Barricade","floor":31.0},{"not_picked":["Blood for Blood+1","Sever Soul+1","Rupture+1"],"picked":"SKIP","floor":35},{"not_picked":["Sword Boomerang+1","Rage+1","Cleave+1"],"picked":"SKIP","floor":39}],"player_experience":374145,"relics_obtained":[{"floor":4.0,"key":"Oddly Smooth Stone"},{"floor":8.0,"key":"Bottled Flame"},{"floor":9.0,"key":"Juzu Bracelet"},{"floor":24.0,"key":"Red Mask"},{"floor":26.0,"key":"War Paint"},{"floor":30.0,"key":"Toy Ornithopter"}],"event_choices":[{"damage_healed":0.0,"max_hp_gain":0.0,"max_hp_loss":0.0,"gold_gain":0.0,"event_name":"FaceTrader","player_choice":"Trade","floor":2.0,"gold_loss":0.0,"damage_taken":0.0,"relics_obtained":["FaceOfCleric"]},{"damage_healed":27.0,"max_hp_gain":0.0,"max_hp_loss":0.0,"gold_gain":0.0,"event_name":"Big Fish","player_choice":"Banana","floor":10.0,"gold_loss":0.0,"damage_taken":0.0},{"damage_healed":0.0,"max_hp_gain":0.0,"max_hp_loss":43.0,"gold_gain":0.0,"event_name":"Ghosts","player_choice":"Became a Ghost","floor":20.0,"gold_loss":0.0,"damage_taken":0.0,"cards_obtained":["Ghostly","Ghostly","Ghostly","Ghostly","Ghostly"]},{"damage_healed":0.0,"max_hp_gain":0.0,"max_hp_loss":0.0,"gold_gain":0.0,"event_name":"Masked Bandits","player_choice":"Fought Bandits","floor":24.0,"gold_loss":0.0,"damage_taken":0.0},{"damage_healed":0,"gold_gain":0,"player_choice":"Rummage","damage_taken":0,"relics_obtained":["WarpedTongs"],"max_hp_gain":0,"max_hp_loss":0,"event_name":"Accursed Blacksmith","floor":36,"gold_loss":0,"cards_obtained":["Pain"]},{"damage_healed":15,"gold_gain":0,"player_choice":"Writhe","damage_taken":0,"max_hp_gain":0,"max_hp_loss":0,"event_name":"Winding Halls","floor":38,"gold_loss":0,"cards_obtained":["Writhe"]}],"is_beta":false,"boss_relics":[{"not_picked":["SacredBark","Runic Dome"],"picked":"Black Blood"},{"not_picked":["Sozu","Tiny House"],"picked":"Astrolabe"}],"items_purged_floors":[29,37],"is_endless":false,"potions_floor_spawned":[6,16,24,27,33],"killed_by":"Giant Head","ascension_level":6}}