{"host":"dbzukadmkvvxpu74","time":1608598548,"event":{"mods":["2.2 Compatiblity","AchievementEnabler","Bartender","BaseMod","Better Altar","Better Match","Colored Powertips","Googly Eyes","Highlight Path","Minty Spire (QoL Compilation)","StSLib"],"gold_per_floor":[119,138,156,156,174,199,214,231,255,266,266,299,309,325,325,430,430,449,0,0,17,37,37,66,66,92,127,187,237,248,223,223,322,322,341,358,377,209,259,309,56,56,111,111,129,139,205,224,224,224,224],"floor_reached":50,"playtime":5802,"items_purged":[],"score":552,"play_id":"2290264a-1d8f-4e8e-ad91-115c86cfe033","local_time":"20201221175548","is_ascension_mode":false,"campfire_choices":[{"data":"Top_Shelf","floor":11,"key":"SMITH"},{"floor":15,"key":"REST"},{"floor":23,"key":"REST"},{"floor":25,"key":"REST"},{"floor":32,"key":"REST"},{"floor":42,"key":"REST"},{"floor":44,"key":"REST"},{"floor":49,"key":"REST"}],"circlet_count":0,"master_deck":["Strike_Bartender","Strike_Bartender","Strike_Bartender","Defend_Bartender","Defend_Bartender","Defend_Bartender","Defend_Bartender+1","Somersault","Stick_and_Move","Waterkick","Scowl","Feint+1","Free_Pour","With_A_Twist","Vortex","Top_Shelf+1","Fading_Blow","Bicycle_Kick","Training_Dummy","Butterfly_Float","Phantom_Blow","Power_Up_Punch","Raptor_Form","Blizzard_Spikes+1","Beat_Rush","Meditate+1","Ball_Of_Ice+1","OpoOpo_Form","Bitters+1","Combo_Master","RockBreaker","Snap_Punch","Alacrity","Sadistic Nature","Bandage Up","Rope_A_Dope","Fading_Blow+1"],"relics":["Sneakers","NeowsBlessing","Lizard Tail","Smiling Mask","Toy Ornithopter","Ancient Tea Set","Philosopher\u0027s Stone","Toolbox","War Paint","SsserpentHead","Vajra","Regal Pillow","Shuriken","Du-Vu Doll","Runic Dome","Membership Card","Lantern","Oddly Smooth Stone"],"acts_visited":["Exordium","TheCity","TheBeyond"],"potions_floor_usage":[6,6,16,16,30,47,50,50,50,50,50,50],"damage_taken":[{"damage":0,"enemies":"Cultist","floor":1,"turns":1},{"damage":0,"enemies":"2 Louse","floor":2,"turns":1},{"damage":0,"enemies":"Jaw Worm","floor":3,"turns":1},{"damage":11,"enemies":"Red Slaver","floor":5,"turns":3},{"damage":50,"enemies":"Lagavulin","floor":6,"turns":10},{"damage":5,"enemies":"Blue Slaver","floor":7,"turns":4},{"damage":0,"enemies":"Looter","floor":8,"turns":4},{"damage":5,"enemies":"Exordium Wildlife","floor":10,"turns":3},{"damage":12,"enemies":"Gremlin Nob","floor":12,"turns":3},{"damage":1,"enemies":"Large Slime","floor":13,"turns":4},{"damage":7,"enemies":"Exordium Thugs","floor":14,"turns":5},{"damage":8,"enemies":"Hexaghost","floor":16,"turns":8},{"damage":6,"enemies":"Chosen","floor":18,"turns":4},{"damage":32,"enemies":"3 Byrds","floor":21,"turns":5},{"damage":6,"enemies":"Snake Plant","floor":22,"turns":4},{"damage":30,"enemies":"Slavers","floor":24,"turns":4},{"damage":13,"enemies":"Book of Stabbing","floor":27,"turns":4},{"damage":0,"enemies":"3 Cultists","floor":28,"turns":4},{"damage":7,"enemies":"Shelled Parasite and Fungi","floor":30,"turns":4},{"damage":35,"enemies":"Champ","floor":33,"turns":7},{"damage":6,"enemies":"Orb Walker","floor":35,"turns":4},{"damage":24,"enemies":"3 Darklings","floor":36,"turns":5},{"damage":22,"enemies":"Sphere and 2 Shapes","floor":37,"turns":3},{"damage":0,"enemies":"Transient","floor":45,"turns":5},{"damage":47,"enemies":"Writhing Mass","floor":46,"turns":4},{"damage":12,"enemies":"Spire Growth","floor":47,"turns":3},{"damage":23,"enemies":"3 Darklings","floor":48,"turns":3},{"damage":97,"enemies":"Time Eater","floor":50,"turns":5}],"seed_played":"1088765990499710915","potions_obtained":[{"floor":2,"key":"ColorlessPotion"},{"floor":5,"key":"AttackPotion"},{"floor":8,"key":"AttackPotion"},{"floor":13,"key":"SteroidPotion"},{"floor":14,"key":"Swift Potion"},{"floor":22,"key":"DuplicationPotion"},{"floor":24,"key":"SneckoOil"},{"floor":33,"key":"Ancient Potion"},{"floor":35,"key":"EntropicBrew"},{"floor":48,"key":"Dexterity Potion"}],"is_trial":false,"path_per_floor":["M","M","M","?","M","E","M","M","T","M","R","E","M","M","R","B",null,"M","$","?","M","M","R","E","R","T","E","M","?","M","?","R","B",null,"M","M","M","$","?","?","$","R","T","R","M","M","M","M","R","B"],"character_chosen":"BARTENDER","items_purchased":["Toolbox","War Paint","Phantom_Blow","Power_Up_Punch","Raptor_Form","Sadistic Nature","Membership Card","Lantern","Bandage Up","Rope_A_Dope"],"campfire_rested":7,"item_purchase_floors":[19,19,19,19,19,38,41,41,41,41],"current_hp_per_floor":[70,70,70,67,56,6,1,1,1,31,31,19,18,11,32,34,70,64,64,64,32,26,47,17,38,38,25,25,25,23,23,59,24,70,64,40,18,18,18,18,18,54,54,70,70,27,24,1,37,0,0],"gold":224,"neow_bonus":"THREE_ENEMY_KILL","is_daily":false,"chose_seed":false,"campfire_upgraded":1,"win_rate":0.0,"timestamp":1608598548,"path_taken":["M","M","?","?","M","E","M","M","T","M","R","E","M","M","R","BOSS","M","$","?","M","M","R","E","R","T","E","?","?","M","?","R","BOSS","M","M","M","$","?","?","?","R","T","R","M","M","?","M","R","BOSS"],"items_purchased_type":["Relic","Relic","Card","Card","Card","Card","Relic","Relic","Card","Card"],"build_version":"2020-12-13","purchased_purges":0,"victory":false,"max_hp_per_floor":[70,70,70,70,70,70,70,70,70,70,70,70,70,70,70,70,70,70,70,70,70,70,70,70,70,70,70,70,70,70,70,70,70,70,70,70,70,70,70,70,70,70,70,70,70,70,70,70,70,70,70],"card_choices":[{"not_picked":["With_A_Twist","Press_Forward"],"picked":"Stick_and_Move","floor":1},{"not_picked":["Greased_Lightning","Foot_Thrust"],"picked":"Waterkick","floor":2},{"not_picked":["Wall_of_Ice","On_The_Rocks"],"picked":"Scowl","floor":3},{"not_picked":["Blizzard_Spikes","Greased_Lightning"],"picked":"Feint","floor":5},{"not_picked":["Storage","Dancing_Jab"],"picked":"Free_Pour","floor":6},{"not_picked":["ThreeSidedStar","Greased_Lightning"],"picked":"With_A_Twist","floor":7},{"not_picked":["Greased_Lightning","Dart"],"picked":"Vortex","floor":8},{"not_picked":["Step_Of_The_Wind","Ball_Of_Ice"],"picked":"Top_Shelf","floor":10},{"not_picked":["With_A_Twist","Bicycle_Kick"],"picked":"Fading_Blow","floor":12},{"not_picked":["Greased_Lightning","Rising_Crane"],"picked":"Bicycle_Kick","floor":13},{"not_picked":["Greased_Lightning","Step_Of_The_Wind"],"picked":"Training_Dummy","floor":14},{"not_picked":["Combo_Master","Moonsault_Kick"],"picked":"Butterfly_Float","floor":16},{"not_picked":["Greased_Lightning+1","Bitters"],"picked":"Bouncer","floor":18},{"not_picked":["Fading_Blow+1","Bloodbath_Bartender"],"picked":"Blizzard_Spikes+1","floor":21},{"not_picked":["With_A_Twist+1","Feint"],"picked":"Beat_Rush","floor":22},{"not_picked":["Free_Pour","On_The_House"],"picked":"Meditate+1","floor":24},{"not_picked":["Free_Pour","Raptor_Form"],"picked":"Ball_Of_Ice+1","floor":27},{"not_picked":["Raptor_Form","Scoop"],"picked":"OpoOpo_Form","floor":28},{"not_picked":["Press_Forward","Stick_and_Move"],"picked":"Bitters+1","floor":30},{"not_picked":["Form_Shift","Moonsault_Kick"],"picked":"Combo_Master","floor":33},{"not_picked":["Meteodrive+1","Cross"],"picked":"RockBreaker","floor":35},{"not_picked":["Free_Pour","Press_Forward+1"],"picked":"Snap_Punch","floor":36},{"not_picked":["Dragonkick+1","Pony_Shot+1"],"picked":"Alacrity","floor":37},{"not_picked":["Bouncer+1","Training_Dummy+1","Insight_B"],"picked":"SKIP","floor":45},{"not_picked":["On_The_Rocks+1","Glare+1"],"picked":"Fading_Blow+1","floor":46},{"not_picked":["RockBreaker","With_A_Twist","Greased_Lightning+1"],"picked":"SKIP","floor":47},{"not_picked":["Step_Of_The_Wind+1","Cross+1","Dart+1"],"picked":"SKIP","floor":48}],"player_experience":41338,"relics_obtained":[{"floor":6,"key":"Smiling Mask"},{"floor":9,"key":"Toy Ornithopter"},{"floor":12,"key":"Ancient Tea Set"},{"floor":24,"key":"Vajra"},{"floor":26,"key":"Regal Pillow"},{"floor":27,"key":"Shuriken"},{"floor":43,"key":"Oddly Smooth Stone"}],"event_choices":[{"damage_healed":0,"gold_gain":0,"player_choice":"Success","damage_taken":3,"relics_obtained":["Lizard Tail"],"max_hp_gain":0,"max_hp_loss":0,"event_name":"Scrap Ooze","floor":4,"gold_loss":0},{"damage_healed":0,"gold_gain":0,"player_choice":"Trade","damage_taken":0,"relics_obtained":["SsserpentHead"],"max_hp_gain":0,"max_hp_loss":0,"event_name":"FaceTrader","floor":20,"gold_loss":0},{"damage_healed":0,"gold_gain":0,"player_choice":"Opened","damage_taken":0,"relics_obtained":["Du-Vu Doll"],"max_hp_gain":0,"max_hp_loss":0,"event_name":"The Mausoleum","floor":29,"gold_loss":0},{"cards_removed":["Strike_Bartender"],"damage_healed":0,"gold_gain":0,"player_choice":"Gave Gold","damage_taken":0,"max_hp_gain":0,"max_hp_loss":0,"event_name":"Beggar","floor":31,"gold_loss":75},{"cards_removed":["Bouncer"],"damage_healed":0,"gold_gain":0,"player_choice":"Removed Power","damage_taken":0,"max_hp_gain":0,"max_hp_loss":0,"event_name":"Falling","floor":39,"gold_loss":0},{"damage_healed":0,"gold_gain":0,"player_choice":"Ignored","damage_taken":0,"max_hp_gain":0,"max_hp_loss":0,"event_name":"Tomb of Lord Red Mask","floor":40,"gold_loss":0}],"is_beta":false,"boss_relics":[{"not_picked":["Snecko Eye","Runic Pyramid"],"picked":"Philosopher\u0027s Stone"},{"not_picked":["Tiny House","Coffee Dripper"],"picked":"Runic Dome"}],"items_purged_floors":[],"is_endless":false,"potions_floor_spawned":[2,5,8,13,14,22,24,33,35,48],"killed_by":"Time Eater","ascension_level":0}}