{"host":"usrgk25etjl0nf5i","time":1608608821,"event":{"mods":["2.2 Compatiblity","BaseMod","Downfall","Hubris","Minty Spire (QoL Compilation)","StSLib","SuperFastMode"],"gold_per_floor":[99,119,137,24,39,39,39,57,57,68,68,68,88,88,100,196,196,121,134,144,48,48,74,100,125,125,35,35,8,8,21,36,135,135,60,76,76,95,95,20,20,20,20,20,40,70,120,66,77,77,77,108,38,38,38],"floor_reached":56,"playtime":2526,"items_purged":["Guardian:Strike_Guardian","Guardian:Defend_Guardian","Guardian:Strike_Guardian"],"score":1695,"play_id":"03c137bc-78c8-406c-ab88-5ca97743a498","local_time":"20201221194701","is_ascension_mode":true,"campfire_choices":[{"floor":1.0,"key":"RECALL"},{"data":"Guardian:MultiBeam","floor":12.0,"key":"SMITH"},{"data":"Guardian:CompilePackage","floor":18,"key":"SMITH"},{"data":"Guardian:Orbwalk","floor":28,"key":"SMITH"},{"data":"Guardian:Orbwalk","floor":30,"key":"SMITH"},{"data":"Guardian:Orbwalk","floor":35,"key":"SMITH"},{"data":"Guardian:TimeCapacitor","floor":40,"key":"SMITH"},{"data":"Guardian:FloatingOrbs","floor":42,"key":"SMITH"},{"floor":54,"key":"REST"}],"circlet_count":0,"master_deck":["AscendersBane","Guardian:Strike_Guardian","Guardian:Strike_Guardian+1","Guardian:Defend_Guardian+1","Guardian:Defend_Guardian+1","Guardian:Defend_Guardian","Guardian:CurlUp","Guardian:TwinSlam","Guardian:Incinerate","Guardian:Incinerate","Guardian:BronzeOrb","Guardian:MultiBeam+1","Guardian:ShieldCharger","Guardian:TimeCapacitor+1","Guardian:Preprogram","Guardian:ShieldCharger","Guardian:CompilePackage+1","Guardian:TimeCapacitor","Guardian:ArmoredProtocol+1","Guardian:PolyBeam","Guardian:FloatingOrbs+1","Guardian:Orbwalk+1","Guardian:TemporalStrike","RitualDagger","Guardian:Orbwalk+1","Guardian:Orbwalk+1","Guardian:Recover","Guardian:BronzeArmor+1","Guardian:PrimingBeam","Guardian:Orbwalk+1","Guardian:TimeCapacitor+1","Guardian:Emergency+1","Guardian:PrimingBeam","Guardian:PrimingBeam","Guardian:DecasProtection+1"],"relics":["Guardian:ModeShifter","Pear","hubris:Towel","expansioncontent:StudyCardRelic","downfall:HeartBlessingRed","Eternal Feather","Guardian:PocketSentry","Mummified Hand","Vajra","Guardian:StasisSlotReductionRelic","downfall:HeartBlessingGreen","downfall:HeartBlessingBlue","Gremlin Horn","hubris:Icosahedron","hubris:GlazedTorus","hubris:Reverence","Anchor","Lizard Tail","Kunai"],"acts_visited":["Exordium","TheCity","TheBeyond","TheEnding"],"potions_floor_usage":[16,16,23,33,46,52,55,55,55],"damage_taken":[{"damage":9.0,"enemies":"Jaw Worm","floor":2.0,"turns":6.0},{"damage":5.0,"enemies":"Small Slimes","floor":3.0,"turns":5.0},{"damage":4.0,"enemies":"downfall:FleeingMerchant","floor":4.0,"turns":4.0},{"damage":0.0,"enemies":"2 Louse","floor":5.0,"turns":3.0},{"damage":15.0,"enemies":"Lots of Slimes","floor":8.0,"turns":4.0},{"damage":0.0,"enemies":"3 Louse","floor":10.0,"turns":3.0},{"damage":1.0,"enemies":"2 Fungi Beasts","floor":13.0,"turns":3.0},{"damage":0.0,"enemies":"Large Slime","floor":15.0,"turns":5.0},{"damage":17,"enemies":"downfall:Silent","floor":16,"turns":7},{"damage":0,"enemies":"3 Byrds","floor":19,"turns":2},{"damage":0,"enemies":"3 Cultists","floor":20,"turns":4},{"damage":0,"enemies":"downfall:FleeingMerchant","floor":21,"turns":4},{"damage":11,"enemies":"Gremlin Leader","floor":23,"turns":4},{"damage":5,"enemies":"Book of Stabbing","floor":25,"turns":5},{"damage":4,"enemies":"downfall:FleeingMerchant","floor":27,"turns":4},{"damage":3,"enemies":"downfall:FleeingMerchant","floor":29,"turns":3},{"damage":0,"enemies":"Snecko","floor":31,"turns":3},{"damage":1,"enemies":"Centurion and Healer","floor":32,"turns":2},{"damage":10,"enemies":"downfall:Ironclad","floor":33,"turns":5},{"damage":0,"enemies":"3 Shapes","floor":36,"turns":2},{"damage":5,"enemies":"Orb Walker","floor":38,"turns":2},{"damage":3,"enemies":"Spire Growth","floor":45,"turns":3},{"damage":2,"enemies":"Reptomancer","floor":46,"turns":4},{"damage":0,"enemies":"Mind Bloom Boss Battle","floor":47,"turns":4},{"damage":6,"enemies":"4 Shapes","floor":49,"turns":3},{"damage":15,"enemies":"downfall:Defect","floor":50,"turns":5},{"damage":28,"enemies":"downfall:CharBossMerchant","floor":52,"turns":6},{"damage":19,"enemies":"downfall:NeowBoss","floor":55,"turns":17}],"seed_played":"-4567843308028984639","potions_obtained":[{"floor":8.0,"key":"Guardian:StasisDiscoveryPotion"},{"floor":13.0,"key":"GamblersBrew"},{"floor":14.0,"key":"Dexterity Potion"},{"floor":14.0,"key":"LiquidMemories"},{"floor":16,"key":"Regen Potion"},{"floor":20,"key":"PowerPotion"},{"floor":23,"key":"Block Potion"},{"floor":38,"key":"SkillPotion"},{"floor":46,"key":"Swift Potion"},{"floor":49,"key":"EntropicBrew"}],"is_trial":false,"path_per_floor":["R","M","M","$","M","?","T","M","?","M","?","R","M","?","M","B",null,"R","M","M","$","?","E","T","E","?","$","R","$","R","M","M","B",null,"R","M","?","M","$","R","T","R","?","$","M","E","?","$","M","B",null,"E","$","R","B",null],"character_chosen":"GUARDIAN","items_purchased":["Guardian:MultiBeam","Guardian:ShieldCharger","Guardian:FloatingOrbs","Vajra","Guardian:Orbwalk","Guardian:Gem_Fragmented","hubris:GlazedTorus","hubris:Reverence","Guardian:PrimingBeam","Guardian:Gem_Orange"],"campfire_rested":1,"item_purchase_floors":[4,4,21,29,29,29,44,44,48,53],"current_hp_per_floor":[80,71,66,62,62,62,72,57,57,57,57,57,56,56,56,39,83,83,83,83,83,83,72,72,67,61,57,72,69,84,84,83,73,92,98,98,98,93,93,108,108,108,108,66,63,73,73,73,67,52,94,66,66,108,89],"gold":38,"neow_bonus":"TEN_PERCENT_HP_BONUS","is_daily":false,"chose_seed":false,"campfire_upgraded":7,"win_rate":0.0,"timestamp":1608608821,"path_taken":["R","M","M","$","M","?","T","M","?","M","?","R","M","?","M","BOSS","R","M","M","?","?","E","T","E","?","$","R","$","R","M","M","BOSS","R","M","?","M","$","R","T","R","?","?","?","E","?","$","M","BOSS","E","$","R","BOSS"],"items_purchased_type":["Card","Card","Card","Relic","Card","Card","Relic","Relic","Card","Card"],"build_version":"2020-12-13","purchased_purges":3,"victory":true,"max_hp_per_floor":[88,88,88,88,88,88,98,98,98,98,98,98,98,98,98,98,98,98,98,98,98,98,98,98,98,98,98,98,98,98,98,98,98,98,98,98,98,98,98,108,108,108,108,108,108,108,108,108,108,108,108,108,108,108,108],"card_choices":[{"not_picked":["Guardian:Gem_Cyan","Guardian:Repulse"],"picked":"Guardian:Incinerate","floor":2.0},{"not_picked":["Guardian:Gem_White","Guardian:Gem_Green"],"picked":"Guardian:Incinerate","floor":3.0},{"not_picked":["Guardian:Gem_White","Guardian:Reroute"],"picked":"Guardian:BronzeOrb","floor":4.0},{"not_picked":["Guardian:ExploitGems","Guardian:Planning"],"picked":"Guardian:TimeCapacitor","floor":5.0},{"not_picked":["Guardian:PiercingHide","Guardian:RollAttack"],"picked":"Guardian:Preprogram","floor":8.0},{"not_picked":["Guardian:PrismaticBarrier","Guardian:ChargeCore"],"picked":"Guardian:Gem_Crimson","floor":10.0},{"not_picked":["Guardian:Suspension","Guardian:Planning"],"picked":"Guardian:ShieldCharger","floor":13.0},{"not_picked":["Guardian:ChargeCore","Guardian:Gem_Lightblue"],"picked":"Guardian:Gem_Blue","floor":15.0},{"not_picked":["Guardian:GemFire","Guardian:SphericShield"],"picked":"Guardian:CompilePackage","floor":16},{"not_picked":["Guardian:WalkerClaw","Guardian:Gem_White"],"picked":"Guardian:TimeCapacitor","floor":19},{"not_picked":["Guardian:TemporalStrike","Guardian:Suspension"],"picked":"Guardian:ArmoredProtocol+1","floor":20},{"not_picked":["Guardian:PrismaticBarrier+1","Guardian:Gem_Lightblue"],"picked":"Guardian:PolyBeam","floor":21},{"not_picked":["Guardian:ChargeCore","Guardian:PrismaticBarrier","Guardian:CrystalBeam"],"picked":"SKIP","floor":23},{"not_picked":["Guardian:Harden","Guardian:DonusPower"],"picked":"Guardian:TemporalStrike","floor":25},{"not_picked":["Guardian:Gem_Red","Guardian:WalkerClaw"],"picked":"Guardian:Orbwalk","floor":27},{"not_picked":["Guardian:RollAttack","Guardian:TemporalShield","Guardian:Gem_Green"],"picked":"SKIP","floor":29},{"not_picked":["Guardian:VentSteam","Guardian:TemporalShield"],"picked":"Guardian:Recover","floor":31},{"not_picked":["Guardian:ChargeCore","Guardian:SpikerProtocol"],"picked":"Guardian:BronzeArmor+1","floor":32},{"not_picked":["Guardian:GemFinder","Guardian:GatlingBeam"],"picked":"Guardian:Gem_Synthetic","floor":33},{"not_picked":["Guardian:VentSteam","Guardian:Reroute+1"],"picked":"Guardian:PrimingBeam","floor":36},{"not_picked":["Guardian:SpikerProtocol+1","Guardian:Planning+1"],"picked":"Guardian:Orbwalk+1","floor":38},{"not_picked":["Guardian:PrismaticBarrier","Guardian:Gem_Crimson"],"picked":"Guardian:TimeCapacitor+1","floor":45},{"not_picked":["Guardian:WalkerClaw","Guardian:RollAttack"],"picked":"Guardian:Emergency+1","floor":46},{"not_picked":["Guardian:PiercingHide","Guardian:GuardianWhirl"],"picked":"Guardian:PrimingBeam","floor":47},{"not_picked":["Guardian:ShieldCharger+1","Guardian:PiercingHide"],"picked":"Guardian:Gem_Yellow","floor":49},{"not_picked":["Guardian:Gem_Red","Guardian:AncientConstruct"],"picked":"Guardian:DecasProtection+1","floor":52}],"player_experience":598176,"relics_obtained":[{"floor":7.0,"key":"Pear"},{"floor":23,"key":"Eternal Feather"},{"floor":24,"key":"Guardian:PocketSentry"},{"floor":25,"key":"Mummified Hand"},{"floor":41,"key":"Gremlin Horn"},{"floor":46,"key":"Anchor"},{"floor":47,"key":"Lizard Tail"},{"floor":52,"key":"Kunai"}],"event_choices":[{"cards_removed":["Regret"],"damage_healed":0.0,"max_hp_gain":0.0,"max_hp_loss":0.0,"gold_gain":0.0,"event_name":"The Cleric","player_choice":"Card Removal","floor":9.0,"gold_loss":0.0,"damage_taken":0.0},{"damage_healed":0.0,"max_hp_gain":0.0,"max_hp_loss":0.0,"gold_gain":0.0,"event_name":"Lab","player_choice":"Got Potions","floor":14.0,"gold_loss":0.0,"damage_taken":0.0}],"is_beta":false,"boss_relics":[{"not_picked":["Pandora\u0027s Box","sneckomod:SneckoTalon"],"picked":"expansioncontent:StudyCardRelic"},{"not_picked":["hubris:RunicObelisk","hubris:Stopwatch"],"picked":"Guardian:StasisSlotReductionRelic"}],"items_purged_floors":[27,29,44],"is_endless":false,"potions_floor_spawned":[8,13,16,20,23,32,38,46,49],"ascension_level":10}}