{"host":"0cgp910o8339lr91","time":1608654412,"event":{"mods":["BaseMod","Colored Map","Filter the Spire","Minty Spire (QoL Compilation)","Relic Stats","Slay-I","ojb\u0027s Better Paths Mod","ojb\u0027s Info Mod"],"gold_per_floor":[112,124,134,134,144,182,209,209,209,209,209,232,262,275,275,389,389,415,415,438,130,143,178,199,199,199,199,299,224,233,265,265,375,402,426,446,205,232,247,290,310,310,357,401,424,463,463,174,174,174,174,174,21,61,61],"floor_reached":56,"playtime":4506,"items_purged":["Strike_B","Defend_B","Defend_B","Defend_B"],"score":1658,"play_id":"7502dd50-6bff-445c-bf5f-e33f7925d3e7","local_time":"20201222172652","is_ascension_mode":true,"campfire_choices":[{"data":"Sunder","floor":8.0,"key":"SMITH"},{"data":"Defragment","floor":10.0,"key":"SMITH"},{"data":"Zap","floor":15.0,"key":"SMITH"},{"data":"Chill","floor":25.0,"key":"SMITH"},{"data":"Self Repair","floor":27.0,"key":"SMITH"},{"data":"Glacier","floor":32.0,"key":"SMITH"},{"floor":42,"key":"RECALL"},{"data":"Doom and Gloom","floor":47,"key":"SMITH"},{"data":"Turbo","floor":49,"key":"SMITH"},{"data":"Skim","floor":52,"key":"SMITH"}],"circlet_count":0,"master_deck":["Defend_B+1","Zap+1","Dualcast+1","Defragment+1","Conserve Battery","Leap","Glacier","Sunder+1","Self Repair+1","Capacitor+1","Machine Learning+1","Chill+1","Ball Lightning+1","Mayhem+1","Glacier+1","Necronomicurse","Electrodynamics+1","Beam Cell+1","All For One+1","Cold Snap+1","Doom and Gloom+1","Storm+1","Heatsinks+1","Skim+1","BootSequence+1","BootSequence+1","Cold Snap+1","Turbo+1","Cold Snap+1","Force Field+1","Defragment+1","Chrysalis","Force Field+1"],"relics":["Coffee Dripper","CeramicFish","Frozen Egg 2","Eternal Feather","Meat on the Bone","SlaversCollar","Medical Kit","War Paint","Turnip","HornCleat","Necronomicon","Question Card","Astrolabe","Membership Card","Happy Flower","DataDisk","Bottled Tornado","Shuriken","Runic Capacitor","Ornamental Fan","Whetstone"],"acts_visited":["Exordium","TheCity","TheBeyond","TheEnding"],"potions_floor_usage":[38,38,39,55],"damage_taken":[{"damage":0.0,"enemies":"Cultist","floor":1.0,"turns":3.0},{"damage":7.0,"enemies":"Jaw Worm","floor":2.0,"turns":4.0},{"damage":11.0,"enemies":"2 Louse","floor":3.0,"turns":2.0},{"damage":12.0,"enemies":"Lots of Slimes","floor":5.0,"turns":4.0},{"damage":7.0,"enemies":"3 Sentries","floor":6.0,"turns":10.0},{"damage":4.0,"enemies":"3 Louse","floor":7.0,"turns":3.0},{"damage":2.0,"enemies":"Exordium Wildlife","floor":12.0,"turns":5.0},{"damage":0.0,"enemies":"Lagavulin","floor":13.0,"turns":8.0},{"damage":0.0,"enemies":"Exordium Thugs","floor":14.0,"turns":5.0},{"damage":6.0,"enemies":"The Guardian","floor":16.0,"turns":11.0},{"damage":1.0,"enemies":"Chosen","floor":18.0,"turns":6.0},{"damage":2.0,"enemies":"Shell Parasite","floor":20.0,"turns":5.0},{"damage":14.0,"enemies":"Shelled Parasite and Fungi","floor":22.0,"turns":6.0},{"damage":12.0,"enemies":"Gremlin Leader","floor":23.0,"turns":7.0},{"damage":0.0,"enemies":"Sentry and Sphere","floor":24.0,"turns":5.0},{"damage":15.0,"enemies":"Colosseum Slavers","floor":28.0,"turns":5.0},{"damage":11.0,"enemies":"Colosseum Nobs","floor":28.0,"turns":6.0},{"damage":6.0,"enemies":"Book of Stabbing","floor":31.0,"turns":5.0},{"damage":11.0,"enemies":"Automaton","floor":33.0,"turns":11.0},{"damage":0,"enemies":"3 Darklings","floor":35,"turns":4},{"damage":9,"enemies":"3 Shapes","floor":36,"turns":5},{"damage":25,"enemies":"Writhing Mass","floor":38,"turns":5},{"damage":0,"enemies":"Transient","floor":39,"turns":5},{"damage":8,"enemies":"Nemesis","floor":40,"turns":5},{"damage":0,"enemies":"4 Shapes","floor":41,"turns":3},{"damage":0,"enemies":"Giant Head","floor":44,"turns":6},{"damage":0,"enemies":"Maw","floor":45,"turns":6},{"damage":0,"enemies":"Nemesis","floor":46,"turns":5},{"damage":3,"enemies":"Time Eater","floor":50,"turns":8},{"damage":0,"enemies":"Shield and Spear","floor":54,"turns":3},{"damage":3,"enemies":"The Heart","floor":55,"turns":7}],"seed_played":"-3430521406610211843","potions_obtained":[{"floor":2.0,"key":"ColorlessPotion"},{"floor":5.0,"key":"DistilledChaos"},{"floor":7.0,"key":"Fire Potion"},{"floor":13.0,"key":"LiquidMemories"},{"floor":14.0,"key":"Dexterity Potion"},{"floor":18.0,"key":"SteroidPotion"},{"floor":19.0,"key":"DistilledChaos"},{"floor":19.0,"key":"LiquidMemories"},{"floor":20.0,"key":"FearPotion"},{"floor":33.0,"key":"SteroidPotion"},{"floor":35,"key":"AttackPotion"},{"floor":36,"key":"Swift Potion"},{"floor":39,"key":"BlessingOfTheForge"},{"floor":44,"key":"Explosive Potion"}],"is_trial":false,"path_per_floor":["M","M","M","?","M","E","M","R","T","R","?","M","E","M","R","B",null,"M","?","M","$","M","E","M","R","T","R","?","$","?","E","R","B",null,"M","M","$","M","M","E","M","R","T","E","M","E","R","$","R","B",null,"R","$","E","B",null],"character_chosen":"DEFECT","items_purchased":["Mayhem+1","Medical Kit","Membership Card","Heatsinks+1","Skim","Runic Capacitor","Defragment+1","Ornamental Fan","Chrysalis"],"campfire_rested":0,"item_purchase_floors":[21,21,37,37,37,48,48,48,53],"current_hp_per_floor":[68,61,50,55,43,36,32,32,32,32,32,37,44,51,60,61,75,80,80,80,80,73,68,75,80,80,80,74,74,58,62,74,73,78,78,79,79,64,74,66,66,80,80,80,80,80,80,80,80,80,80,80,80,80,80],"gold":61,"neow_bonus":"BOSS_RELIC","is_daily":false,"chose_seed":false,"campfire_upgraded":9,"win_rate":0.0,"timestamp":1608654412,"path_taken":["M","M","M","?","M","E","M","R","T","R","?","?","E","M","R","BOSS","M","?","?","$","M","E","M","R","T","R","?","$","?","E","R","BOSS","M","M","$","M","M","E","M","R","T","E","M","E","R","$","R","BOSS","R","$","E","BOSS"],"items_purchased_type":["Card","Relic","Relic","Card","Card","Relic","Card","Relic","Card"],"build_version":"2020-12-13","purchased_purges":4,"victory":true,"max_hp_per_floor":[75,75,75,80,80,80,80,80,80,80,80,80,80,80,80,80,80,80,80,80,80,80,80,80,80,80,80,80,80,80,80,80,80,80,80,80,80,80,80,80,80,80,80,80,80,80,80,80,80,80,80,80,80,80,80],"relic_stats":{"Happy Flower":[12],"counters":[31,173],"CeramicFish":234,"Astrolabe":["Beam Cell","All For One","Cold Snap"],"Eternal Feather":40,"Whetstone":[],"War Paint":["Dualcast","Defend_B"],"Medical Kit":[21],"Question Card":11,"Shuriken":[9],"Ornamental Fan":[36],"Turnip":[5],"Necronomicon":[35],"obtain_stats":[{"Happy Flower":40,"CeramicFish":6,"Astrolabe":34,"Eternal Feather":11,"Runic Capacitor":48,"Whetstone":54,"Frozen Egg 2":9,"War Paint":23,"Bottled Tornado":44,"Medical Kit":21,"Question Card":31,"SlaversCollar":17,"DataDisk":43,"HornCleat":28,"Shuriken":46,"Ornamental Fan":48,"Turnip":28,"Coffee Dripper":0,"Necronomicon":30,"Membership Card":37,"Cracked Core":0,"Meat on the Bone":13},{"Happy Flower":24,"CeramicFish":5,"Astrolabe":19,"Eternal Feather":6,"Runic Capacitor":28,"Whetstone":30,"Frozen Egg 2":6,"War Paint":14,"Bottled Tornado":26,"Medical Kit":12,"Question Card":18,"SlaversCollar":10,"DataDisk":25,"HornCleat":17,"Shuriken":28,"Ornamental Fan":28,"Turnip":17,"Coffee Dripper":0,"Necronomicon":17,"Membership Card":21,"Cracked Core":0,"Meat on the Bone":8},{"Happy Flower":135,"CeramicFish":23,"Astrolabe":111,"Eternal Feather":26,"Runic Capacitor":155,"Whetstone":166,"Frozen Egg 2":26,"War Paint":79,"Bottled Tornado":144,"Medical Kit":66,"Question Card":100,"SlaversCollar":55,"DataDisk":138,"HornCleat":95,"Shuriken":155,"Ornamental Fan":155,"Turnip":95,"Coffee Dripper":0,"Necronomicon":95,"Membership Card":120,"Cracked Core":0,"Meat on the Bone":39}],"Meat on the Bone":0},"card_choices":[{"not_picked":["Steam","Storm"],"picked":"Defragment","floor":1.0},{"not_picked":["Turbo","Undo"],"picked":"Conserve Battery","floor":2.0},{"not_picked":["Consume","Gash"],"picked":"Leap","floor":3.0},{"not_picked":["Skim","Coolheaded"],"picked":"Glacier","floor":5.0},{"not_picked":["Streamline","Steam"],"picked":"Sunder","floor":6.0},{"not_picked":["Leap","Hologram"],"picked":"Self Repair","floor":7.0},{"not_picked":["Amplify","Go for the Eyes"],"picked":"Capacitor+1","floor":12.0},{"not_picked":["Scrape","Steam","Redo"],"picked":"SKIP","floor":13.0},{"not_picked":["Consume","Darkness","Scrape"],"picked":"SKIP","floor":14.0},{"not_picked":["Biased Cognition+1","Seek"],"picked":"Machine Learning+1","floor":16.0},{"not_picked":["Storm+1","Tempest"],"picked":"Chill","floor":18.0},{"not_picked":["Leap","Turbo"],"picked":"Ball Lightning+1","floor":20.0},{"not_picked":["Steam","Rebound","Hello World+1"],"picked":"SKIP","floor":22.0},{"not_picked":["White Noise","Double Energy","Hyperbeam"],"picked":"SKIP","floor":23.0},{"not_picked":["Auto Shields","Genetic Algorithm"],"picked":"Glacier","floor":24.0},{"not_picked":["Gash","Aggregate","Melter"],"picked":"SKIP","floor":31.0},{"not_picked":["Meteor Strike","Multi-Cast","Hyperbeam"],"picked":"Electrodynamics+1","floor":33.0},{"not_picked":["Beam Cell","Compile Driver+1","Sweeping Beam"],"picked":"Doom and Gloom","floor":35},{"not_picked":["Fusion","Gash+1","Aggregate"],"picked":"Storm+1","floor":36},{"not_picked":["Beam Cell","Turbo+1","Streamline+1"],"picked":"BootSequence+1","floor":38},{"not_picked":["Rebound+1","Turbo+1","Beam Cell+1","Melter+1"],"picked":"SKIP","floor":39},{"not_picked":["Fission","Go for the Eyes+1","Aggregate+1"],"picked":"BootSequence+1","floor":40},{"not_picked":["Self Repair+1","Rip and Tear","Go for the Eyes"],"picked":"Cold Snap+1","floor":41},{"not_picked":["Multi-Cast","Steam","Gash"],"picked":"Turbo","floor":44},{"not_picked":["Genetic Algorithm","Conserve Battery","Rebound+1"],"picked":"Cold Snap+1","floor":45},{"not_picked":["Hologram","Ball Lightning","Rebound"],"picked":"Force Field+1","floor":46},{"not_picked":["Recycle+1","Sweeping Beam+1","Darkness"],"picked":"Force Field+1","floor":54}],"player_experience":956841,"relics_obtained":[{"floor":6.0,"key":"CeramicFish"},{"floor":9.0,"key":"Frozen Egg 2"},{"floor":13.0,"key":"Meat on the Bone"},{"floor":23.0,"key":"War Paint"},{"floor":28.0,"key":"Turnip"},{"floor":28.0,"key":"HornCleat"},{"floor":30.0,"key":"Necronomicon"},{"floor":31.0,"key":"Question Card"},{"floor":40,"key":"Happy Flower"},{"floor":43,"key":"DataDisk"},{"floor":44,"key":"Bottled Tornado"},{"floor":46,"key":"Shuriken"},{"floor":54,"key":"Whetstone"}],"event_choices":[{"damage_healed":0.0,"max_hp_gain":5.0,"max_hp_loss":0.0,"gold_gain":0.0,"event_name":"Big Fish","player_choice":"Donut","floor":4.0,"gold_loss":0.0,"damage_taken":0.0},{"damage_healed":0.0,"max_hp_gain":0.0,"max_hp_loss":0.0,"gold_gain":0.0,"event_name":"WeMeetAgain","player_choice":"Gave Potion","floor":11.0,"gold_loss":0.0,"damage_taken":0.0,"relics_obtained":["Eternal Feather"]},{"damage_healed":0.0,"max_hp_gain":0.0,"max_hp_loss":0.0,"gold_gain":0.0,"event_name":"Lab","player_choice":"Got Potions","floor":19.0,"gold_loss":0.0,"damage_taken":0.0},{"damage_healed":0.0,"max_hp_gain":0.0,"max_hp_loss":0.0,"gold_gain":0.0,"event_name":"Colosseum","player_choice":"Fight","floor":28.0,"gold_loss":0.0,"damage_taken":0.0},{"damage_healed":0.0,"max_hp_gain":0.0,"max_hp_loss":0.0,"gold_gain":0.0,"event_name":"Colosseum","player_choice":"Fought Nobs","floor":28.0,"gold_loss":0.0,"damage_taken":0.0},{"damage_healed":0.0,"max_hp_gain":0.0,"max_hp_loss":0.0,"gold_gain":0.0,"event_name":"Cursed Tome","player_choice":"Obtained Book","floor":30.0,"gold_loss":0.0,"damage_taken":16.0}],"is_beta":false,"boss_relics":[{"not_picked":["Busted Crown","Velvet Choker"],"picked":"SlaversCollar"},{"not_picked":["Pandora\u0027s Box","Philosopher\u0027s Stone"],"picked":"Astrolabe"}],"items_purged_floors":[29,37,48,53],"is_endless":false,"potions_floor_spawned":[2,5,7,13,14,18,20,22,28,33,35,36,39,44],"ascension_level":6}}