{"host":"2e3z4r48quhw80cc","time":1608638132,"event":{"mods":["BaseMod","Minty Spire (QoL Compilation)","Quick Restart","StSLib","SuperFastMode"],"gold_per_floor":[114,289,299,314,331,331,32,65,65,83,83,93,93,14,14,115,115,125,140,100,115,115,115],"floor_reached":22,"playtime":977,"items_purged":["Doubt"],"score":282,"play_id":"de24c95e-3fab-41be-ada9-4252bb5bc204","local_time":"20201222205532","is_ascension_mode":true,"campfire_choices":[{"data":"Blind","floor":6.0,"key":"SMITH"},{"data":"Well Laid Plans","floor":11.0,"key":"SMITH"},{"data":"Infinite Blades","floor":13.0,"key":"SMITH"},{"floor":15.0,"key":"REST"}],"circlet_count":0,"master_deck":["AscendersBane","Strike_G","Strike_G","Strike_G","Strike_G","Strike_G","Defend_G","Defend_G","Defend_G","Defend_G","Defend_G","Survivor","Neutralize","Blind+1","Infinite Blades+1","Dagger Spray","Crippling Poison","Catalyst","Catalyst","Accuracy","Well Laid Plans+1","Outmaneuver","Noxious Fumes","Bullet Time","Heel Hook","Quick Slash+1"],"relics":["Ring of the Snake","DollysMirror","Matryoshka","Bag of Preparation","Pantograph","SacredBark"],"acts_visited":["Exordium","TheCity"],"potions_floor_usage":[21,22],"damage_taken":[{"damage":1.0,"enemies":"Small Slimes","floor":1.0,"turns":4.0},{"damage":0.0,"enemies":"2 Louse","floor":3.0,"turns":4.0},{"damage":2.0,"enemies":"Cultist","floor":4.0,"turns":5.0},{"damage":5.0,"enemies":"Large Slime","floor":5.0,"turns":7.0},{"damage":26.0,"enemies":"3 Sentries","floor":8.0,"turns":6.0},{"damage":2.0,"enemies":"Gremlin Gang","floor":10.0,"turns":3.0},{"damage":11.0,"enemies":"Exordium Wildlife","floor":12.0,"turns":6.0},{"damage":47.0,"enemies":"Slime Boss","floor":16.0,"turns":10.0},{"damage":25.0,"enemies":"Shell Parasite","floor":18.0,"turns":7.0},{"damage":6.0,"enemies":"Spheric Guardian","floor":19.0,"turns":5.0},{"damage":17,"enemies":"3 Cultists","floor":21,"turns":5},{"damage":5,"enemies":"Snake Plant","floor":22,"turns":3}],"seed_played":"-2522368493538153075","potions_obtained":[{"floor":5.0,"key":"Strength Potion"},{"floor":8.0,"key":"Explosive Potion"},{"floor":10.0,"key":"Block Potion"},{"floor":20.0,"key":"BlessingOfTheForge"},{"floor":20.0,"key":"CunningPotion"},{"floor":20.0,"key":"SneckoOil"},{"floor":21,"key":"Strength Potion"}],"is_trial":false,"path_per_floor":["M","?","M","M","M","R","$","E","T","M","R","M","R","$","R","B",null,"M","M","?","M","M"],"character_chosen":"THE_SILENT","items_purchased":["DollysMirror","Accuracy","Noxious Fumes"],"campfire_rested":1,"item_purchase_floors":[7,7,14],"current_hp_per_floor":[62,62,62,60,55,55,55,29,29,27,27,16,16,16,37,15,56,31,25,25,8,3,3],"gold":115,"neow_bonus":"RANDOM_COLORLESS","is_daily":false,"chose_seed":false,"campfire_upgraded":3,"win_rate":0.0,"timestamp":1608638132,"path_taken":["M","?","M","M","M","R","$","E","T","M","R","M","R","$","R","BOSS","M","M","?","M","?"],"items_purchased_type":["Relic","Card","Card"],"build_version":"2020-12-13","purchased_purges":1,"victory":false,"max_hp_per_floor":[70,70,70,70,70,70,70,70,70,70,70,70,70,70,70,70,70,70,70,70,70,70,70],"card_choices":[{"not_picked":["Jack Of All Trades","Purity"],"picked":"Blind","floor":0.0},{"not_picked":["Slice","Bane"],"picked":"Infinite Blades","floor":1.0},{"not_picked":["Sucker Punch","Underhanded Strike"],"picked":"Dagger Spray","floor":3.0},{"not_picked":["Expertise","Poisoned Stab"],"picked":"Crippling Poison","floor":4.0},{"not_picked":["Deadly Poison","Setup"],"picked":"Catalyst","floor":5.0},{"not_picked":["Caltrops","Deflect"],"picked":"Well Laid Plans","floor":8.0},{"not_picked":["Dash","Dodge and Roll"],"picked":"Outmaneuver","floor":10.0},{"not_picked":["Heel Hook","Masterful Stab","Poisoned Stab"],"picked":"SKIP","floor":12.0},{"not_picked":["Unload","Grand Finale"],"picked":"Bullet Time","floor":16.0},{"not_picked":["Skewer+1","Calculated Gamble"],"picked":"Heel Hook","floor":18.0},{"not_picked":["Poisoned Stab","Heel Hook"],"picked":"Quick Slash+1","floor":19.0},{"not_picked":["Slice","Sucker Punch","Crippling Poison+1"],"picked":"SKIP","floor":21}],"player_experience":87189,"relics_obtained":[{"floor":8.0,"key":"Matryoshka"},{"floor":9.0,"key":"Bag of Preparation"},{"floor":9.0,"key":"Pantograph"}],"event_choices":[{"damage_healed":0.0,"max_hp_gain":0.0,"max_hp_loss":0.0,"gold_gain":175.0,"event_name":"Liars Game","player_choice":"AGREE","floor":2.0,"gold_loss":0.0,"damage_taken":0.0,"cards_obtained":["Doubt"]},{"damage_healed":0.0,"max_hp_gain":0.0,"max_hp_loss":0.0,"gold_gain":0.0,"event_name":"The Woman in Blue","player_choice":"Bought 3 Potions","floor":20.0,"gold_loss":0.0,"damage_taken":0.0}],"is_beta":false,"boss_relics":[{"not_picked":["Tiny House","Cursed Key"],"picked":"SacredBark"}],"items_purged_floors":[7],"is_endless":false,"potions_floor_spawned":[5,8,10,21],"killed_by":"Snake Plant","ascension_level":10}}