{"host":"f0gpob8hq9vgebej","time":1608603294,"event":{"mods":["AchievementEnabler","BaseMod","Googly Eyes","Minty Spire (QoL Compilation)","Quick Restart","SuperFastMode"],"gold_per_floor":[115,128,53,128,144,144,144,144,169,190,211,166,166,89,89,89,89],"floor_reached":16,"playtime":255,"items_purged":["Strike_G"],"score":144,"play_id":"994ddbd0-397e-4477-b1c0-25da33441d23","local_time":"20201222111454","is_ascension_mode":true,"campfire_choices":[{"data":"Footwork","floor":6,"key":"SMITH"},{"data":"Neutralize","floor":8,"key":"SMITH"},{"floor":13,"key":"REST"},{"floor":15,"key":"REST"}],"circlet_count":0,"master_deck":["AscendersBane","Strike_G","Strike_G","Strike_G","Strike_G","Defend_G","Defend_G","Defend_G","Defend_G","Defend_G","Survivor","Neutralize+1","Footwork+1","Reflex","Reflex","PiercingWail","Backflip","Acrobatics","Tactician","Masterful Stab"],"relics":["Ring of the Snake","NeowsBlessing","Golden Idol","Dream Catcher"],"acts_visited":["Exordium"],"potions_floor_usage":[],"damage_taken":[{"damage":0,"enemies":"Jaw Worm","floor":1,"turns":1},{"damage":0,"enemies":"Small Slimes","floor":2,"turns":1},{"damage":0,"enemies":"2 Louse","floor":5,"turns":1},{"damage":0,"enemies":"Blue Slaver","floor":10,"turns":6},{"damage":19,"enemies":"Large Slime","floor":11,"turns":13},{"damage":0,"enemies":"Looter","floor":12,"turns":5},{"damage":0,"enemies":"Hexaghost","floor":16,"turns":1}],"seed_played":"-5549593625813918755","potions_obtained":[{"floor":2,"key":"Energy Potion"},{"floor":10,"key":"PowerPotion"}],"is_trial":false,"path_per_floor":["M","M","$","?","M","R","?","R","T","M","M","M","R","$","R","B"],"character_chosen":"THE_SILENT","items_purchased":["Tactician"],"campfire_rested":2,"item_purchase_floors":[14],"current_hp_per_floor":[63,63,63,52,52,52,35,35,35,35,16,16,37,37,58,58,58],"gold":89,"neow_bonus":"THREE_ENEMY_KILL","is_daily":false,"chose_seed":false,"campfire_upgraded":2,"win_rate":0.0,"timestamp":1608603294,"path_taken":["M","M","$","?","M","R","?","R","T","M","M","M","R","$","R","BOSS"],"items_purchased_type":["Card"],"build_version":"2020-12-13","purchased_purges":1,"victory":false,"max_hp_per_floor":[70,70,70,70,70,70,70,70,70,70,70,70,70,70,70,70,70],"card_choices":[{"not_picked":["Dodge and Roll","Choke"],"picked":"Footwork","floor":1},{"not_picked":["Underhanded Strike","Dagger Throw","Flechettes"],"picked":"SKIP","floor":2},{"not_picked":["Underhanded Strike","Bouncing Flask"],"picked":"Reflex","floor":5},{"not_picked":["Catalyst","Caltrops"],"picked":"Reflex","floor":10},{"not_picked":["Flechettes","Setup"],"picked":"PiercingWail","floor":11},{"not_picked":["Dodge and Roll","Setup"],"picked":"Backflip","floor":12},{"not_picked":["Dagger Throw","All Out Attack"],"picked":"Acrobatics","floor":13},{"not_picked":["Deflect","Flying Knee"],"picked":"Masterful Stab","floor":15}],"player_experience":183912,"relics_obtained":[{"floor":9,"key":"Dream Catcher"}],"event_choices":[{"damage_healed":0,"gold_gain":75,"player_choice":"Gather Gold","damage_taken":11,"max_hp_gain":0,"max_hp_loss":0,"event_name":"World of Goop","floor":4,"gold_loss":0},{"damage_healed":0,"gold_gain":0,"player_choice":"Take Damage","damage_taken":17,"relics_obtained":["Golden Idol"],"max_hp_gain":0,"max_hp_loss":0,"event_name":"Golden Idol","floor":7,"gold_loss":0}],"is_beta":false,"boss_relics":[],"items_purged_floors":[3],"is_endless":false,"potions_floor_spawned":[2,10,11],"killed_by":"Hexaghost","ascension_level":12}}