{"host":"odz7g4gpgch153rb","time":1608666110,"event":{"mods":["AchievementEnabler","BaseMod","Better Match","Better Third Choice","BetterRewards","GifTheSpireLib","Infinite Spire","Jedi Mod","Minty Spire (QoL Compilation)","Quick Restart","Replay The Spire","Spikes Relics","StSLib","Stuff the Spire","The Blue Laboratory","Trackpad"],"gold_per_floor":[118,118,135,13,13,13,46,46,46,46,46,64,15,48,48,122,122,136,136,149,165,182,182,200,213,285,295,295,327,343,115,115,115,115],"floor_reached":33,"playtime":2006,"items_purged":["Deadly Poison","Strike_G"],"score":554,"play_id":"9188c51f-ea62-455e-8347-1c205f52d452","local_time":"20201222144150","is_ascension_mode":true,"campfire_choices":[{"data":"Neutralize","floor":6,"key":"SMITH"},{"data":"Survivor","floor":8,"key":"SMITH"},{"data":"Defend_G","floor":10,"key":"SMITH"},{"data":"Cloak And Dagger","floor":15,"key":"SMITH"},{"data":"StuffTheSpire:Perfection","floor":23,"key":"SMITH"},{"floor":28,"key":"REST"},{"floor":32,"key":"REST"}],"circlet_count":0,"master_deck":["AscendersBane","Strike_G","Strike_G","Strike_G+1","Strike_G","Defend_G","Defend_G","Defend_G+1","Defend_G","Defend_G+1","Survivor+1","Blade Dance+1","Neutralize+1","Cloak And Dagger+1","Phantasmal Killer+1","Hidden Blade","Cloak And Dagger","Blade Dance","Adrenaline","Cloak And Dagger","Footwork"],"relics":["Ring of the Snake","NeowsBlessing","ReplayTheSpireMod:Shallot","LugNut","trackpad:ZombieHeart","trackpad:WondrousWand","GiantMaggot"],"acts_visited":["Exordium","TheCity"],"potions_floor_usage":[25,29,29,30,33],"damage_taken":[{"damage":0,"enemies":"Cultist","floor":1,"turns":1},{"damage":0,"enemies":"2 Louse","floor":3,"turns":1},{"damage":0,"enemies":"Gremlin Nob","floor":7,"turns":1},{"damage":0,"enemies":"Small Slimes","floor":12,"turns":2},{"damage":2,"enemies":"3 Sentries","floor":14,"turns":6},{"damage":45,"enemies":"The Guardian","floor":16,"turns":12},{"damage":8,"enemies":"3 Byrds","floor":18,"turns":5},{"damage":1,"enemies":"Chosen","floor":20,"turns":3},{"damage":1,"enemies":"Snake Plant","floor":21,"turns":4},{"damage":6,"enemies":"Centurion and Healer","floor":22,"turns":4},{"damage":19,"enemies":"3 Cultists","floor":24,"turns":7},{"damage":13,"enemies":"Snecko","floor":25,"turns":6},{"damage":6,"enemies":"Sentry and Sphere","floor":27,"turns":4},{"damage":11,"enemies":"Nightmare","floor":29,"turns":9},{"damage":1,"enemies":"Centurion and Healer","floor":30,"turns":3},{"damage":70,"enemies":"Collector","floor":33,"turns":9}],"seed_played":"746271187257101914","potions_obtained":[{"floor":1,"key":"blueLaboratory:BottledHope"},{"floor":7,"key":"blueLaboratory:ArtistsPotion"},{"floor":22,"key":"GhostInAJar"},{"floor":25,"key":"Reflective Coating"},{"floor":27,"key":"blueLaboratory:LouseDecoction"},{"floor":29,"key":"Fire Potion"}],"is_trial":false,"path_per_floor":["M","?","M","$","?","R","E","R","T","R","T","M","$","E","R","B",null,"M","?","M","M","M","R","M","M","T","M","R","NM","M","$","R","B"],"character_chosen":"THE_SILENT","items_purchased":["Blade Dance","Cloak And Dagger","Footwork","blueLaboratory:FruitPunch"],"campfire_rested":2,"item_purchase_floors":[4,13,31,31],"current_hp_per_floor":[59,59,59,59,59,59,59,59,59,59,59,59,59,57,57,13,54,49,49,49,49,45,45,29,17,17,13,37,27,28,28,52,0,0],"gold":115,"neow_bonus":"THREE_ENEMY_KILL","is_daily":false,"chose_seed":false,"campfire_upgraded":5,"win_rate":0.0,"timestamp":1608666110,"path_taken":["M","?","M","$","?","R","E","R","T","R","?","M","$","E","R","BOSS","M","?","M","M","M","R","M","M","T","M","R","NM","M","$","R","BOSS"],"items_purchased_type":["Card","Card","Card","Potion"],"build_version":"2020-12-13","purchased_purges":2,"victory":false,"max_hp_per_floor":[66,66,66,66,66,66,66,66,66,66,66,66,66,66,66,67,67,70,70,71,72,74,74,77,78,78,80,80,81,83,83,83,85,85],"card_choices":[{"not_picked":["ShadowRift","Flechettes"],"picked":"Deadly Poison","floor":1},{"not_picked":["Distraction","Slice","Reflex"],"picked":"SKIP","floor":3},{"not_picked":["StuffTheSpire:Fury","StuffTheSpire:Sprint","Bane"],"picked":"SKIP","floor":7},{"not_picked":["Endless Agony","jedi:pocketpoison","Escape Plan"],"picked":"SKIP","floor":12},{"not_picked":["Tactician","jedi:collectorvenom","jedi:pocketpoison"],"picked":"SKIP","floor":14},{"not_picked":["Atom Bomb","jedi:rejectivetoxin"],"picked":"Phantasmal Killer","floor":16},{"not_picked":["Skewer","Slice"],"picked":"Hidden Blade","floor":18},{"not_picked":["StuffTheSpire:Brawn","StuffTheSpire:Harmony"],"picked":"StuffTheSpire:Perfection","floor":19},{"not_picked":["ShadowRift","Replay:Poison Smokescreen","StuffTheSpire:ClusterCrunch"],"picked":"SKIP","floor":20},{"not_picked":["StuffTheSpire:Fury","ReplayTheSpireMod:The Works"],"picked":"Cloak And Dagger","floor":21},{"not_picked":["infinitespire:Neurotoxin","Predator+1","Quick Slash"],"picked":"SKIP","floor":22},{"not_picked":["jedi:poisonivy","Poisoned Stab","ReplayTheSpireMod:Speed Training"],"picked":"SKIP","floor":24},{"not_picked":["Flying Knee","Dodge and Roll","Pace"],"picked":"SKIP","floor":25},{"not_picked":["Deadly Poison","All Out Attack"],"picked":"Blade Dance","floor":27},{"not_picked":["Flying Knee","Prepared"],"picked":"Adrenaline","floor":29},{"not_picked":["Tactician","Slice+1"],"picked":"Cloak And Dagger","floor":30}],"player_experience":927924,"relics_obtained":[{"floor":7,"key":"StuffTheSpire:Mouthbags"},{"floor":9,"key":"ReplayTheSpireMod:Shallot"},{"floor":11,"key":"LugNut"},{"floor":14,"key":"trackpad:ZombieHeart"},{"floor":26,"key":"trackpad:WondrousWand"},{"floor":29,"key":"GiantMaggot"}],"event_choices":[{"damage_healed":0,"gold_gain":0,"player_choice":"Grow","damage_taken":0,"max_hp_gain":0,"max_hp_loss":0,"event_name":"Living Wall","floor":5,"gold_loss":0,"cards_upgraded":["Blade Dance"]}],"is_beta":false,"boss_relics":[{"not_picked":["Busted Crown","jedi:hotpepper","Runic Pyramid"]}],"items_purged_floors":[4,31],"is_endless":true,"potions_floor_spawned":[1,7,20,22,25,27,29],"killed_by":"Collector","ascension_level":15}}