{"host":"tgxjhppmfnb48qou","time":1608629624,"event":{"mods":["Aspiration","BaseMod","Better Altar","Better Note","Better Sensory Stone","Better Silent Start","Better Skull","Better Third Choice","CapriCore","Conspire","Curses Come First","Energized Spire","GifTheSpireLib","Gremlin Skip","Hubris","Infinite Spire","Minty Spire (QoL Compilation)","Permanent Neow","Quick Restart","Replay The Spire","Spicy Shops","StSLib","The Marked","vexMod"],"gold_per_floor":[116,129,140,151,29,62,62,62,62,74,74,94,113,138,138,241,241,255,271,19,19,38,49,49,79,103,103,119,62,79,97,97,192,192,205,215,215,215,227,227,227],"floor_reached":40,"playtime":3194,"items_purged":["theMarked:Strike","Parasite","Writhe"],"score":449,"play_id":"ef590d6d-aa86-473e-ac8a-addbd5c76432","local_time":"20201222023344","is_ascension_mode":false,"campfire_choices":[{"floor":8,"key":"REST"},{"data":"theMarked:Electrify","floor":11,"key":"SMITH"},{"floor":15,"key":"RECALL"},{"floor":24,"key":"REST"},{"floor":32,"key":"REST"}],"circlet_count":0,"master_deck":["theMarked:Defend","theMarked:Defend","theMarked:Defend","theMarked:Defend","theMarked:SoldierOfQuellstein","theMarked:EmpowerWeapon","theMarked:Electrify+1","theMarked:WardOff","theMarked:WardOff","theMarked:TakeOffHeels","theMarked:Overcharge","theMarked:WardOff","theMarked:WardOff","theMarked:SoldierForm","theMarked:EnhancedHearing","theMarked:PowerFlow","theMarked:ReduceFriction+1","theMarked:BindingBlade","theMarked:DeterminationOfTheMarked","theMarked:MagicAdept","infinitespire:Starlight","Writhe","theMarked:HeritageOfTheMarked+1"],"relics":["theMarked:ArtifactOfAir","aspiration:DSix","Iron Hammer","Vajra","Kintsugi","Toolbox","theMarked:DemonDagger","aspiration:HiddenCompartment","theMarked:Eyepatch","Cauldron"],"acts_visited":["Exordium","TheCity","TheBeyond"],"potions_floor_usage":[6,14,16,16,18,33,33,36,40,40],"damage_taken":[{"damage":5,"enemies":"Cultist","floor":1,"turns":4},{"damage":5,"enemies":"Small Slimes","floor":2,"turns":4},{"damage":2,"enemies":"2 Louse","floor":3,"turns":2},{"damage":5,"enemies":"Looter","floor":4,"turns":3},{"damage":5,"enemies":"Lagavulin","floor":6,"turns":7},{"damage":0,"enemies":"3 Louse","floor":10,"turns":2},{"damage":0,"enemies":"Large Slime","floor":12,"turns":2},{"damage":0,"enemies":"Looter","floor":13,"turns":4},{"damage":4,"enemies":"3 Sentries","floor":14,"turns":7},{"damage":8,"enemies":"Slime Boss","floor":16,"turns":6},{"damage":3,"enemies":"Chosen","floor":18,"turns":5},{"damage":15,"enemies":"3 Byrds","floor":19,"turns":9},{"damage":3,"enemies":"Shelled Parasite and Fungi","floor":22,"turns":4},{"damage":14,"enemies":"Sentry and Sphere","floor":23,"turns":6},{"damage":2,"enemies":"Replay:Snechameleon","floor":25,"turns":7},{"damage":6,"enemies":"Snecko","floor":28,"turns":5},{"damage":12,"enemies":"conspire:HollyBat","floor":30,"turns":6},{"damage":14,"enemies":"Centurion and Healer","floor":31,"turns":6},{"damage":35,"enemies":"Collector","floor":33,"turns":9},{"damage":14,"enemies":"3 Darklings","floor":35,"turns":7},{"damage":30,"enemies":"3 Shapes","floor":36,"turns":3},{"damage":10,"enemies":"Jaw Worm Horde","floor":39,"turns":5},{"damage":35,"enemies":"Reptomancer","floor":40,"turns":3}],"seed_played":"-4909010518870746414","potions_obtained":[{"floor":2,"key":"Weak Potion"},{"floor":4,"key":"PowerPotion"},{"floor":13,"key":"Explosive Potion"},{"floor":14,"key":"AttackPotion"},{"floor":16,"key":"DistilledChaos"},{"floor":18,"key":"Elixir"},{"floor":25,"key":"SteroidPotion"},{"floor":30,"key":"Toxic Potion"},{"floor":35,"key":"Strength Potion"},{"floor":36,"key":"DuplicationPotion"},{"floor":37,"key":"SkillPotion"}],"is_trial":false,"path_per_floor":["M","M","M","M","$","E","T","R","T","M","R","M","M","E","R","B",null,"M","M","$","?","M","M","R","E","T","?","M","$","M","M","R","B",null,"M","M","AVR","?","M","E"],"character_chosen":"THE_DEFAULT","items_purchased":["theMarked:WardOff","Toolbox","theMarked:ReduceFriction+1"],"campfire_rested":3,"item_purchase_floors":[5,20,29],"current_hp_per_floor":[65,60,58,53,53,48,48,69,69,69,69,69,69,65,65,57,70,67,52,52,56,53,39,59,57,57,57,51,51,39,25,45,10,67,53,23,23,40,45,10,10],"gold":227,"neow_bonus":"DSIX","is_daily":false,"chose_seed":false,"campfire_upgraded":1,"win_rate":0.0,"timestamp":1608629624,"path_taken":["M","M","M","M","$","E","?","R","T","M","R","M","M","E","R","BOSS","M","M","$","?","M","M","R","E","T","?","?","$","M","M","R","BOSS","M","M","AVR","?","M","E"],"items_purchased_type":["Card","Relic","Card"],"build_version":"2020-12-13","purchased_purges":3,"victory":false,"max_hp_per_floor":[70,70,70,70,70,70,70,70,70,70,70,70,70,70,70,70,70,70,70,67,67,67,67,67,67,67,67,67,67,67,67,67,67,67,67,67,67,67,67,67,67],"card_choices":[{"not_picked":["theMarked:TunnelVision","theMarked:Frustration"],"picked":"theMarked:RogueSparks","floor":1},{"not_picked":["theMarked:Parkour","theMarked:Overcharge"],"picked":"theMarked:EmpowerWeapon","floor":2},{"not_picked":["theMarked:Opportunist","theMarked:Generate"],"picked":"theMarked:Electrify","floor":3},{"not_picked":["theMarked:Convert","theMarked:EmpowerWeapon"],"picked":"theMarked:WardOff","floor":4},{"not_picked":["theMarked:WastefulAttack","theMarked:Panic"],"picked":"theMarked:TakeOffHeels","floor":6},{"not_picked":["theMarked:ElectricStrings","theMarked:SwordAndMagic"],"picked":"theMarked:Overcharge","floor":10},{"not_picked":["theMarked:LightningStrikesTwice","theMarked:HeightenedSenses"],"picked":"theMarked:WardOff","floor":12},{"not_picked":["theMarked:Overthink","theMarked:Electrify"],"picked":"theMarked:WardOff","floor":13},{"not_picked":["theMarked:Generate","theMarked:Electrocute","theMarked:ResourceFulStrike"],"picked":"SKIP","floor":14},{"not_picked":["theMarked:UnarmedFury","theMarked:MuscleMemory"],"picked":"theMarked:SoldierForm","floor":16},{"not_picked":["theMarked:EmpowerWeapon","theMarked:RepellingDischarge"],"picked":"theMarked:EnhancedHearing","floor":18},{"not_picked":["theMarked:Frustration+1","theMarked:Improvise","theMarked:RogueSparks"],"picked":"SKIP","floor":19},{"not_picked":["theMarked:Electrocute","theMarked:SelfDefenseTraining"],"picked":"theMarked:PowerFlow","floor":22},{"not_picked":["theMarked:ResourceFulStrike+1","theMarked:WastefulAttack","theMarked:SwordAndMagic+1"],"picked":"SKIP","floor":23},{"not_picked":["theMarked:MuscleMemory","theMarked:SwordAndMagic","theMarked:SelfDefenseTraining"],"picked":"SKIP","floor":25},{"not_picked":["theMarked:Generate","theMarked:SwordAndMagic+1","theMarked:Opportunist"],"picked":"SKIP","floor":28},{"not_picked":["theMarked:RepellingDischarge","theMarked:Convert+1","theMarked:LightningStrikesTwice+1"],"picked":"SKIP","floor":30},{"not_picked":["theMarked:Improvise+1","theMarked:ComboAttacks","theMarked:ElectricStrings"],"picked":"SKIP","floor":31},{"not_picked":["theMarked:SoldierForm","theMarked:TurnInvisible"],"picked":"theMarked:BindingBlade","floor":33},{"not_picked":["theMarked:Static","theMarked:EnhancedHearing+1"],"picked":"theMarked:DeterminationOfTheMarked","floor":35},{"not_picked":["theMarked:ReduceFriction","theMarked:Improvise"],"picked":"theMarked:MagicAdept","floor":36},{"not_picked":["theMarked:WastefulAttack","theMarked:Seal+1"],"picked":"theMarked:HeritageOfTheMarked+1","floor":39}],"player_experience":34399,"relics_obtained":[{"floor":6,"key":"Iron Hammer"},{"floor":14,"key":"Vajra"},{"floor":25,"key":"theMarked:DemonDagger"},{"floor":26,"key":"aspiration:HiddenCompartment"}],"event_choices":[{"damage_healed":4,"gold_gain":0,"player_choice":"LEAVE ","damage_taken":0,"relics_obtained":[],"max_hp_gain":0,"max_hp_loss":0,"event_name":"betterSkull:BetterSkull","floor":21,"gold_loss":0,"cards_upgraded":[]},{"cards_removed":["Writhe"],"damage_healed":0,"gold_gain":0,"player_choice":"Give","damage_taken":0,"max_hp_gain":0,"max_hp_loss":0,"event_name":"betterNote:BetterNote","floor":27,"gold_loss":0,"cards_obtained":["Defend_G"]},{"damage_healed":17,"gold_gain":0,"player_choice":"Writhe","damage_taken":0,"max_hp_gain":0,"max_hp_loss":0,"event_name":"Winding Halls","floor":38,"gold_loss":0,"cards_obtained":["Writhe"]}],"is_beta":false,"boss_relics":[{"not_picked":["vexMod:BigBerry","SacredBark"],"picked":"Kintsugi"},{"not_picked":["aspiration:PoetsPen_weak","infinitespire:Cupcake"],"picked":"theMarked:Eyepatch"}],"items_purged_floors":[5,20,37],"is_endless":false,"potions_floor_spawned":[2,4,13,14,16,18,25,30,35,36],"killed_by":"Reptomancer","ascension_level":0}}