{"host":"rwzz6mk6bpmb57ql","time":1608621367,"event":{"mods":["AchievementEnabler","BaseMod","BetterRewards","Colored Map","Highlight Path","Hubris","Minty Spire (QoL Compilation)","Replay The Spire","StSLib"],"gold_per_floor":[5615,5631,5646,5646,5646,5675,5689,5724,5795,5826,5846,5846,5846,4738,4738,4816,4816,4834,3821,3836,3849,3864,3864,3361,3361,3361,3361,3388,3388,3388,3405,3405,3482,3482,3499,3516,2863,2879,2899,2899,2930,2946,2972,2345,2364,2396,2396,2396,2396,2402,2402,2402,1743,1778,1782],"floor_reached":56,"playtime":3814,"items_purged":["Strike_R","Sickly","Strike_R","Doubt","Strike_R+1","Decay"],"score":2194,"play_id":"e827687b-090d-4102-adf6-e0034e14331f","local_time":"20201222011607","is_ascension_mode":true,"campfire_choices":[{"floor":13,"key":"RECALL"},{"data":"ReplayUltimateDefense","floor":15,"key":"SMITH"},{"data":"Barricade","floor":23,"key":"SMITH"},{"data":"True Grit","floor":25,"key":"SMITH"},{"data":"ReplayTheSpireMod:Brewmster","floor":30,"key":"SMITH"},{"data":"Shockwave","floor":32,"key":"SMITH"},{"data":"ReplayTheSpireMod:Stacked","floor":40,"key":"SMITH"},{"data":"Defy Death","floor":47,"key":"SMITH"},{"floor":49,"key":"REST"},{"data":"Defend_R+2","floor":52,"key":"SMITH"}],"circlet_count":0,"master_deck":["AscendersBane","Strike_R+1","Defend_R+3","Defend_R+3","Defend_R+2","Defend_R+3","Bash+1","True Grit+1","Juggernaut+1","Offering+1","ReplayTheSpireMod:Stacked+1","Shockwave+1","ReplayUltimateDefense+1","Discovery+1","Barricade+1","ReplayTheSpireMod:Brewmster+1","hubris:StunningStrike+1","Impervious+1","Entrench+1","Metallicize+1","Entrench+1","Shrug It Off+1","Defy Death+1","Berserk"],"relics":["Burning Blood","Potion Belt","hubris:Towel","Self Forming Clay","Juzu Bracelet","Snack Pack","Replay:Bottled Eggs","Meat on the Bone","Counterbalance","Replay:Baseball","HandDrill","Replay:Ancient Bell","Simple Rune","Iron Hammer","Champion Belt","Oddly Smooth Stone","Strange Spoon","Nunchaku","Bag of Marbles","DollysMirror","ReplayTheSpireMod:Shallot","MutagenicStrength","Philosopher\u0027s Stone","War Paint","Dream Catcher","Orrery","Blue Doll","hubris:ToyBattleship","Lantern","Bird Faced Urn","Replay:Bandana","Mark of the Bloom","ClockworkSouvenir","Sundial","Gremlin Food"],"acts_visited":["Exordium","TheCity","TheBeyond","TheEnding"],"potions_floor_usage":[8,10,16,16,20,20,20,21,21,21,21,21,21,21,21,21,22,22,22,22,28,28,28,28,31,31,31,31,33,33,33,33,33,33,33,33,33,33,35,35,35,35,36,36,38,38,38,38,38,38,39,39,39,39,39,41,41,41,41,41,41,42,42,42,42,42,42,42,42,45,45,45,45,45,45,46,46,46,46,46,50,50,50,50,50,50,50,54,54,54,54,54,55,55,55,55,55,55,55,55,55,55,55,55,55,55,55,55,55,55,55,55,55,55,55,55,55,55],"damage_taken":[{"damage":6,"enemies":"Cultist","floor":1,"turns":3},{"damage":14,"enemies":"Jaw Worm","floor":2,"turns":4},{"damage":8,"enemies":"2 Louse","floor":3,"turns":4},{"damage":61,"enemies":"Lagavulin","floor":6,"turns":8},{"damage":15,"enemies":"2 Fungi Beasts","floor":7,"turns":4},{"damage":39,"enemies":"3 Sentries","floor":8,"turns":11},{"damage":38,"enemies":"Gremlin Nob","floor":10,"turns":5},{"damage":24,"enemies":"Large Slime","floor":11,"turns":6},{"damage":20,"enemies":"Slime Boss","floor":16,"turns":12},{"damage":14,"enemies":"Shell Parasite","floor":18,"turns":7},{"damage":15,"enemies":"3 Byrds","floor":20,"turns":6},{"damage":6,"enemies":"Centurion and Healer","floor":21,"turns":11},{"damage":24,"enemies":"Chosen and Byrds","floor":22,"turns":8},{"damage":21,"enemies":"Slavers","floor":28,"turns":8},{"damage":17,"enemies":"Snake Plant","floor":31,"turns":7},{"damage":6,"enemies":"Automaton","floor":33,"turns":16},{"damage":6,"enemies":"Orb Walker","floor":35,"turns":5},{"damage":1,"enemies":"3 Shapes","floor":36,"turns":6},{"damage":7,"enemies":"Sphere and 2 Shapes","floor":38,"turns":9},{"damage":30,"enemies":"Jaw Worm Horde","floor":39,"turns":8},{"damage":8,"enemies":"Nemesis","floor":41,"turns":9},{"damage":17,"enemies":"3 Darklings","floor":42,"turns":8},{"damage":12,"enemies":"Writhing Mass","floor":45,"turns":6},{"damage":30,"enemies":"R_Hoarder","floor":46,"turns":10},{"damage":6,"enemies":"Awakened One","floor":50,"turns":11},{"damage":23,"enemies":"Shield and Spear","floor":54,"turns":7},{"damage":41,"enemies":"The Heart","floor":55,"turns":15}],"seed_played":"-1100718551984350621","potions_obtained":[{"floor":6,"key":"FearPotion"},{"floor":8,"key":"ColorlessPotion"},{"floor":10,"key":"ColorlessPotion"},{"floor":16,"key":"Fire Potion"},{"floor":20,"key":"Energy Potion"},{"floor":22,"key":"PowerPotion"},{"floor":41,"key":"DistilledChaos"},{"floor":42,"key":"AttackPotion"},{"floor":54,"key":"Elixir"}],"is_trial":false,"path_per_floor":["M","M","M","?","?","E","M","E","T","E","M","?","R","$","R","B",null,"M","$","M","M","M","R","$","R","T","?","E","?","R","M","R","B",null,"M","M","$","M","M","R","E","M","T","$","M","E","R","?","R","B",null,"R","$","E","B",null],"character_chosen":"IRONCLAD","items_purchased":["Shockwave","Counterbalance","ReplayUltimateDefense","Replay:Baseball","HandDrill","Discovery","LifebloodPotion","Oddly Smooth Stone","Strange Spoon","Nunchaku","ReplayTheSpireMod:Brewmster","hubris:StunningStrike","Adrenaline Potion","Impervious","Metallicize","Bag of Marbles","DollysMirror","Shrug It Off","War Paint","Dream Catcher","Orrery","Lantern","Bird Faced Urn","ClockworkSouvenir","Sundial","Adrenaline Potion"],"campfire_rested":1,"item_purchase_floors":[14,14,14,14,14,14,14,19,19,19,19,19,19,19,24,24,24,37,37,37,37,44,44,53,53,53],"current_hp_per_floor":[137,129,127,127,124,69,60,127,127,95,81,81,81,81,81,79,129,121,121,112,141,123,123,123,123,123,123,108,108,108,97,97,99,134,136,141,141,142,118,118,116,105,105,105,138,134,134,134,134,128,128,128,128,105,64],"gold":1782,"neow_bonus":"REMOVE_CARD","is_daily":false,"chose_seed":false,"campfire_upgraded":8,"win_rate":0.0,"timestamp":1608621367,"path_taken":["M","M","?","?","?","E","M","E","T","E","M","?","R","$","R","BOSS","M","$","M","M","M","R","$","R","T","?","E","?","R","M","R","BOSS","M","M","$","M","M","R","E","M","T","$","M","E","R","?","R","BOSS","R","$","E","BOSS"],"items_purchased_type":["Card","Relic","Card","Relic","Relic","Card","Potion","Relic","Relic","Relic","Card","Card","Potion","Card","Card","Relic","Relic","Card","Relic","Relic","Relic","Relic","Relic","Relic","Relic","Potion"],"build_version":"2020-12-13","purchased_purges":6,"victory":true,"max_hp_per_floor":[145,145,145,145,145,145,145,145,145,145,145,145,145,145,145,145,145,145,145,145,145,145,145,145,145,145,145,145,145,145,145,145,145,145,145,145,145,145,145,145,145,145,145,145,145,145,145,145,145,145,145,145,145,145,145],"card_choices":[{"not_picked":["hubris:ReadiedAction","ReplayTheSpireMod:Stacked"],"picked":"True Grit","floor":1},{"not_picked":["Flex","Intimidate","Rupture"],"picked":"SKIP","floor":2},{"not_picked":["Sword Boomerang","Wild Strike","hubris:ReadiedAction"],"picked":"SKIP","floor":3},{"not_picked":["Rupture","Reaper"],"picked":"Juggernaut","floor":6},{"not_picked":["Clash","Heavy Blade","Wild Strike"],"picked":"SKIP","floor":7},{"not_picked":["Sword Boomerang","ReplayReversal","Replay:Undeath\u0027s Touch"],"picked":"SKIP","floor":8},{"not_picked":["Heavy Blade","Twin Strike"],"picked":"Offering","floor":10},{"not_picked":["hubris:SharpeningStone","Thunderclap"],"picked":"ReplayTheSpireMod:Stacked","floor":11},{"not_picked":["Reaper","Fiend Fire"],"picked":"Barricade","floor":16},{"not_picked":["Looming Evil","CommonCold"],"picked":"Doubt","floor":17},{"not_picked":["hubris:Greed","Hallucinations"],"picked":"Sickly","floor":17},{"not_picked":["CurseOfTheBell","hubris:Compulsion"],"picked":"Decay","floor":17},{"not_picked":["ReplayTheSpireMod:Muscle Training","Perfected Strike","True Grit"],"picked":"SKIP","floor":18},{"not_picked":["Anger","Fire Breathing","Run Through"],"picked":"SKIP","floor":20},{"not_picked":["Warcry+1","Run Through","hubris:ReadiedAction"],"picked":"SKIP","floor":21},{"not_picked":["Shrug It Off","Anger"],"picked":"Entrench+1","floor":22},{"not_picked":["Rage","Anger+1","Pommel Strike"],"picked":"SKIP","floor":28},{"not_picked":["Fiend Fire","Thunderclap","Inflame"],"picked":"SKIP","floor":31},{"not_picked":["Havoc","Pommel Strike","Clash+1"],"picked":"SKIP","floor":35},{"not_picked":["Shrug It Off+1","Havoc+1","Warcry+1"],"picked":"SKIP","floor":36},{"not_picked":["Heavy Blade","Twin Strike","Sword Boomerang"],"picked":"SKIP","floor":38},{"not_picked":["Run Through","Anger","Rage+1"],"picked":"SKIP","floor":39},{"not_picked":["Feed","Cleave+1","Ghostly Armor+1"],"picked":"SKIP","floor":41},{"not_picked":["Clothesline+1","Perfected Strike","Double Tap"],"picked":"SKIP","floor":42},{"not_picked":["Rupture+1","Run Through"],"picked":"Defy Death","floor":45},{"not_picked":["Searing Blow+1","Twin Strike+1","Headbutt"],"picked":"SKIP","floor":46},{"not_picked":["Fiend Fire","ReplayTheSpireMod:LeadingStrike"],"picked":"Berserk","floor":54}],"player_experience":79501,"relics_obtained":[{"floor":6,"key":"Juzu Bracelet"},{"floor":8,"key":"Snack Pack"},{"floor":9,"key":"Replay:Bottled Eggs"},{"floor":10,"key":"Meat on the Bone"},{"floor":28,"key":"ReplayTheSpireMod:Shallot"},{"floor":41,"key":"Blue Doll"},{"floor":43,"key":"hubris:ToyBattleship"},{"floor":46,"key":"Replay:Bandana"},{"floor":54,"key":"Gremlin Food"}],"event_choices":[{"damage_healed":0,"gold_gain":0,"player_choice":"Success","damage_taken":3,"relics_obtained":["Self Forming Clay"],"max_hp_gain":0,"max_hp_loss":0,"event_name":"Scrap Ooze","floor":5,"gold_loss":0},{"damage_healed":0,"gold_gain":0,"player_choice":"Ignored","damage_taken":0,"max_hp_gain":0,"max_hp_loss":0,"event_name":"Golden Idol","floor":12,"gold_loss":0},{"damage_healed":0,"gold_gain":0,"player_choice":"Inject Mutagens","damage_taken":0,"relics_obtained":["MutagenicStrength"],"max_hp_gain":0,"max_hp_loss":0,"event_name":"Drug Dealer","floor":29,"gold_loss":0},{"damage_healed":0,"gold_gain":0,"player_choice":"Upgrade","damage_taken":0,"relics_obtained":["Mark of the Bloom"],"max_hp_gain":0,"max_hp_loss":0,"event_name":"MindBloom","floor":48,"gold_loss":0,"cards_upgraded":["Strike_R","Defend_R","Defend_R","Defend_R","Defend_R","Bash","Juggernaut","Offering","Discovery","hubris:StunningStrike","Impervious","Metallicize"]}],"is_beta":false,"boss_relics":[{"not_picked":["SlaversCollar","Velvet Choker"],"picked":"Replay:Ancient Bell"},{"not_picked":["ReplayFunnel","Blood Vial"],"picked":"Simple Rune"},{"not_picked":["Eternal Feather","Mercury Hourglass"],"picked":"Iron Hammer"},{"not_picked":["Replay:Multitool","Torii"],"picked":"Champion Belt"},{"not_picked":["hubris:Backtick","ReplayTheSpireMod:DimensionalGlitch"],"picked":"Philosopher\u0027s Stone"}],"items_purged_floors":[14,19,24,37,44,53],"is_endless":false,"potions_floor_spawned":[6,8,10,16,20,22,33,41,42,54],"ascension_level":13}}