{"host":"h8l1uc7c2i19r904","time":1608603171,"event":{"mods":["AchievementEnabler","BaseMod","Colored Map","Colored Powertips","Downfall","Minty Spire (QoL Compilation)","Quick Restart","Replay The Spire","StSLib","SuperFastMode"],"gold_per_floor":[116,116,116,126,126,160,160,160,160,160,171,199,211,241,241,241,241],"floor_reached":16,"playtime":732,"items_purged":[],"score":133,"play_id":"08124544-ae7e-4edc-9701-208120e5c979","local_time":"20201221181251","is_ascension_mode":false,"campfire_choices":[{"data":"ReplayTheSpireMod:Repulse","floor":7,"key":"SMITH"},{"data":"Eruption","floor":10,"key":"SMITH"},{"data":"Static Discharge","floor":15,"key":"SMITH"}],"circlet_count":0,"master_deck":["Strike_B+1","Strike_B+1","Strike_B+1","Strike_B+1","Defend_B","Defend_B+1","Defend_B","Rebound","Vigilance","Eruption+1","Time Bomb","ReplayTheSpireMod:Repulse+1","Ball Lightning","Static Discharge+1"],"relics":["Cracked Core","NeowsBlessing","Bag of Marbles","Replay:Ringing Soul","Whetstone","Bronze Scales"],"acts_visited":["Exordium"],"potions_floor_usage":[1],"damage_taken":[{"damage":0,"enemies":"Cultist","floor":1,"turns":1},{"damage":0,"enemies":"2 Louse","floor":4,"turns":1},{"damage":0,"enemies":"Gremlin Nob","floor":6,"turns":1},{"damage":0,"enemies":"Small Slimes","floor":11,"turns":2},{"damage":25,"enemies":"Replay:BlueRogue","floor":12,"turns":6},{"damage":0,"enemies":"Exordium Wildlife","floor":13,"turns":2},{"damage":36,"enemies":"Hexaghost","floor":16,"turns":2}],"seed_played":"3970596508661682017","potions_obtained":[{"floor":1,"key":"EntropicBrew"}],"is_trial":false,"path_per_floor":["M","?","?","M","?","E","R","?","T","R","M","E","M","?","R_BF","B"],"character_chosen":"DEFECT","items_purchased":[],"campfire_rested":0,"item_purchase_floors":[],"current_hp_per_floor":[75,75,75,75,68,68,68,53,53,53,56,34,34,34,34,0,0],"gold":241,"neow_bonus":"THREE_ENEMY_KILL","is_daily":false,"chose_seed":false,"campfire_upgraded":3,"win_rate":0.0,"timestamp":1608603171,"path_taken":["M","?","?","M","?","E","R","?","T","R","M","E","?","?","R_BF","BOSS"],"items_purchased_type":[],"build_version":"2020-12-13","purchased_purges":0,"victory":false,"max_hp_per_floor":[75,75,75,75,75,75,75,75,75,75,78,81,81,81,81,81,81],"card_choices":[{"not_picked":["Capacitor","Streamline"],"picked":"Rebound","floor":1},{"not_picked":["Hologram","Undo"],"picked":"Time Bomb","floor":4},{"not_picked":["Leap","Rip and Tear"],"picked":"ReplayTheSpireMod:Repulse","floor":6},{"not_picked":["Rebound","Leap"],"picked":"Ball Lightning","floor":11},{"not_picked":["Buffer","Ball Lightning"],"picked":"Static Discharge","floor":12},{"not_picked":["Glacier","Stack","Redo"],"picked":"SKIP","floor":13}],"player_experience":89693,"relics_obtained":[{"floor":6,"key":"Bag of Marbles"},{"floor":9,"key":"Replay:Ringing Soul"},{"floor":12,"key":"Whetstone"}],"event_choices":[{"cards_removed":["Defend_B"],"damage_healed":0,"gold_gain":0,"player_choice":"Card Removal","damage_taken":7,"max_hp_gain":0,"max_hp_loss":0,"event_name":"Golden Wing","floor":5,"gold_loss":0},{"damage_healed":0,"gold_gain":0,"player_choice":"Entered Light","damage_taken":15,"max_hp_gain":0,"max_hp_loss":0,"event_name":"Shining Light","floor":8,"gold_loss":0,"cards_upgraded":["Strike_B","Defend_B"]},{"damage_healed":0,"gold_gain":30,"player_choice":"Searched \u00273\u0027 times","damage_taken":0,"relics_obtained":["Bronze Scales"],"max_hp_gain":0,"max_hp_loss":0,"event_name":"Dead Adventurer","floor":14,"gold_loss":0}],"is_beta":false,"boss_relics":[],"items_purged_floors":[],"is_endless":false,"potions_floor_spawned":[1,4],"killed_by":"Hexaghost","ascension_level":0}}