{"host":"wppa8gky53tnknhf","time":1608652757,"event":{"mods":["AchievementEnabler","Act Like it!","BaseMod","Better Third Choice","BetterRewards","Card Forge","Colored Powertips","Energized Spire","Hubris","Infinite Spire","Marked Mod","Minty Spire (QoL Compilation)","Permanent Neow","Quick Restart","Rare Cards Sparkle","Relic Stats","Remove Card Discount Mod","Replay The Spire","Spikes Relics","Spire Birthday Party","StSLib"],"gold_per_floor":[361,132,152,165,182,217,235,245,245,273,273,305,305,305,305,404,404,424,364,384,403,422,449,449,482,482,482,482],"floor_reached":27,"playtime":1036,"items_purged":[],"score":341,"play_id":"221349b9-a118-4782-a3c1-641f65f71760","local_time":"20201222155917","is_ascension_mode":true,"campfire_choices":[{"floor":11,"key":"REST"},{"floor":15,"key":"RECALL"},{"floor":24,"key":"REST"}],"circlet_count":0,"master_deck":["Strike_P+1","Strike_P+1","Strike_P+1","Strike_P+1","Defend_P+1","Defend_P+1","Defend_P+1","Defend_P+1","Eruption+1","Vigilance+1","FlurryOfBlows+1","Prostrate+1","WindmillStrike+1","Perseverance+1","Consecrate+1","Pray+1","SignatureMove+1","Pray+1","Ragnarok+1","FlyingSleeves+1","ConjureBlade+1","AbeCurse","Worship+1","Consecrate+1","DevaForm+1","Prostrate","Pot Of Greed","Pot Of Greed","Pot Of Greed"],"relics":["PureWater","Hammer of Thor","Seething Fire","Anvil of the Gods","Blood Vial","Bottled Flame","infinitespire:Bottled Soul","infinitespire:Broken Mirror","Quantum Egg","hubris:Towel","Abe\u0027s Treasure","Ornamental Fan","Kunai","Grinning Jar"],"acts_visited":["Exordium","TheCity"],"potions_floor_usage":[8,12,12,16,22,23],"damage_taken":[{"damage":0,"enemies":"Small Slimes","floor":1,"turns":2},{"damage":0,"enemies":"2 Louse","floor":3,"turns":3},{"damage":0,"enemies":"Jaw Worm","floor":4,"turns":4},{"damage":0,"enemies":"Looter","floor":5,"turns":3},{"damage":0,"enemies":"Lagavulin","floor":6,"turns":4},{"damage":0,"enemies":"Exordium Thugs","floor":7,"turns":5},{"damage":0,"enemies":"Blue Slaver","floor":8,"turns":3},{"damage":48,"enemies":"Gremlin Nob","floor":10,"turns":5},{"damage":0,"enemies":"3 Sentries","floor":12,"turns":3},{"damage":12,"enemies":"The Guardian","floor":16,"turns":6},{"damage":0,"enemies":"Spheric Guardian","floor":18,"turns":2},{"damage":0,"enemies":"Chosen","floor":20,"turns":4},{"damage":4,"enemies":"Snecko","floor":21,"turns":4},{"damage":10,"enemies":"Cultist and Chosen","floor":22,"turns":4},{"damage":16,"enemies":"Replay:Snechameleon","floor":23,"turns":5},{"damage":40,"enemies":"Slavers","floor":25,"turns":5},{"damage":4,"enemies":"3 Cultists","floor":27,"turns":3}],"seed_played":"3073593905925102382","potions_obtained":[{"floor":3,"key":"Explosive Potion"},{"floor":4,"key":"Explosive Potion"},{"floor":7,"key":"Swift Potion"},{"floor":12,"key":"Weak Potion"},{"floor":16,"key":"Strength Potion"},{"floor":21,"key":"BlessingOfTheForge"},{"floor":22,"key":"ColorlessPotion"},{"floor":23,"key":"FearPotion"},{"floor":25,"key":"LiquidBronze"}],"is_trial":false,"path_per_floor":["M","$","M","M","M","E","M","M","T","E","R","E","?","?","R","B",null,"M","?","M","M","M","E","R","E","T","M"],"character_chosen":"WATCHER","items_purchased":["Blood Vial","Prostrate","WindmillStrike"],"campfire_rested":2,"item_purchase_floors":[2,2,2],"current_hp_per_floor":[51,51,53,55,57,59,61,63,63,17,38,40,40,40,40,30,72,72,72,72,68,60,46,67,29,29,27,27],"gold":482,"neow_bonus":"TWO_FIFTY_GOLD","is_daily":false,"chose_seed":false,"campfire_upgraded":0,"win_rate":0.0,"timestamp":1608652757,"path_taken":["M","$","M","M","M","E","M","M","T","E","R","E","?","?","R","BOSS","M","?","M","M","M","E","R","E","T","M"],"items_purchased_type":["Relic","Card","Card"],"build_version":"2020-12-13","purchased_purges":0,"victory":false,"max_hp_per_floor":[72,72,72,72,72,72,72,72,72,72,72,72,72,72,72,72,72,72,72,72,72,72,72,72,72,72,72,72],"relic_stats":{"Blood Vial":26,"counters":[17,65],"Ornamental Fan":[8],"Kunai":[1],"obtain_stats":[{"Quantum Egg":12,"Hammer of Thor":0,"Seething Fire":0,"hubris:Towel":14,"Blood Vial":2,"Bottled Flame":6,"Anvil of the Gods":0,"infinitespire:Bottled Soul":9,"infinitespire:Broken Mirror":10,"Ornamental Fan":23,"Kunai":25,"PureWater":0,"Grinning Jar":26,"Abe\u0027s Treasure":17},{"Quantum Egg":9,"Hammer of Thor":0,"Seething Fire":0,"hubris:Towel":9,"Blood Vial":1,"Bottled Flame":5,"Anvil of the Gods":0,"infinitespire:Bottled Soul":7,"infinitespire:Broken Mirror":8,"Ornamental Fan":15,"Kunai":16,"PureWater":0,"Grinning Jar":16,"Abe\u0027s Treasure":10},{"Quantum Egg":32,"Hammer of Thor":0,"Seething Fire":0,"hubris:Towel":32,"Blood Vial":2,"Bottled Flame":16,"Anvil of the Gods":0,"infinitespire:Bottled Soul":24,"infinitespire:Broken Mirror":29,"Ornamental Fan":57,"Kunai":62,"PureWater":0,"Grinning Jar":62,"Abe\u0027s Treasure":38}]},"card_choices":[{"not_picked":["FollowUp","Adaptation"],"picked":"FlurryOfBlows","floor":1},{"not_picked":["FlurryOfBlows","FollowUp"],"picked":"Perseverance","floor":3},{"not_picked":["FlurryOfBlows","PathToVictory"],"picked":"Consecrate","floor":4},{"not_picked":["MentalFortress","Swivel"],"picked":"Pray","floor":5},{"not_picked":["EmptyBody","ForeignInfluence"],"picked":"SignatureMove","floor":6},{"not_picked":["EmptyFist","Fasting2","ThirdEye"],"picked":"SKIP","floor":7},{"not_picked":["ReachHeaven","Replay:Cycle"],"picked":"Pray","floor":8},{"not_picked":["CrushJoints","Replay:ManipulateFuture"],"picked":"Ragnarok","floor":10},{"not_picked":["MarkedMod:GentlePulse","MarkedMod:GracefulMovements"],"picked":"FlyingSleeves","floor":12},{"not_picked":["MarkedMod:ChiBlock","DeusExMachina"],"picked":"ConjureBlade","floor":16},{"not_picked":["Replay:Anticipation","MentalFortress"],"picked":"Worship","floor":18},{"not_picked":["Collect","Replay:BluntJabs","SashWhip"],"picked":"SKIP","floor":20},{"not_picked":["ThirdEye","JustLucky","MarkedMod:GracefulMovements"],"picked":"SKIP","floor":21},{"not_picked":["CrushJoints","Halt+1"],"picked":"Consecrate+1","floor":22},{"not_picked":["Indignation","WaveOfTheHand"],"picked":"DevaForm","floor":23},{"not_picked":["MentalFortress","DeusExMachina"],"picked":"Prostrate","floor":25}],"player_experience":678266,"relics_obtained":[{"floor":6,"key":"Bottled Flame"},{"floor":9,"key":"infinitespire:Bottled Soul"},{"floor":10,"key":"infinitespire:Broken Mirror"},{"floor":12,"key":"Quantum Egg"},{"floor":23,"key":"Ornamental Fan"},{"floor":25,"key":"Kunai"},{"floor":26,"key":"Grinning Jar"}],"event_choices":[{"damage_healed":40,"gold_gain":0,"player_choice":"Leave","damage_taken":0,"max_hp_gain":0,"max_hp_loss":72,"event_name":"betterThird:BetterShining","floor":13,"gold_loss":0}],"is_beta":false,"boss_relics":[{"not_picked":["HolyWater","hubris:Backtick"],"picked":"Abe\u0027s Treasure"}],"items_purged_floors":[],"is_endless":false,"potions_floor_spawned":[3,4,7,12,16,21,22,23,25],"killed_by":"3 Cultists","ascension_level":1}}