{"host":"ÇïÍ¥»¨¿ªÃÎÀïÏã","time":1608634987,"event":{"mods":["ATMod(°¢èªMod)","Ascension Reborn","BaseMod","Colored Powertips","Custom Start","Highlight Path","Minty Spire (QoL Compilation)","Replay The Spire","StSLib"],"gold_per_floor":[115,40,140,155,155,155,166,166,183,195,249,249,279,289,319,319,319,420,420,438,449,549,42,57,57,67,84,110,86,86,86],"floor_reached":30,"playtime":2043,"items_purged":["Strike_B","Strike_B"],"score":352,"play_id":"89f782b5-2d71-4bba-9ab2-fdc2e00b7d5f","local_time":"20201222190307","is_ascension_mode":true,"campfire_choices":[{"data":"AT_ThreeBodyProblem","floor":8,"key":"SMITH"},{"floor":12,"key":"REST"},{"data":"Coolheaded","floor":17,"key":"SMITH"},{"floor":25,"key":"REST"}],"circlet_count":0,"master_deck":["Strike_B","Defend_B","Defend_B","Defend_B","Defend_B","Zap","Dualcast","AT_FamilyPortrait","Streamline","Turbo","AT_ThreeBodyProblem+1","Redo","Coolheaded+1","Redo","AT_WarpDrive+1","Panic Button","Redo","Redo"],"relics":["Cracked Core","AT_ATBox","NeowsBlessing","Kunai","Blue Doll","AT_TrinityForce","AT_BellowingDragoncrestRing","Chemical X","AT_EbonyIvory"],"acts_visited":["Exordium","TheCity"],"potions_floor_usage":[15,15,18,21,24],"damage_taken":[{"damage":0,"enemies":"Small Slimes","floor":1,"turns":1},{"damage":0,"enemies":"Cultist","floor":4,"turns":1},{"damage":0,"enemies":"Jaw Worm","floor":7,"turns":1},{"damage":9,"enemies":"Red Slaver","floor":9,"turns":2},{"damage":40,"enemies":"Exordium Thugs","floor":10,"turns":6},{"damage":5,"enemies":"3 Sentries","floor":13,"turns":7},{"damage":0,"enemies":"Exordium Wildlife","floor":14,"turns":2},{"damage":20,"enemies":"Lagavulin","floor":15,"turns":4},{"damage":1,"enemies":"The Guardian","floor":18,"turns":11},{"damage":39,"enemies":"3 Byrds","floor":20,"turns":4},{"damage":1,"enemies":"Shell Parasite","floor":21,"turns":4},{"damage":12,"enemies":"Snecko","floor":24,"turns":4},{"damage":17,"enemies":"Cultist and Chosen","floor":26,"turns":5},{"damage":0,"enemies":"Centurion and Healer","floor":27,"turns":5},{"damage":10,"enemies":"Book of Stabbing","floor":30,"turns":4}],"seed_played":"5865990743000832304","potions_obtained":[{"floor":10,"key":"Weak Potion"},{"floor":13,"key":"Weak Potion"},{"floor":14,"key":"PowerPotion"},{"floor":15,"key":"Milkshake"},{"floor":20,"key":"SkillPotion"},{"floor":21,"key":"Flashbang"}],"is_trial":false,"path_per_floor":["M","$","?","M","PTL","PTL","M","R","M","M","T","R","E","M","E","?","R","B",null,"M","M","?","$","M","R","M","M","T","$","E"],"character_chosen":"DEFECT","items_purchased":["AT_BellowingDragoncrestRing","Chemical X","Redo"],"campfire_rested":2,"item_purchase_floors":[23,23,29],"current_hp_per_floor":[68,68,68,68,68,68,68,68,59,19,19,41,36,36,16,16,16,15,60,21,20,20,20,8,30,13,13,13,13,3,3],"gold":86,"neow_bonus":"THREE_ENEMY_KILL","is_daily":false,"chose_seed":false,"campfire_upgraded":2,"win_rate":0.0,"timestamp":1608634987,"path_taken":["M","$","?","M","PTL","PTL","M","R","M","M","T","R","E","?","E","?","R","BOSS","M","M","?","?","?","R","M","M","T","$","E"],"items_purchased_type":["Relic","Relic","Card"],"build_version":"2020-12-18","purchased_purges":2,"victory":false,"max_hp_per_floor":[75,75,75,75,75,75,75,75,75,75,75,75,75,75,75,75,75,75,75,75,75,75,75,75,75,75,75,75,75,75,75],"card_choices":[{"not_picked":["Cold Snap","Chill"],"picked":"Streamline","floor":1},{"not_picked":["Barrage","Reinforced Body"],"picked":"Turbo","floor":4},{"not_picked":["ReplayTheSpireMod:Reroute Power","FIFO Queue"],"picked":"AT_ThreeBodyProblem","floor":7},{"not_picked":["BasicCrystalCard","Force Field","Steam"],"picked":"SKIP","floor":9},{"not_picked":["Undo","AT_ThreeBodyProblem"],"picked":"Redo","floor":10},{"not_picked":["AT_EMC2","Barrage","Go for the Eyes"],"picked":"SKIP","floor":13},{"not_picked":["Force Field","Sweeping Beam"],"picked":"Coolheaded","floor":14},{"not_picked":["Ball Lightning","ReplayRNGCard"],"picked":"Redo","floor":15},{"not_picked":["Sweeping Beam","Reinforced Body+1","Turbo"],"picked":"SKIP","floor":20},{"not_picked":["Leap","Chill","ReplayGash"],"picked":"SKIP","floor":21},{"not_picked":["Cold Snap","ReplayTheSpireMod:Repulse","Force Field+1"],"picked":"SKIP","floor":24},{"not_picked":["Stack+1","Core Surge"],"picked":"AT_WarpDrive+1","floor":26},{"not_picked":["Go for the Eyes+1","Rebound"],"picked":"Panic Button","floor":27}],"player_experience":448242,"relics_obtained":[{"floor":13,"key":"Kunai"},{"floor":15,"key":"Blue Doll"},{"floor":28,"key":"AT_EbonyIvory"}],"event_choices":[{"damage_healed":0,"gold_gain":100,"player_choice":"Pray","damage_taken":0,"max_hp_gain":0,"max_hp_loss":0,"event_name":"Golden Shrine","floor":3,"gold_loss":0},{"cards_removed":["Strike_B"],"damage_healed":0,"gold_gain":0,"player_choice":"Purged","damage_taken":0,"max_hp_gain":0,"max_hp_loss":0,"event_name":"Purifier","floor":16,"gold_loss":0},{"damage_healed":0,"gold_gain":100,"player_choice":"Pray","damage_taken":0,"max_hp_gain":0,"max_hp_loss":0,"event_name":"Golden Shrine","floor":22,"gold_loss":0}],"is_beta":true,"boss_relics":[{"not_picked":["Sozu","SacredBark"],"picked":"AT_TrinityForce"}],"items_purged_floors":[2,23],"is_endless":false,"potions_floor_spawned":[10,13,14,15,20,21],"killed_by":"Book of Stabbing","ascension_level":7}}