{"host":"k5dhp0bkccqfauyu","time":1608636128,"event":{"mods":["BaseMod","Better Note","Better Skull","Better Vampires","Colored Map","Colored Powertips","DeckTracker","Minty Spire (QoL Compilation)","Permanent Neow","StSLib","SuperFastMode"],"gold_per_floor":[118,134,134,148,148,173,173,183,183,208,208,240,15,31,31,109,109,121,121,132,150,198,232,267,267,293,293,76,89,89,121,121,121,121],"floor_reached":33,"playtime":1406,"items_purged":["Strike_P","Defend_P"],"score":756,"play_id":"50eb265d-aded-4ed0-a5cb-b3246dad2e29","local_time":"20201222222208","is_ascension_mode":true,"campfire_choices":[{"data":"Eruption","floor":7,"key":"SMITH"},{"data":"CutThroughFate","floor":11,"key":"SMITH"},{"data":"Meditate","floor":15,"key":"SMITH"},{"data":"Adaptation","floor":25,"key":"SMITH"},{"data":"WheelKick","floor":30,"key":"SMITH"},{"data":"MentalFortress","floor":32,"key":"SMITH"}],"circlet_count":0,"master_deck":["AscendersBane","Defend_P+1","Defend_P+1","Defend_P+1","Eruption+1","Vigilance","CutThroughFate+1","LikeWater+1","LessonLearned+1","Meditate+1","FearNoEvil+1","MentalFortress+1","Master of Strategy+1","WheelKick+1","Alpha+1","Adaptation+1","Bite","Bite","ThirdEye","Indignation+1","LikeWater+1","Alpha"],"relics":["Coffee Dripper","Eternal Feather","Mercury Hourglass","The Courier","Matryoshka","Runic Pyramid","Damaru","MealTicket","Orichalcum","Red Mask","TeardropLocket","Blood Vial","DollysMirror","Nunchaku"],"acts_visited":["Exordium","TheCity"],"potions_floor_usage":[6,14,16,16,20,33],"damage_taken":[{"damage":0,"enemies":"Cultist","floor":1,"turns":3},{"damage":0,"enemies":"2 Louse","floor":2,"turns":3},{"damage":7,"enemies":"Jaw Worm","floor":4,"turns":3},{"damage":30,"enemies":"3 Sentries","floor":6,"turns":22},{"damage":9,"enemies":"Exordium Thugs","floor":8,"turns":7},{"damage":4,"enemies":"Lagavulin","floor":10,"turns":6},{"damage":0,"enemies":"Gremlin Nob","floor":12,"turns":3},{"damage":2,"enemies":"Exordium Wildlife","floor":14,"turns":2},{"damage":0,"enemies":"Slime Boss","floor":16,"turns":5},{"damage":0,"enemies":"Spheric Guardian","floor":18,"turns":3},{"damage":3,"enemies":"2 Thieves","floor":20,"turns":3},{"damage":3,"enemies":"Cultist and Chosen","floor":21,"turns":5},{"damage":26,"enemies":"Book of Stabbing","floor":23,"turns":5},{"damage":30,"enemies":"Masked Bandits","floor":24,"turns":3},{"damage":3,"enemies":"Snake Plant","floor":29,"turns":3},{"damage":27,"enemies":"Gremlin Leader","floor":31,"turns":5},{"damage":32,"enemies":"Automaton","floor":33,"turns":6}],"seed_played":"-5766295212757439504","potions_obtained":[{"floor":4,"key":"EssenceOfSteel"},{"floor":10,"key":"Fire Potion"},{"floor":12,"key":"ColorlessPotion"},{"floor":14,"key":"Regen Potion"},{"floor":16,"key":"SpeedPotion"},{"floor":29,"key":"FearPotion"},{"floor":31,"key":"AttackPotion"}],"is_trial":false,"path_per_floor":["M","M","?","M","?","E","R","M","T","E","R","E","$","M","R","B",null,"M","?","M","M","T","E","?","R","T","?","$","M","R","E","R","B"],"character_chosen":"WATCHER","items_purchased":["Master of Strategy","DollysMirror"],"campfire_rested":0,"item_purchase_floors":[13,28],"current_hp_per_floor":[61,61,61,54,47,17,23,14,14,10,19,19,19,17,26,40,61,61,59,59,58,58,37,9,21,21,5,20,21,33,14,26,0,0],"gold":121,"neow_bonus":"BOSS_RELIC","is_daily":false,"chose_seed":false,"campfire_upgraded":6,"win_rate":0.0,"timestamp":1608636128,"path_taken":["M","M","?","M","?","E","R","M","T","E","R","E","?","?","R","BOSS","M","?","M","M","?","E","?","R","T","?","?","M","R","E","R","BOSS"],"items_purchased_type":["Card","Relic"],"build_version":"2020-12-13","purchased_purges":2,"victory":false,"max_hp_per_floor":[68,68,68,68,68,68,68,68,68,68,68,68,68,68,68,68,68,68,59,59,59,59,59,59,59,59,64,64,64,64,64,64,64,64],"card_choices":[{"not_picked":["ClearTheMind","WaveOfTheHand"],"picked":"CutThroughFate","floor":1},{"not_picked":["Collect","EmptyBody"],"picked":"LikeWater","floor":2},{"not_picked":["JustLucky","Weave","CutThroughFate"],"picked":"SKIP","floor":4},{"not_picked":["Adaptation","Vault"],"picked":"LessonLearned","floor":6},{"not_picked":["CrushJoints","FlurryOfBlows"],"picked":"Meditate","floor":8},{"not_picked":["Consecrate","FlyingSleeves"],"picked":"FearNoEvil","floor":10},{"not_picked":["Weave","EmptyBody"],"picked":"MentalFortress","floor":12},{"not_picked":["Consecrate","Prostrate"],"picked":"WheelKick","floor":14},{"not_picked":["Omniscience","Scrawl"],"picked":"Alpha","floor":16},{"not_picked":["WreathOfFlame","Consecrate"],"picked":"Adaptation","floor":18},{"not_picked":["ReachHeaven+1","Adaptation"],"picked":"ThirdEye","floor":20},{"not_picked":["CutThroughFate","Halt","ThirdEye"],"picked":"SKIP","floor":21},{"not_picked":["EmptyBody","Brilliance"],"picked":"Indignation","floor":23},{"not_picked":["BowlingBash","FearNoEvil","ClearTheMind"],"picked":"SKIP","floor":29},{"not_picked":["MentalFortress","Perseverance"],"picked":"Alpha","floor":31}],"player_experience":1811431,"relics_obtained":[{"floor":6,"key":"Eternal Feather"},{"floor":9,"key":"Mercury Hourglass"},{"floor":10,"key":"The Courier"},{"floor":12,"key":"Matryoshka"},{"floor":22,"key":"Damaru"},{"floor":22,"key":"MealTicket"},{"floor":23,"key":"Orichalcum"},{"floor":24,"key":"Red Mask"},{"floor":26,"key":"TeardropLocket"},{"floor":26,"key":"Blood Vial"},{"floor":31,"key":"Nunchaku"}],"event_choices":[{"damage_healed":0,"gold_gain":0,"player_choice":"Ignored","damage_taken":0,"max_hp_gain":0,"max_hp_loss":0,"event_name":"Liars Game","floor":3,"gold_loss":0},{"cards_removed":["Strike_P"],"damage_healed":0,"gold_gain":0,"player_choice":"Card Removal","damage_taken":7,"max_hp_gain":0,"max_hp_loss":0,"event_name":"Golden Wing","floor":5,"gold_loss":0},{"damage_healed":0,"gold_gain":0,"player_choice":"Became a vampire","damage_taken":0,"max_hp_gain":0,"max_hp_loss":9,"event_name":"Vampires","floor":19,"gold_loss":0,"cards_obtained":["Bite","Bite"]},{"damage_healed":0,"gold_gain":0,"player_choice":"Fought Bandits","damage_taken":0,"max_hp_gain":0,"max_hp_loss":0,"event_name":"Masked Bandits","floor":24,"gold_loss":0},{"damage_healed":0,"gold_gain":0,"player_choice":"Shed Blood","damage_taken":21,"max_hp_gain":5,"max_hp_loss":0,"event_name":"Forgotten Altar","floor":27,"gold_loss":0}],"is_beta":false,"boss_relics":[{"not_picked":["Ectoplasm","Tiny House"],"picked":"Runic Pyramid"}],"items_purged_floors":[13,28],"is_endless":false,"potions_floor_spawned":[4,10,12,14,16,29,31],"killed_by":"Automaton","ascension_level":20}}