{"host":"3h5qf14xt40jhha0","time":1608616731,"event":{"mods":["AlwaysNeverKeys","BaseMod","Colored Powertips","Minty Spire (QoL Compilation)","Permanent Neow","Relic Stats","StSLib"],"gold_per_floor":[114,114,128,128,53,53,53],"floor_reached":6,"playtime":166,"items_purged":["Defend_P"],"score":68,"play_id":"8b2bcfc0-0579-4924-8a6c-4f501cedb1d0","local_time":"20201222005851","is_ascension_mode":true,"campfire_choices":[],"circlet_count":0,"master_deck":["AscendersBane","Strike_P","Strike_P","Strike_P","Strike_P","Defend_P","Defend_P","Eruption","Vigilance","CurseOfTheBell","FlurryOfBlows","Consecrate"],"relics":["Calling Bell","Regal Pillow","Blue Candle","Du-Vu Doll","Toy Ornithopter"],"acts_visited":["Exordium"],"potions_floor_usage":[],"damage_taken":[{"damage":0.0,"enemies":"Cultist","floor":1.0,"turns":2.0},{"damage":7.0,"enemies":"Small Slimes","floor":3.0,"turns":2.0},{"damage":13,"enemies":"Lagavulin","floor":6,"turns":4}],"seed_played":"7174130922933347263","potions_obtained":[],"is_trial":false,"path_per_floor":["M","?","M","?","$","E"],"character_chosen":"WATCHER","items_purchased":[],"campfire_rested":0,"item_purchase_floors":[],"current_hp_per_floor":[61,54,47,21,21,8,8],"gold":53,"neow_bonus":"BOSS_RELIC","is_daily":false,"chose_seed":false,"campfire_upgraded":0,"win_rate":0.0,"timestamp":1608616731,"path_taken":["M","?","M","?","$","E"],"items_purchased_type":[],"build_version":"2020-12-13","purchased_purges":1,"victory":false,"max_hp_per_floor":[68,68,68,68,68,68,68],"relic_stats":{"Regal Pillow":0,"counters":[3,8],"Blue Candle":[1],"obtain_stats":[{"Calling Bell":0,"Du-Vu Doll":0,"Regal Pillow":0,"Blue Candle":0,"PureWater":0,"Toy Ornithopter":4},{"Calling Bell":0,"Du-Vu Doll":0,"Regal Pillow":0,"Blue Candle":0,"PureWater":0,"Toy Ornithopter":2},{"Calling Bell":0,"Du-Vu Doll":0,"Regal Pillow":0,"Blue Candle":0,"PureWater":0,"Toy Ornithopter":4}],"Toy Ornithopter":0},"card_choices":[{"not_picked":["Vengeance","Protect"],"picked":"FlurryOfBlows","floor":1.0},{"not_picked":["ClearTheMind","Swivel"],"picked":"Consecrate","floor":3.0}],"player_experience":1265848,"relics_obtained":[{"floor":0.0,"key":"Regal Pillow"},{"floor":0.0,"key":"Blue Candle"},{"floor":0.0,"key":"Du-Vu Doll"}],"event_choices":[{"cards_removed":["Defend_P"],"damage_healed":0.0,"max_hp_gain":0.0,"max_hp_loss":0.0,"gold_gain":0.0,"event_name":"Golden Wing","player_choice":"Card Removal","floor":2.0,"gold_loss":0.0,"damage_taken":7.0},{"damage_healed":0.0,"max_hp_gain":0.0,"max_hp_loss":0.0,"gold_gain":0.0,"event_name":"Scrap Ooze","player_choice":"Success","floor":4.0,"gold_loss":0.0,"damage_taken":26.0,"relics_obtained":["Toy Ornithopter"]}],"is_beta":false,"boss_relics":[],"items_purged_floors":[5],"is_endless":false,"potions_floor_spawned":[],"killed_by":"Lagavulin","ascension_level":20}}