{"host":"5trcja4hacd149zc","time":1608605567,"event":{"mods":["BaseMod","Colored Map","GifTheSpireLib","Minty Spire (QoL Compilation)","Relic Stats","StSLib"],"gold_per_floor":[113,127,17,17,41,82,52,87,156,194,23,23,45,45,45,140,140,153,176,176,48,73,73,113,113,113],"floor_reached":25,"playtime":956,"items_purged":["Strike_P"],"score":628,"play_id":"c5767864-79df-4615-a603-c01aa4fbf8de","local_time":"20201221205247","is_ascension_mode":true,"campfire_choices":[{"data":"Fasting2","floor":15.0,"key":"SMITH"},{"floor":23,"key":"REST"}],"circlet_count":0,"master_deck":["AscendersBane","Strike_P","Strike_P","Defend_P","Defend_P","Defend_P","Defend_P","Eruption","Vigilance","FlurryOfBlows","BattleHymn","BowlingBash","Fasting2+1","Halt","EmptyBody"],"relics":["Busted Crown","Golden Idol","Lizard Tail","CeramicFish","Eternal Feather","Bag of Preparation","Oddly Smooth Stone","VioletLotus","Smiling Mask"],"acts_visited":["Exordium","TheCity"],"potions_floor_usage":[24],"damage_taken":[{"damage":2.0,"enemies":"Jaw Worm","floor":1.0,"turns":3.0},{"damage":0.0,"enemies":"2 Louse","floor":2.0,"turns":3.0},{"damage":0.0,"enemies":"Cultist","floor":5.0,"turns":2.0},{"damage":0.0,"enemies":"Lagavulin","floor":6.0,"turns":4.0},{"damage":56.0,"enemies":"Gremlin Nob","floor":8.0,"turns":4.0},{"damage":14.0,"enemies":"3 Sentries","floor":10.0,"turns":6.0},{"damage":11.0,"enemies":"Looter","floor":13.0,"turns":3.0},{"damage":0.0,"enemies":"Slime Boss","floor":16.0,"turns":3.0},{"damage":44.0,"enemies":"2 Thieves","floor":18.0,"turns":3.0},{"damage":0.0,"enemies":"3 Byrds","floor":19.0,"turns":5.0},{"damage":3,"enemies":"Centurion and Healer","floor":22,"turns":5},{"damage":23,"enemies":"Slavers","floor":24,"turns":7},{"damage":16,"enemies":"Snake Plant","floor":25,"turns":1}],"seed_played":"2200965196505155908","potions_obtained":[{"floor":1.0,"key":"Swift Potion"},{"floor":5.0,"key":"AttackPotion"},{"floor":8.0,"key":"Fire Potion"},{"floor":19.0,"key":"CultistPotion"}],"is_trial":false,"path_per_floor":["M","M","$","?","M","E","$","E","T","E","$","?","M","?","R","B",null,"M","M","?","$","M","R","E","M"],"character_chosen":"WATCHER","items_purchased":["BattleHymn","BowlingBash","Halt","Oddly Smooth Stone","SteroidPotion"],"campfire_rested":1,"item_purchase_floors":[3,3,7,11,21],"current_hp_per_floor":[59,59,59,36,36,36,36,34,34,20,20,20,9,9,18,18,56,12,12,12,12,9,38,15,0,0],"gold":113,"neow_bonus":"BOSS_RELIC","is_daily":false,"chose_seed":false,"campfire_upgraded":1,"win_rate":0.0,"timestamp":1608605567,"path_taken":["M","M","$","?","M","E","$","E","T","E","?","?","?","?","R","BOSS","M","M","?","$","M","R","E","?"],"items_purchased_type":["Card","Card","Card","Relic","Potion"],"build_version":"2020-12-13","purchased_purges":1,"victory":false,"max_hp_per_floor":[68,68,68,68,68,68,68,68,68,68,68,68,68,68,68,68,68,68,68,68,68,68,68,68,68,68],"relic_stats":{"Lizard Tail":34,"Busted Crown":24,"counters":[13,49],"Golden Idol":71,"CeramicFish":9,"Eternal Feather":18,"VioletLotus":[3],"Bag of Preparation":[14],"Smiling Mask":0,"obtain_stats":[{"Lizard Tail":6,"Busted Crown":0,"Golden Idol":4,"CeramicFish":8,"Oddly Smooth Stone":11,"Eternal Feather":9,"VioletLotus":17,"Bag of Preparation":10,"PureWater":0,"Smiling Mask":24},{"Lizard Tail":4,"Busted Crown":0,"Golden Idol":2,"CeramicFish":5,"Oddly Smooth Stone":6,"Eternal Feather":5,"VioletLotus":8,"Bag of Preparation":6,"PureWater":0,"Smiling Mask":12},{"Lizard Tail":12,"Busted Crown":0,"Golden Idol":6,"CeramicFish":16,"Oddly Smooth Stone":22,"Eternal Feather":16,"VioletLotus":28,"Bag of Preparation":22,"PureWater":0,"Smiling Mask":48}]},"card_choices":[{"not_picked":["InnerPeace"],"picked":"SKIP","floor":1.0},{"not_picked":[],"picked":"FlurryOfBlows","floor":2.0},{"not_picked":["WindmillStrike"],"picked":"SKIP","floor":5.0},{"not_picked":["Fasting2"],"picked":"SKIP","floor":6.0},{"not_picked":[],"picked":"Fasting2","floor":6.0},{"not_picked":["Pray"],"picked":"SKIP","floor":8.0},{"not_picked":["Swivel"],"picked":"SKIP","floor":10.0},{"not_picked":[],"picked":"EmptyBody","floor":13.0},{"not_picked":["Protect"],"picked":"SKIP","floor":18.0},{"not_picked":["Indignation+1"],"picked":"SKIP","floor":19.0},{"not_picked":["Protect"],"picked":"SKIP","floor":22},{"not_picked":["EmptyBody"],"picked":"SKIP","floor":24}],"player_experience":758204,"relics_obtained":[{"floor":6.0,"key":"Lizard Tail"},{"floor":8.0,"key":"CeramicFish"},{"floor":9.0,"key":"Eternal Feather"},{"floor":10.0,"key":"Bag of Preparation"},{"floor":24,"key":"Smiling Mask"}],"event_choices":[{"damage_healed":0.0,"max_hp_gain":0.0,"max_hp_loss":0.0,"gold_gain":0.0,"event_name":"Golden Idol","player_choice":"Take Damage","floor":4.0,"gold_loss":0.0,"damage_taken":23.0,"relics_obtained":["Golden Idol"]},{"cards_removed":["Strike_P"],"damage_healed":0.0,"max_hp_gain":0.0,"max_hp_loss":0.0,"gold_gain":0.0,"event_name":"Purifier","player_choice":"Purged","floor":12.0,"gold_loss":0.0,"damage_taken":0.0},{"damage_healed":0.0,"max_hp_gain":0.0,"max_hp_loss":0.0,"gold_gain":0.0,"event_name":"Shining Light","player_choice":"Ignored","floor":14.0,"gold_loss":0.0,"damage_taken":0.0},{"damage_healed":0.0,"max_hp_gain":0.0,"max_hp_loss":0.0,"gold_gain":0.0,"event_name":"Match and Keep!","player_choice":"0 cards matched","floor":20.0,"gold_loss":0.0,"damage_taken":0.0,"cards_obtained":[]}],"is_beta":false,"boss_relics":[{"not_picked":["Coffee Dripper","Philosopher\u0027s Stone"],"picked":"VioletLotus"}],"items_purged_floors":[21],"is_endless":false,"potions_floor_spawned":[1,5,8,19],"killed_by":"Snake Plant","ascension_level":20}}