{"host":"9h1qbmp5h1ch7u4r","time":1608668540,"event":{"mods":["BaseMod","Downfall","Minty Spire (QoL Compilation)","StSLib"],"gold_per_floor":[99,113,113,113,123,139,162,192,207,207,207,207,224,255,274,274,274,274],"floor_reached":16,"playtime":751,"items_purged":[],"score":112,"play_id":"b22f35ff-f8bc-4991-bbaf-c3dd16bf2a67","local_time":"20201222152220","is_ascension_mode":false,"campfire_choices":[{"data":"champ:Taunt","floor":1.0,"key":"SMITH"},{"data":"champ:FocusedBerserking","floor":10.0,"key":"SMITH"},{"data":"champ:Lariat","floor":12.0,"key":"SMITH"}],"circlet_count":0,"master_deck":["champ:Strike","champ:Strike","champ:Strike+1","champ:Strike","champ:Defend","champ:Defend","champ:Defend","champ:Defend","champ:Execute+1","champ:Taunt+1","champ:FocusedBerserking+1","champ:RecklessLeap","champ:Lariat+1","champ:DeathBlow","champ:BerserkerStyle"],"relics":["champ:ChampionCrown","champ:LiftRelic","PreservedInsect","The Courier","Whetstone"],"acts_visited":["Exordium"],"potions_floor_usage":[16,16],"damage_taken":[{"damage":7.0,"enemies":"Jaw Worm","floor":2.0,"turns":6.0},{"damage":9.0,"enemies":"2 Louse","floor":5.0,"turns":3.0},{"damage":25.0,"enemies":"Small Slimes","floor":6.0,"turns":4.0},{"damage":60.0,"enemies":"Lagavulin","floor":8.0,"turns":6.0},{"damage":43.0,"enemies":"Exordium Thugs","floor":9.0,"turns":5.0},{"damage":25.0,"enemies":"3 Louse","floor":13.0,"turns":2.0},{"damage":23.0,"enemies":"Gremlin Nob","floor":14.0,"turns":3.0},{"damage":30.0,"enemies":"Large Slime","floor":15.0,"turns":2.0},{"damage":51,"enemies":"downfall:Silent","floor":16,"turns":4}],"seed_played":"-6197454881279705605","potions_obtained":[{"floor":2.0,"key":"Strength Potion"},{"floor":5.0,"key":"FearPotion"},{"floor":9.0,"key":"Explosive Potion"},{"floor":15.0,"key":"Dexterity Potion"}],"is_trial":false,"path_per_floor":["R","M","?","?","M","M","T","E","M","R","?","R","M","E","M","B"],"character_chosen":"THE_CHAMP","items_purchased":[],"campfire_rested":0,"item_purchase_floors":[],"current_hp_per_floor":[99,97,97,97,93,93,93,72,58,58,58,58,58,50,50,0,0,0],"gold":274,"neow_bonus":"TEN_PERCENT_HP_BONUS","is_daily":false,"chose_seed":false,"campfire_upgraded":3,"win_rate":0.0,"timestamp":1608668540,"path_taken":["R","M","?","?","?","M","T","E","M","R","?","R","M","E","M","BOSS"],"items_purchased_type":[],"build_version":"2020-12-13","purchased_purges":0,"victory":false,"max_hp_per_floor":[99,99,99,99,99,99,99,99,99,99,99,99,99,99,99,99,99,99],"card_choices":[{"not_picked":["champ:Backstep","champ:GladiatorStyle"],"picked":"champ:FocusedBerserking","floor":2.0},{"not_picked":["champ:RapidStrikes","champ:CalledShot"],"picked":"champ:RecklessLeap","floor":5.0},{"not_picked":["champ:PerfectedStrike","champ:Backstep"],"picked":"champ:Lariat","floor":6.0},{"not_picked":["champ:RecklessLeap","champ:CrookedStrike","champ:SkillfulDodge"],"picked":"SKIP","floor":8.0},{"not_picked":["champ:GladiatorsShout","champ:Haymaker","champ:CrookedStrike"],"picked":"SKIP","floor":9.0},{"not_picked":["champ:SkillfulDodge","champ:FanOfKnives"],"picked":"champ:DeathBlow","floor":13.0},{"not_picked":["champ:DefensiveStyle","champ:DeathBlow","champ:ShieldWall"],"picked":"SKIP","floor":14.0},{"not_picked":["champ:BringItOn","champ:FlashCut"],"picked":"champ:BerserkerStyle","floor":15.0}],"player_experience":928116,"relics_obtained":[{"floor":7.0,"key":"PreservedInsect"},{"floor":8.0,"key":"The Courier"},{"floor":14.0,"key":"Whetstone"}],"event_choices":[],"is_beta":false,"boss_relics":[],"items_purged_floors":[],"is_endless":false,"potions_floor_spawned":[2,5,9,15],"killed_by":"downfall:Silent","ascension_level":0}}