{"host":"2brg86hfzr3u5cix","time":1608608187,"event":{"mods":["AchievementEnabler","Ascension Unlocker","BaseMod","CapriCore","DeckTracker","Highlight Path","Keyboard Shortcuts","Minty Spire (QoL Compilation)","Permanent Neow","Relic Stats","StSLib","Twitch Utils","Uncapped","UnlockEverythingMod"],"gold_per_floor":[115,135,151,151,76,76,89,101,101,133,133,163,163,180,180,180,180],"floor_reached":16,"playtime":499,"items_purged":["Defend_B"],"score":208,"play_id":"862ba3d0-51aa-42b3-8019-594cf251726e","local_time":"20201222123627","is_ascension_mode":true,"campfire_choices":[{"data":"Dualcast","floor":6.0,"key":"SMITH"},{"floor":13,"key":"REST"},{"floor":15,"key":"REST"}],"circlet_count":0,"master_deck":["AscendersBane","Strike_B","Strike_B","Strike_B","Defend_B","Defend_B","Defend_B","Zap+1","Dualcast+1","Coolheaded","Leap","Redo","Tempest","Barrage","Compile Driver"],"relics":["Cracked Core","Ice Cream","Mummified Hand"],"acts_visited":["Exordium"],"potions_floor_usage":[],"damage_taken":[{"damage":6.0,"enemies":"2 Louse","floor":1.0,"turns":2.0},{"damage":1.0,"enemies":"Cultist","floor":2.0,"turns":3.0},{"damage":2.0,"enemies":"Jaw Worm","floor":3.0,"turns":5.0},{"damage":2.0,"enemies":"Blue Slaver","floor":7.0,"turns":3.0},{"damage":19.0,"enemies":"Exordium Thugs","floor":8.0,"turns":4.0},{"damage":30.0,"enemies":"3 Sentries","floor":10.0,"turns":6.0},{"damage":0.0,"enemies":"Exordium Wildlife","floor":11.0,"turns":1.0},{"damage":0,"enemies":"3 Louse","floor":14,"turns":2},{"damage":73,"enemies":"Hexaghost","floor":16,"turns":11}],"seed_played":"-4350690686350401818","potions_obtained":[{"floor":2.0,"key":"EntropicBrew"},{"floor":8.0,"key":"SmokeBomb"}],"is_trial":false,"path_per_floor":["M","M","M","?","$","R","M","M","T","E","M","?","R","M","R","B"],"character_chosen":"DEFECT","items_purchased":[],"campfire_rested":2,"item_purchase_floors":[],"current_hp_per_floor":[58,57,55,55,55,55,53,34,34,4,4,4,25,25,46,0,0],"gold":180,"neow_bonus":"UPGRADE_CARD","is_daily":false,"chose_seed":false,"campfire_upgraded":1,"win_rate":0.0,"timestamp":1608608187,"path_taken":["M","M","M","?","$","R","?","M","T","E","M","?","R","M","R","BOSS"],"items_purchased_type":[],"build_version":"2020-12-13","purchased_purges":1,"victory":false,"max_hp_per_floor":[71,71,71,71,71,71,71,71,71,71,71,71,71,71,71,71,71],"relic_stats":{"counters":[9,37],"Mummified Hand":[0],"obtain_stats":[{"Ice Cream":9,"Mummified Hand":10,"Cracked Core":0},{"Ice Cream":5,"Mummified Hand":6,"Cracked Core":0},{"Ice Cream":17,"Mummified Hand":23,"Cracked Core":0}]},"card_choices":[{"not_picked":["Rebound","Redo"],"picked":"Coolheaded","floor":1.0},{"not_picked":["Undo","Go for the Eyes"],"picked":"Leap","floor":2.0},{"not_picked":["Sweeping Beam","Leap"],"picked":"Redo","floor":3.0},{"not_picked":["Steam","Go for the Eyes"],"picked":"Tempest","floor":7.0},{"not_picked":["Beam Cell","BootSequence"],"picked":"Barrage","floor":8.0},{"not_picked":["Gash","Ball Lightning","Barrage"],"picked":"SKIP","floor":10.0},{"not_picked":["Leap","Sweeping Beam"],"picked":"Compile Driver","floor":14}],"player_experience":306125,"relics_obtained":[{"floor":9.0,"key":"Ice Cream"},{"floor":10.0,"key":"Mummified Hand"}],"event_choices":[{"cards_removed":["Strike_B"],"damage_healed":0.0,"max_hp_gain":0.0,"max_hp_loss":0.0,"gold_gain":0.0,"event_name":"Purifier","player_choice":"Purged","floor":4.0,"gold_loss":0.0,"damage_taken":0.0},{"damage_healed":0,"gold_gain":30,"player_choice":"Searched \u00271\u0027 times","damage_taken":0,"max_hp_gain":0,"max_hp_loss":0,"event_name":"Dead Adventurer","floor":12,"gold_loss":0}],"is_beta":false,"boss_relics":[],"items_purged_floors":[5],"is_endless":false,"potions_floor_spawned":[2,8,11],"killed_by":"Hexaghost","ascension_level":20}}