{"host":"Rich","time":1608610577,"event":{"mods":["AchievementEnabler","BaseMod","Highlight Path","Minty Spire (QoL Compilation)","Relic Stats"],"gold_per_floor":[118,33,33,33,48,78,78,58,58,78,26,51,67,100,100,173,173,190,202,202,202,202,202],"floor_reached":22,"playtime":628,"items_purged":[],"score":454,"play_id":"d5090e30-2410-4c57-a379-d068c54187b2","local_time":"20201221231617","is_ascension_mode":true,"campfire_choices":[{"data":"Zap","floor":7,"key":"SMITH"},{"data":"Sweeping Beam","floor":15,"key":"SMITH"}],"circlet_count":0,"master_deck":["AscendersBane","Strike_B+1","Strike_B","Strike_B+1","Strike_B","Defend_B","Defend_B","Defend_B","Defend_B","Zap+1","Dualcast","Gash","FTL","Sweeping Beam+1","Rainbow","Glacier","Gash","Reinforced Body","Chill","Melter","Creative AI","BootSequence","Cold Snap","Hologram","Decay"],"relics":["Cracked Core","NeowsBlessing","Prayer Wheel","Whetstone","Mango","Eternal Feather","Smiling Mask","Cursed Key","Letter Opener"],"acts_visited":["Exordium","TheCity"],"potions_floor_usage":[12,16,22],"damage_taken":[{"damage":0,"enemies":"Jaw Worm","floor":1,"turns":1},{"damage":0,"enemies":"2 Louse","floor":5,"turns":1},{"damage":0,"enemies":"3 Sentries","floor":6,"turns":1},{"damage":0,"enemies":"Cultist","floor":10,"turns":2},{"damage":18,"enemies":"Gremlin Nob","floor":12,"turns":4},{"damage":5,"enemies":"Large Slime","floor":13,"turns":5},{"damage":9,"enemies":"3 Sentries","floor":14,"turns":10},{"damage":22,"enemies":"Slime Boss","floor":16,"turns":6},{"damage":30,"enemies":"2 Thieves","floor":18,"turns":5},{"damage":42,"enemies":"Chosen","floor":19,"turns":6},{"damage":4,"enemies":"Snake Plant","floor":22,"turns":1}],"seed_played":"-582439650796546118","potions_obtained":[{"floor":6,"key":"LiquidMemories"},{"floor":8,"key":"EssenceOfSteel"},{"floor":14,"key":"LiquidBronze"},{"floor":18,"key":"Energy Potion"}],"is_trial":false,"path_per_floor":["M","$","?","?","M","E","R","?","T","M","$","E","M","E","R","B",null,"M","M","?","?","M"],"character_chosen":"DEFECT","items_purchased":["FTL","Gash"],"campfire_rested":0,"item_purchase_floors":[2,11],"current_hp_per_floor":[64,64,64,64,64,64,64,64,78,78,78,60,55,46,58,36,73,43,1,1,1,0,0],"gold":202,"neow_bonus":"THREE_ENEMY_KILL","is_daily":false,"chose_seed":false,"campfire_upgraded":2,"win_rate":0.0,"timestamp":1608610577,"path_taken":["M","$","?","?","?","E","R","?","T","M","$","E","M","E","R","BOSS","M","M","?","?","M"],"items_purchased_type":["Card","Card"],"build_version":"2020-12-18","purchased_purges":0,"victory":false,"max_hp_per_floor":[71,71,71,71,71,71,71,71,85,85,85,85,85,85,85,85,85,85,85,85,85,85,85],"relic_stats":{"counters":[11,42],"Prayer Wheel":5,"Eternal Feather":12,"Whetstone":["Strike_B","Strike_B"],"Letter Opener":[5],"Smiling Mask":0,"Cursed Key":0,"obtain_stats":[{"NeowsBlessing":0,"Prayer Wheel":3,"Mango":9,"Eternal Feather":12,"Whetstone":6,"Letter Opener":21,"Cracked Core":0,"Smiling Mask":14,"Cursed Key":17},{"NeowsBlessing":0,"Prayer Wheel":1,"Mango":3,"Eternal Feather":5,"Whetstone":3,"Letter Opener":10,"Cracked Core":0,"Smiling Mask":7,"Cursed Key":8},{"NeowsBlessing":0,"Prayer Wheel":1,"Mango":3,"Eternal Feather":9,"Whetstone":3,"Letter Opener":41,"Cracked Core":0,"Smiling Mask":24,"Cursed Key":30}]},"card_choices":[{"not_picked":["Leap","Steam"],"picked":"Gash","floor":1},{"not_picked":["Capacitor","Redo"],"picked":"Sweeping Beam","floor":5},{"not_picked":["Steam","Force Field","Hello World"],"picked":"SKIP","floor":5},{"not_picked":["Force Field","Streamline"],"picked":"Rainbow","floor":6},{"not_picked":["Hologram","Compile Driver"],"picked":"Glacier","floor":10},{"not_picked":["Leap","Barrage","Steam"],"picked":"SKIP","floor":10},{"not_picked":["Force Field","Steam"],"picked":"Reinforced Body","floor":12},{"not_picked":["Stack","Darkness"],"picked":"Chill","floor":13},{"not_picked":["Streamline","Multi-Cast","Darkness"],"picked":"SKIP","floor":13},{"not_picked":["Hologram","Streamline"],"picked":"Melter","floor":14},{"not_picked":["Hyperbeam","Meteor Strike"],"picked":"Creative AI","floor":16},{"not_picked":["White Noise","Capacitor"],"picked":"BootSequence","floor":18},{"not_picked":["Steam","Conserve Battery","Defragment"],"picked":"SKIP","floor":18},{"not_picked":["Compile Driver","Leap"],"picked":"Cold Snap","floor":19},{"not_picked":["Reprogram","Steam Power"],"picked":"Hologram","floor":19}],"player_experience":1923875,"relics_obtained":[{"floor":6,"key":"Whetstone"},{"floor":9,"key":"Mango"},{"floor":12,"key":"Eternal Feather"},{"floor":14,"key":"Smiling Mask"}],"event_choices":[{"damage_healed":0,"gold_gain":0,"player_choice":"Box","damage_taken":0,"relics_obtained":["Prayer Wheel"],"max_hp_gain":0,"max_hp_loss":0,"event_name":"Big Fish","floor":3,"gold_loss":0,"cards_obtained":["Regret"]},{"cards_removed":["Regret"],"damage_healed":0,"gold_gain":0,"player_choice":"Purged","damage_taken":0,"max_hp_gain":0,"max_hp_loss":0,"event_name":"Purifier","floor":4,"gold_loss":0},{"damage_healed":0,"gold_gain":0,"player_choice":"Bought 1 Potion","damage_taken":0,"max_hp_gain":0,"max_hp_loss":0,"event_name":"The Woman in Blue","floor":8,"gold_loss":0},{"damage_healed":0,"gold_gain":0,"player_choice":"Smashed Altar","damage_taken":0,"max_hp_gain":0,"max_hp_loss":0,"event_name":"Forgotten Altar","floor":20,"gold_loss":0,"cards_obtained":["Decay"]},{"damage_healed":0,"gold_gain":0,"player_choice":"Gave Potion","damage_taken":0,"relics_obtained":["Letter Opener"],"max_hp_gain":0,"max_hp_loss":0,"event_name":"WeMeetAgain","floor":21,"gold_loss":0}],"is_beta":true,"boss_relics":[{"not_picked":["Fusion Hammer","Runic Dome"],"picked":"Cursed Key"}],"items_purged_floors":[],"is_endless":false,"potions_floor_spawned":[6,10,14,18,19],"killed_by":"Snake Plant","ascension_level":20}}