{"host":"zzf13dk0jcen0ncv","time":1608637340,"event":{"mods":["AchievementEnabler","BaseMod","BetterRewards","Colored Map","Keyboard Shortcuts","Minty Spire (QoL Compilation)","Quick Restart","Shop Mod","StSLib","SuperFastMode","Waifu the Spire"],"gold_per_floor":[114,130,0,18,29,29,47,47,47,59,74,99,99,126,126,202,202,219,219,237,152,5,33,33,33,33,33,58,76,38,38,38,110,110,122,2,13,30,44,70,70,20,98,98,54,54,80,80,80,80,80,80,80,1,1,1],"floor_reached":55,"playtime":2889,"items_purged":["Strike_G","Strike_G"],"score":2601,"play_id":"28c4bd5a-84ac-4336-98dc-2a7c09c507c6","local_time":"20201222204220","is_ascension_mode":true,"campfire_choices":[{"data":"Terror","floor":6,"key":"SMITH"},{"data":"Choke","floor":8,"key":"SMITH"},{"data":"After Image","floor":15,"key":"SMITH"},{"data":"Apotheosis","floor":25,"key":"SMITH"},{"data":"Doppelganger","floor":32,"key":"SMITH"},{"floor":41,"key":"RECALL"},{"data":"Night Terror","floor":44,"key":"SMITH"},{"data":"Tools of the Trade","floor":49,"key":"SMITH"},{"data":"Burst","floor":53,"key":"SMITH"}],"circlet_count":0,"master_deck":["AscendersBane","Strike_G","Strike_G","Defend_G","Defend_G","Defend_G","Defend_G","Defend_G","Survivor","PiercingWail","All Out Attack","Dagger Spray","Backflip","Well Laid Plans","Bandage Up","Escape Plan","Caltrops","Acrobatics","Calculated Gamble","Outmaneuver","Choke+1","Terror+1","Infinite Blades","Footwork","Footwork","Blade Dance","Bane","Endless Agony","After Image+1","Night Terror+1","PiercingWail","Heel Hook+1","Apotheosis+1","Tactician","Backflip","Footwork+1","Flechettes","Heel Hook","Doppelganger+1","Tools of the Trade+1","Bouncing Flask","Doppelganger+1","Reflex","Crippling Poison","Burst+1","Endless Agony+1","Venomology","Endless Agony"],"relics":["Ring of the Snake","Dead Branch","TungstenRod","Chemical X","Gremlin Horn","Toy Ornithopter","Omamori","Membership Card","Bag of Preparation","Shuriken","Ornamental Fan","TwistedFunnel","Potion Belt","FossilizedHelix","Odd Mushroom","Blue Candle","Runic Pyramid","Lizard Tail","Eternal Feather","Turnip","Meat on the Bone","HoveringKite","DollysMirror","InkBottle","MerchantsRug","Orichalcum"],"acts_visited":["Exordium","TheCity","TheBeyond","TheEnding"],"potions_floor_usage":[20,50,50,55],"damage_taken":[{"damage":0,"enemies":"Small Slimes","floor":1,"turns":1},{"damage":6,"enemies":"Jaw Worm","floor":2,"turns":3},{"damage":4,"enemies":"2 Louse","floor":4,"turns":3},{"damage":1,"enemies":"2 Fungi Beasts","floor":5,"turns":3},{"damage":5,"enemies":"Blue Slaver","floor":7,"turns":4},{"damage":0,"enemies":"Large Slime","floor":10,"turns":3},{"damage":0,"enemies":"Gremlin Gang","floor":11,"turns":2},{"damage":0,"enemies":"The Mushroom Lair","floor":12,"turns":2},{"damage":0,"enemies":"3 Sentries","floor":14,"turns":5},{"damage":0,"enemies":"Slime Boss","floor":16,"turns":5},{"damage":0,"enemies":"3 Byrds","floor":18,"turns":5},{"damage":0,"enemies":"Shell Parasite","floor":20,"turns":4},{"damage":16,"enemies":"Slavers","floor":23,"turns":3},{"damage":4,"enemies":"Gremlin Leader","floor":28,"turns":4},{"damage":0,"enemies":"Snecko","floor":29,"turns":3},{"damage":7,"enemies":"Champ","floor":33,"turns":10},{"damage":0,"enemies":"3 Darklings","floor":35,"turns":3},{"damage":0,"enemies":"3 Shapes","floor":37,"turns":2},{"damage":0,"enemies":"Maw","floor":38,"turns":7},{"damage":6,"enemies":"Sphere and 2 Shapes","floor":39,"turns":5},{"damage":8,"enemies":"Reptomancer","floor":40,"turns":4},{"damage":0,"enemies":"Giant Head","floor":47,"turns":7},{"damage":81,"enemies":"Awakened One","floor":50,"turns":11},{"damage":20,"enemies":"Donu and Deca","floor":51,"turns":9},{"damage":165,"enemies":"Shield and Spear","floor":55,"turns":9}],"seed_played":"-6583031125167252054","potions_obtained":[{"floor":1,"key":"SmokeBomb"},{"floor":5,"key":"Regen Potion"},{"floor":10,"key":"Strength Potion"},{"floor":12,"key":"DistilledChaos"},{"floor":14,"key":"FairyPotion"},{"floor":16,"key":"LiquidMemories"},{"floor":20,"key":"DuplicationPotion"},{"floor":33,"key":"DistilledChaos"},{"floor":39,"key":"Swift Potion"}],"is_trial":false,"path_per_floor":["M","M","$","M","M","R","M","R","T","M","M","?","?","E","R","B",null,"M","?","M","?","$","E","?","R","T","?","E","M","$","T","R","B",null,"M","$","M","M","M","E","R","$","T","R","$","?","E","?","R","B","B",null,"R","$","E"],"character_chosen":"THE_SILENT","items_purchased":["Dead Branch","PiercingWail","All Out Attack","Dagger Spray","Backflip","TungstenRod","Well Laid Plans","Bandage Up","Chemical X","Escape Plan","Gremlin Horn","Caltrops","Toy Ornithopter","Omamori","Acrobatics","Membership Card","Bag of Preparation","Shuriken","Calculated Gamble","Outmaneuver","Ornamental Fan","TwistedFunnel","Potion Belt","Infinite Blades","Apotheosis","Tactician","Backflip","DollysMirror","Reflex","MerchantsRug","Venomology","Endless Agony"],"campfire_rested":0,"item_purchase_floors":[0,0,0,0,0,0,0,0,0,0,0,0,0,0,0,0,0,0,0,0,0,0,3,3,22,22,22,36,36,45,54,54],"current_hp_per_floor":[59,53,53,53,56,56,55,55,55,55,59,59,53,57,57,61,65,66,66,66,66,66,57,37,37,37,37,37,37,37,37,61,60,74,78,78,78,78,72,70,78,78,78,78,78,74,74,74,74,16,14,59,74,74,0,0],"gold":1,"neow_bonus":"","is_daily":false,"chose_seed":false,"campfire_upgraded":8,"win_rate":0.0,"timestamp":1608637340,"path_taken":["M","M","$","M","M","R","M","R","T","M","M","?","?","E","R","BOSS","M","?","M","?","?","E","?","R","T","?","E","M","$","?","R","BOSS","M","$","M","M","?","E","R","$","T","R","?","?","E","?","R","BOSS","BOSS","R","$","E"],"items_purchased_type":["Relic","Card","Card","Card","Card","Relic","Card","Card","Relic","Card","Relic","Card","Relic","Relic","Card","Relic","Relic","Relic","Card","Card","Relic","Relic","Relic","Card","Card","Card","Card","Relic","Card","Relic","Card","Card"],"build_version":"2020-12-13","purchased_purges":2,"victory":false,"max_hp_per_floor":[66,66,66,66,66,66,66,66,66,66,66,66,66,66,66,66,66,66,66,66,66,66,73,78,78,78,78,78,78,78,78,78,78,78,78,78,78,78,78,78,78,78,78,78,78,74,74,74,74,74,74,74,74,74,74,74],"card_choices":[{"not_picked":["Caltrops","Escape Plan"],"picked":"Choke","floor":1},{"not_picked":["Quick Slash","Setup"],"picked":"Terror","floor":2},{"not_picked":["Cloak And Dagger","Flying Knee"],"picked":"Footwork","floor":4},{"not_picked":["Choke","Infinite Blades"],"picked":"Footwork","floor":5},{"not_picked":["Deflect","Setup"],"picked":"Blade Dance","floor":7},{"not_picked":["Choke","Finisher"],"picked":"Bane","floor":10},{"not_picked":["Deflect","Bane","Dagger Throw"],"picked":"SKIP","floor":11},{"not_picked":["Underhanded Strike","Slice"],"picked":"Endless Agony","floor":12},{"not_picked":["Outmaneuver","Finisher"],"picked":"After Image","floor":14},{"not_picked":["A Thousand Cuts","Burst"],"picked":"Night Terror","floor":16},{"not_picked":["Underhanded Strike+1","Blade Dance"],"picked":"PiercingWail","floor":18},{"not_picked":["PiercingWail","Deadly Poison"],"picked":"Heel Hook+1","floor":20},{"not_picked":["Terror","Predator"],"picked":"Footwork+1","floor":23},{"not_picked":["Dagger Spray","Slice"],"picked":"Heel Hook","floor":28},{"not_picked":["Heel Hook+1","Dodge and Roll+1"],"picked":"Doppelganger","floor":29},{"not_picked":["Adrenaline","Storm of Steel"],"picked":"Tools of the Trade","floor":33},{"not_picked":["All Out Attack","Slice"],"picked":"Bouncing Flask","floor":35},{"not_picked":["Prepared","Endless Agony"],"picked":"Crippling Poison","floor":37},{"not_picked":["Crippling Poison+1","Bouncing Flask","Flechettes"],"picked":"SKIP","floor":38},{"not_picked":["PiercingWail","Poisoned Stab"],"picked":"Burst","floor":39},{"not_picked":["Deflect","Cloak And Dagger"],"picked":"Endless Agony+1","floor":40},{"not_picked":["Flying Knee","Flechettes","Bane"],"picked":"SKIP","floor":47}],"player_experience":906223,"relics_obtained":[{"floor":9,"key":"FossilizedHelix"},{"floor":12,"key":"Odd Mushroom"},{"floor":14,"key":"Blue Candle"},{"floor":23,"key":"Strawberry"},{"floor":26,"key":"Eternal Feather"},{"floor":28,"key":"Turnip"},{"floor":31,"key":"Meat on the Bone"},{"floor":40,"key":"InkBottle"},{"floor":47,"key":"Orichalcum"}],"event_choices":[{"damage_healed":0,"gold_gain":0,"player_choice":"Fought Mushrooms","damage_taken":0,"max_hp_gain":0,"max_hp_loss":0,"event_name":"Mushrooms","floor":12,"gold_loss":0},{"cards_removed":["Strike_G"],"damage_healed":0,"gold_gain":0,"player_choice":"Card Removal","damage_taken":7,"max_hp_gain":0,"max_hp_loss":0,"event_name":"Golden Wing","floor":13,"gold_loss":0},{"damage_healed":0,"gold_gain":0,"player_choice":"Ignored","damage_taken":0,"max_hp_gain":0,"max_hp_loss":0,"event_name":"Vampires","floor":19,"gold_loss":0},{"damage_healed":0,"gold_gain":0,"player_choice":"Obtained Relic","damage_taken":0,"relics_obtained":["Lizard Tail"],"max_hp_gain":0,"max_hp_loss":0,"event_name":"Addict","floor":21,"gold_loss":85},{"damage_healed":0,"gold_gain":0,"player_choice":"Shed Blood","damage_taken":26,"max_hp_gain":5,"max_hp_loss":0,"event_name":"Forgotten Altar","floor":24,"gold_loss":0},{"damage_healed":0,"gold_gain":0,"player_choice":"Read","damage_taken":0,"max_hp_gain":0,"max_hp_loss":0,"event_name":"The Library","floor":27,"gold_loss":0,"cards_obtained":["Flechettes"]},{"damage_healed":0,"gold_gain":0,"player_choice":"Max HP","damage_taken":0,"max_hp_gain":0,"max_hp_loss":4,"event_name":"Winding Halls","floor":46,"gold_loss":0},{"cards_removed":["Neutralize"],"damage_healed":0,"gold_gain":0,"player_choice":"Removed Attack","damage_taken":0,"max_hp_gain":0,"max_hp_loss":0,"event_name":"Falling","floor":48,"gold_loss":0}],"is_beta":false,"boss_relics":[{"not_picked":["Busted Crown","Black Star"],"picked":"Runic Pyramid"},{"not_picked":["Runic Dome","Cursed Key"],"picked":"HoveringKite"}],"items_purged_floors":[30,42],"is_endless":false,"potions_floor_spawned":[1,5,10,12,14,16,18,20,28,33,39,47],"killed_by":"Shield and Spear","ascension_level":20}}