{"host":"99ad87xtd5ypi7ii","time":1608646388,"event":{"mods":["BaseMod","Hermit","Highlight Path","Marisa????????","Minty Spire (QoL Compilation)","Robot Space Explorer","StSLib","The Bladedancer","The Construct","The Cursed","The Disciple","The Gatherer","The Hierophant","The Runesmith","The Servant 0.9.4","TheVacant"],"gold_per_floor":[116,135,152,167,11,45,45,73,124,137,137,137,151,164,164,262,262,262],"floor_reached":17,"playtime":976,"items_purged":[],"score":169,"play_id":"943e6547-bd62-4f64-86b8-13b770a95df6","local_time":"20201222151308","is_ascension_mode":false,"campfire_choices":[{"floor":7,"key":"REST"},{"floor":15,"key":"REST"}],"circlet_count":0,"master_deck":["hermit:Strike_Hermit","hermit:Strike_Hermit","hermit:Defend_Hermit","hermit:Defend_Hermit","hermit:Defend_Hermit","hermit:Defend_Hermit","hermit:Snapshot","hermit:Covet","Injury","hermit:PistolWhip","hermit:Headshot","hermit:Grudge+1","hermit:Grudge","hermit:Midnight","hermit:SprayPray","hermit:Roughhouse","hermit:Grudge","hermit:Deadeye","Panacea","hermit:Malice","hermit:SprayPray","hermit:SprayPray","hermit:HeroicBravado"],"relics":["hermit:Momento","Dream Catcher","MealTicket","Pantograph","Tiny Chest","construct:ClawGrip"],"acts_visited":["Exordium","TheCity"],"potions_floor_usage":[13,14,16,16],"damage_taken":[{"damage":0,"enemies":"Cultist","floor":1,"turns":2},{"damage":7,"enemies":"Small Slimes","floor":2,"turns":2},{"damage":6,"enemies":"Jaw Worm","floor":3,"turns":3},{"damage":6,"enemies":"Lots of Slimes","floor":4,"turns":2},{"damage":35,"enemies":"Lagavulin","floor":6,"turns":6},{"damage":13,"enemies":"3 Sentries","floor":8,"turns":5},{"damage":0,"enemies":"3 Louse","floor":10,"turns":1},{"damage":10,"enemies":"Exordium Thugs","floor":13,"turns":3},{"damage":1,"enemies":"Looter","floor":14,"turns":3},{"damage":37,"enemies":"Hexaghost","floor":16,"turns":9}],"seed_played":"-2579797904830303351","potions_obtained":[{"floor":1,"key":"SpeedPotion"},{"floor":2,"key":"Dexterity Potion"},{"floor":4,"key":"hermit:Tonic"},{"floor":10,"key":"hermit:Tonic"},{"floor":14,"key":"BlessingOfTheForge"},{"floor":16,"key":"Block Potion"}],"is_trial":false,"path_per_floor":["M","M","M","M","$","E","R","E","T","M","?","?","M","M","R","B",null],"character_chosen":"HERMIT","items_purchased":["Dream Catcher"],"campfire_rested":2,"item_purchase_floors":[5],"current_hp_per_floor":[75,68,62,56,56,21,43,30,30,30,30,30,20,19,41,29,75,75],"gold":262,"neow_bonus":"TRANSFORM_TWO_CARDS","is_daily":false,"chose_seed":false,"campfire_upgraded":0,"win_rate":0.0,"timestamp":1608646388,"path_taken":["M","M","M","M","$","E","R","E","T","M","?","?","M","?","R","BOSS"],"items_purchased_type":["Relic"],"build_version":"2020-12-13","purchased_purges":0,"victory":false,"max_hp_per_floor":[75,75,75,75,75,75,75,75,75,75,75,75,75,75,75,75,75,75],"card_choices":[{"not_picked":["hermit:Determination","hermit:FullyLoaded"],"picked":"hermit:Grudge","floor":1},{"not_picked":["hermit:Deadeye","hermit:Determination"],"picked":"hermit:Grudge","floor":2},{"not_picked":["hermit:Feint","hermit:TrackingShot","hermit:Showdown"],"picked":"SKIP","floor":3},{"not_picked":["hermit:CalledShot","hermit:Roulette"],"picked":"hermit:Midnight","floor":4},{"not_picked":["hermit:BodyArmor","hermit:Shortfuse"],"picked":"hermit:SprayPray","floor":6},{"not_picked":["hermit:HoleUp","hermit:Snipe"],"picked":"hermit:Roughhouse","floor":7},{"not_picked":["hermit:Scavenge","hermit:Showdown"],"picked":"hermit:Grudge","floor":8},{"not_picked":["hermit:CalledShot","hermit:Roulette"],"picked":"hermit:Deadeye","floor":10},{"not_picked":["hermit:BigShot","hermit:Manifest"],"picked":"hermit:Malice","floor":13},{"not_picked":["hermit:TakeCover","hermit:EternalForm"],"picked":"hermit:SprayPray","floor":14},{"not_picked":["hermit:Glare","hermit:LowProfile"],"picked":"hermit:SprayPray","floor":15},{"not_picked":["hermit:OverwhelmingPower","hermit:RoundhouseKick"],"picked":"hermit:HeroicBravado","floor":16}],"player_experience":824675,"relics_obtained":[{"floor":6,"key":"MealTicket"},{"floor":8,"key":"Pantograph"},{"floor":9,"key":"Tiny Chest"}],"event_choices":[{"damage_healed":0,"gold_gain":0,"player_choice":"Grow","damage_taken":0,"max_hp_gain":0,"max_hp_loss":0,"event_name":"Living Wall","floor":11,"gold_loss":0,"cards_upgraded":["hermit:Grudge"]},{"damage_healed":0,"gold_gain":0,"player_choice":"1 cards matched","damage_taken":0,"max_hp_gain":0,"max_hp_loss":0,"event_name":"Match and Keep!","floor":12,"gold_loss":0,"cards_obtained":["Panacea"]}],"is_beta":false,"boss_relics":[{"not_picked":["Runic Pyramid","Coffee Dripper"],"picked":"construct:ClawGrip"}],"items_purged_floors":[],"is_endless":false,"potions_floor_spawned":[1,2,4,10,14,16],"ascension_level":0}}