{"host":"cjhtzh7tp54jdfyv","time":1608674889,"event":{"mods":["AchievementEnabler","BaseMod","Colored Map","Colored Powertips","Downfall","Minty Spire (QoL Compilation)","RNG Fix","Relic Stats","StSLib","ojb\u0027s Better Paths Mod","ojb\u0027s Info Mod"],"gold_per_floor":[99,113,113,127,302,302,326,201,29,29,45,60,72,57,70,175,175,125,141,159,172,10,10,33,33,33,33],"floor_reached":25,"playtime":1473,"items_purged":["Doubt"],"score":257,"play_id":"63c833d8-20f2-4b75-81d8-dc617df50740","local_time":"20201222170809","is_ascension_mode":true,"campfire_choices":[{"data":"Slimebound:Split","floor":1.0,"key":"SMITH"},{"data":"Slimebound:GoopSpray","floor":8.0,"key":"SMITH"},{"data":"Slimebound:DuplicatedForm","floor":18.0,"key":"SMITH"}],"circlet_count":0,"master_deck":["Slimebound:Tackle","Slimebound:Defend_Slimebound","Slimebound:Defend_Slimebound","Slimebound:Defend_Slimebound","Slimebound:Defend_Slimebound","Slimebound:Split+1","Slimebound:CorrosiveSpit","Slimebound:GoopSpray+1","Slimebound:PressTheAttack","Slimebound:FormOfPuddle","Slimebound:RainOfGoop","Slimebound:FinishingTackle","Slimebound:ComboTackle","Slimebound:DuplicatedForm+1","Slimebound:ComboTackle","Slimebound:SlimeBrawl+1","Slimebound:SlimeBarrage+1","Slimebound:SpikyOuterGoop","Bite","Bite","Bite","Bite","Bite"],"relics":["Busted Crown","Slimebound:GreedOozeRelic","downfall:HeartBlessingBlue","Slimebound:SelfDamagePreventRelic","Slimebound:TarBlob","Anchor"],"acts_visited":["Exordium","TheCity"],"potions_floor_usage":[],"damage_taken":[{"damage":8.0,"enemies":"Small Slimes","floor":2.0,"turns":3.0},{"damage":17.0,"enemies":"2 Louse","floor":4.0,"turns":2.0},{"damage":11.0,"enemies":"downfall:FleeingMerchant","floor":9.0,"turns":4.0},{"damage":8.0,"enemies":"Cultist","floor":11.0,"turns":2.0},{"damage":11.0,"enemies":"Exordium Wildlife","floor":12.0,"turns":4.0},{"damage":20.0,"enemies":"Exordium Thugs","floor":13.0,"turns":3.0},{"damage":8.0,"enemies":"downfall:FleeingMerchant","floor":14.0,"turns":4.0},{"damage":8.0,"enemies":"Gremlin Gang","floor":15.0,"turns":3.0},{"damage":24.0,"enemies":"downfall:Ironclad","floor":16.0,"turns":6.0},{"damage":49.0,"enemies":"3 Byrds","floor":19.0,"turns":5.0},{"damage":31.0,"enemies":"Spheric Guardian","floor":20.0,"turns":3.0},{"damage":18.0,"enemies":"Centurion and Healer","floor":21.0,"turns":5.0},{"damage":36.0,"enemies":"downfall:FleeingMerchant","floor":22.0,"turns":4.0},{"damage":29,"enemies":"downfall:Watcher","floor":25,"turns":3}],"seed_played":"-9069399786132295056","potions_obtained":[{"floor":3.0,"key":"SpeedPotion"},{"floor":3.0,"key":"Slimebound:SlimyTonguePotion"},{"floor":3.0,"key":"Ancient Potion"},{"floor":4.0,"key":"LiquidBronze"},{"floor":11.0,"key":"Weak Potion"},{"floor":15.0,"key":"Slimebound:SlimyTonguePotion"},{"floor":16.0,"key":"Strength Potion"}],"is_trial":false,"path_per_floor":["R","M","?","M","?","?","T","R","$","?","M","M","M","$","M","B",null,"R","M","M","M","$","?","T","?"],"character_chosen":"SLIMEBOUND","items_purchased":["Slimebound:SelfDamagePreventRelic","Slimebound:SpikyOuterGoop"],"campfire_rested":0,"item_purchase_floors":[9,22],"current_hp_per_floor":[60,60,60,51,51,51,51,61,58,58,58,55,43,43,43,27,70,70,48,44,38,17,17,17,0,0,0],"gold":33,"neow_bonus":"BOSS_RELIC","is_daily":false,"chose_seed":false,"campfire_upgraded":3,"win_rate":0.0,"timestamp":1608674889,"path_taken":["R","M","?","M","?","?","T","R","$","?","M","M","M","$","M","BOSS","R","M","M","M","$","?","T","?"],"items_purchased_type":["Relic","Card"],"build_version":"2020-12-13","purchased_purges":1,"victory":false,"max_hp_per_floor":[60,60,60,60,60,60,60,70,70,70,70,70,70,70,70,70,70,70,70,70,70,70,49,49,49,49,49],"relic_stats":{"Busted Crown":26,"counters":[14,47],"obtain_stats":[{"Slimebound:GreedOozeRelic":6,"Anchor":24,"Busted Crown":0,"Slimebound:SelfDamagePreventRelic":9,"downfall:HeartBlessingBlue":8,"Slimebound:AbsorbEndCombat":0,"Slimebound:TarBlob":17},{"Slimebound:GreedOozeRelic":2,"Anchor":13,"Busted Crown":0,"Slimebound:SelfDamagePreventRelic":3,"downfall:HeartBlessingBlue":2,"Slimebound:AbsorbEndCombat":0,"Slimebound:TarBlob":9},{"Slimebound:GreedOozeRelic":3,"Anchor":44,"Busted Crown":0,"Slimebound:SelfDamagePreventRelic":7,"downfall:HeartBlessingBlue":3,"Slimebound:AbsorbEndCombat":0,"Slimebound:TarBlob":28}]},"card_choices":[{"not_picked":["Slimebound:BestDefense"],"picked":"SKIP","floor":2.0},{"not_picked":[],"picked":"Slimebound:GoopSpray","floor":4.0},{"not_picked":[],"picked":"Slimebound:PressTheAttack","floor":9.0},{"not_picked":[],"picked":"Slimebound:FormOfPuddle","floor":11.0},{"not_picked":["Slimebound:GrowthPunch"],"picked":"SKIP","floor":12.0},{"not_picked":[],"picked":"Slimebound:RainOfGoop","floor":13.0},{"not_picked":[],"picked":"Slimebound:FinishingTackle","floor":14.0},{"not_picked":[],"picked":"Slimebound:ComboTackle","floor":15.0},{"not_picked":[],"picked":"Slimebound:DuplicatedForm","floor":16.0},{"not_picked":["Slimebound:RainOfGoop+1"],"picked":"SKIP","floor":19.0},{"not_picked":[],"picked":"Slimebound:ComboTackle","floor":20.0},{"not_picked":[],"picked":"Slimebound:SlimeBrawl+1","floor":21.0},{"not_picked":[],"picked":"Slimebound:SlimeBarrage+1","floor":22.0}],"player_experience":4407376,"relics_obtained":[{"floor":24.0,"key":"Anchor"}],"event_choices":[{"damage_healed":0.0,"max_hp_gain":0.0,"max_hp_loss":0.0,"gold_gain":0.0,"event_name":"Lab","player_choice":"Got Potions","floor":3.0,"gold_loss":0.0,"damage_taken":0.0},{"damage_healed":0.0,"max_hp_gain":0.0,"max_hp_loss":21.0,"gold_gain":0.0,"event_name":"Vampires","player_choice":"Became a vampire","floor":23.0,"gold_loss":0.0,"damage_taken":0.0,"cards_obtained":["Bite","Bite","Bite","Bite","Bite"]}],"is_beta":false,"boss_relics":[{"not_picked":["Runic Dome","Sozu"],"picked":"Slimebound:TarBlob"}],"items_purged_floors":[22],"is_endless":false,"potions_floor_spawned":[4,11,15,16],"killed_by":"downfall:Watcher","ascension_level":4}}