{"host":"uiaocagxbjlinul0","time":1608597642,"event":{"mods":["Act Like it!","BaseMod","Better Match","Block Reminder","CapriCore","ChefMod","GifTheSpireLib","Hallownest","Hermit","Minty Spire (QoL Compilation)","Quick Restart","Robot Space Explorer","Shade Mod","StSLib","Stuff the Spire","The Animator","The Bug Knight","The Death Knight","The Dragon Tamer","The Forsaken","The Immortal","The Marked","TheSwordswoman","TheVacant","Wandering Minibosses"],"gold_per_floor":[128,153,153,163,163,163,194,212,212,212,212,212,348,368,368,368,368],"floor_reached":16,"playtime":782,"items_purged":[],"score":128,"play_id":"0325a419-0cde-456f-82e2-c19b85c0e01e","local_time":"20201221164042","is_ascension_mode":true,"campfire_choices":[{"data":"animator:ElricAlphonse","floor":6,"key":"SMITH"},{"floor":12,"key":"REST"},{"floor":15,"key":"REST"}],"circlet_count":0,"master_deck":["animator:Strike_FullmetalAlchemist","animator:Defend_FullmetalAlchemist","animator:Strike","animator:Strike","animator:Defend","animator:Defend","animator:Defend","animator:ElricEdward","animator:ElricAlphonse+1","animator:Elsword","animator:RoyMustang","animator:Rena","animator:ElricAlphonse","animator:Demiurge"],"relics":["animator:LivingPicture","animator:TheMissingPiece","NeowsBlessing","StuffTheSpire:TintedRock","StuffTheSpire:MayFlowers","animator:OldCoffin"],"acts_visited":["Hallownest:Greenpath"],"potions_floor_usage":[],"damage_taken":[{"damage":0,"enemies":"Hallownest:2_MossCreeps","floor":1,"turns":1},{"damage":0,"enemies":"Hallownest:monsterHuskGuard","floor":2,"turns":1},{"damage":0,"enemies":"Hallownest:monsterHuskWarrior","floor":4,"turns":1},{"damage":21,"enemies":"Hallownest:monsterMarmu","floor":5,"turns":6},{"damage":21,"enemies":"Hallownest:eliteCrystalGuardian","floor":7,"turns":6},{"damage":16,"enemies":"Hallownest:monsterFoolEater","floor":8,"turns":4},{"damage":8,"enemies":"Hallownest:eliteVengeflyKing","floor":13,"turns":9},{"damage":9,"enemies":"Hallownest:Wandering_and_Horned","floor":14,"turns":4},{"damage":44,"enemies":"Hallownest:BossHornet","floor":16,"turns":4}],"seed_played":"1060574023033870813","potions_obtained":[{"floor":8,"key":"SteroidPotion"},{"floor":14,"key":"Explosive Potion"}],"is_trial":false,"path_per_floor":["M","M","?","M","?","R","E","M","T","?","?","R","E","M","R","B"],"character_chosen":"THE_ANIMATOR","items_purchased":[],"campfire_rested":2,"item_purchase_floors":[],"current_hp_per_floor":[66,66,74,75,54,54,33,17,17,8,8,30,28,19,41,0,0],"gold":368,"neow_bonus":"THREE_ENEMY_KILL","is_daily":false,"chose_seed":false,"campfire_upgraded":1,"win_rate":0.0,"timestamp":1608597642,"path_taken":["M","M","?","M","?","R","E","M","T","?","?","R","E","M","R","BOSS"],"items_purchased_type":[],"build_version":"2020-12-13","purchased_purges":0,"victory":false,"max_hp_per_floor":[66,66,74,75,75,75,75,75,75,75,75,75,75,75,75,75,75],"card_choices":[{"not_picked":["animator:MaesHughes","animator:RinTohsaka"],"picked":"animator:Elsword","floor":1},{"not_picked":["animator:OrikoMikuni","animator:SakuraMatou"],"picked":"animator:RoyMustang","floor":2},{"not_picked":["animator:YuiTsuruno","animator:Demiurge"],"picked":"animator:Rena","floor":4},{"not_picked":["animator:RoyMustang","animator:ElricEdward"],"picked":"animator:ElricAlphonse","floor":7},{"not_picked":["animator:Pride","animator:Rider"],"picked":"animator:Demiurge","floor":8},{"not_picked":["animator:Demiurge","animator:Caster","animator:MamiTomoe"],"picked":"SKIP","floor":13},{"not_picked":["animator:Chung","animator:NagisaMomoe","animator:SuzuneAmano"],"picked":"SKIP","floor":14}],"player_experience":190381,"relics_obtained":[{"floor":7,"key":"StuffTheSpire:TintedRock"},{"floor":9,"key":"StuffTheSpire:MayFlowers"},{"floor":13,"key":"animator:OldCoffin"}],"event_choices":[],"is_beta":false,"boss_relics":[],"items_purged_floors":[],"is_endless":false,"potions_floor_spawned":[5,8,14],"killed_by":"Hallownest:BossHornet","ascension_level":4}}