{"host":"1bqbj1s4pyvm9utn","time":1608603341,"event":{"mods":["AchievementEnabler","Aspiration","Bard","BaseMod","Beaked The Cultist","Better Altar","Better Match","Better Note","Better Sensory Stone","Better Skull","Better Third Choice","BetterRewards","CCEM","Clawfect","Colored Map","Conspire","Downfall","Duelist Mod","GifTheSpireLib","Halation","Hermit","Highlight Path","Hubris","Humility","Infinite Spire","Jedi Mod","Jorbs\u0027s Wanderer Trilogy","Mad Scientist","Marisa????????","Mimic Mod","Minty Spire (QoL Compilation)","Permanent Neow","Replay The Spire","Shade Mod","Shop Mod","Spicy Shops","StSLib","Stuff the Spire","The Animator","The Bug Knight","The Construct","The Cursed","The Disciple","The Gatherer","The Hierophant","The Jungle","The Mystic","The Necromancer","The Runesmith","The Servant 0.9.4","The Witch","Unceasing Turn Reminder","everything is the same but u backflip on backflip","slay the spire mod where everything is the same but ironclad has a cowboy hat","vexMod"],"gold_per_floor":[124,143,43,43,98,98,98,148,148,37,76,90,90,125,125,248,248,261,314,314,314,340,340,372,372,395,68,160,218,280,280,280,312,312],"floor_reached":33,"playtime":5464,"items_purged":["Normality"],"score":319,"play_id":"e185a283-e32e-4191-8abe-7592bd66b19d","local_time":"20201221181541","is_ascension_mode":false,"campfire_choices":[{"floor":6,"key":"REST"},{"data":"animator:DolaCouronne","floor":15,"key":"SMITH"},{"data":"infinitespire:Collect","floor":32,"key":"SMITH"}],"circlet_count":1,"master_deck":["animator:Strike_Konosuba","animator:Defend_Konosuba","animator:Strike","animator:Strike","animator:Strike","animator:Defend","animator:Defend","animator:Defend","animator:Kazuma","animator:Aqua+1","animator:YunYun","conspire:SpireCoStock","conspire:SpireCoStock","animator:Shiro+1","animator:DolaSchwi","Inflame","Flex","Scorching Beam+1","animator:DolaCouronne+1","Reaper+1","animator:FielNirvalen","animator:LizardPriest","infinitespire:Collect+1","hubris:InfiniteBlow+1","infinitespire:TheBestDefense","animator:Witch+1","animator:DwarfShaman+1","animator:IzunaHatsuse","animator:NarberalGamma","animator:Wiz"],"relics":["Iron Core","animator:TheMissingPiece","aspiration:Nostalgia","beaked:MendingPlumage","infinitespire:Cubic Diamond","Ring of Fangs","ReplayTheSpireMod:Ring of Addiction","Circlet","Chameleon Ring","infinitespire:CursedDice","Molten Egg 2","StuffTheSpire:ModemDavis","CCEMRelics:FryingPan","Black Star","Replay:Wax Seal","Guide Book","CCEMRelics:Pendulum","vexMod:InvisibilityCloak"],"acts_visited":["Exordium","Exordium"],"potions_floor_usage":[2,5,8,11,12,14,16,18,22,24,28,30,30,33,33,33],"damage_taken":[{"damage":36,"enemies":"Cultist","floor":1,"turns":8},{"damage":10,"enemies":"Small Slimes","floor":2,"turns":2},{"damage":20,"enemies":"Jaw Worm","floor":5,"turns":4},{"damage":0,"enemies":"HollowMod:MossKnight","floor":8,"turns":8},{"damage":5,"enemies":"Blue Slaver","floor":11,"turns":4},{"damage":7,"enemies":"Lots of Slimes","floor":12,"turns":3},{"damage":25,"enemies":"Exordium Wildlife","floor":14,"turns":6},{"damage":96,"enemies":"Slime Boss","floor":16,"turns":16},{"damage":17,"enemies":"theJungle:MUSHROOMGANG","floor":18,"turns":4},{"damage":74,"enemies":"Shell Parasite","floor":19,"turns":13},{"damage":54,"enemies":"theJungle:Lyon","floor":22,"turns":6},{"damage":50,"enemies":"theJungle:JungleHuntersEncounter","floor":24,"turns":8},{"damage":23,"enemies":"theJungle:SlimyTreeVines","floor":28,"turns":6},{"damage":46,"enemies":"Snake Plant","floor":29,"turns":6},{"damage":0,"enemies":"theJungle:2_Phrogs","floor":30,"turns":9},{"damage":170,"enemies":"theJungle:FunGuy","floor":33,"turns":17}],"seed_played":"-3030179303829732087","potions_obtained":[{"floor":1,"key":"Fire Potion"},{"floor":2,"key":"sneckomod:MuddlingPotion"},{"floor":7,"key":"PowerPotion"},{"floor":7,"key":"Block Potion"},{"floor":7,"key":"SteroidPotion"},{"floor":13,"key":"LiquidBronze"},{"floor":13,"key":"Guardian:BlockOnCardUsePotion"},{"floor":16,"key":"Energy Potion"},{"floor":18,"key":"Elixir"},{"floor":23,"key":"SteroidPotion"},{"floor":23,"key":"BlessingOfTheForge"}],"is_trial":false,"path_per_floor":["M","M","?","?","M","R","?","E","T","$","M","M","R","M","R","B",null,"M","M","?","AVR","M","R","M","?","T","$","M","M","E","?","R","B"],"character_chosen":"THE_ANIMATOR","items_purchased":["Inflame","SkillPotion","AttackPotion","Guide Book"],"campfire_rested":1,"item_purchase_floors":[10,27,27,27],"current_hp_per_floor":[41,37,37,37,31,50,50,67,67,67,63,63,63,51,51,9,67,68,30,30,30,46,46,24,24,24,24,36,15,46,46,46,0,0],"gold":312,"neow_bonus":"NOSTALGIA","is_daily":false,"chose_seed":false,"campfire_upgraded":2,"win_rate":0.0,"timestamp":1608603341,"path_taken":["M","M","?","?","M","R","?","E","T","$","M","?","R","M","R","BOSS","M","M","?","AVR","M","R","M","?","T","$","M","M","E","?","R","BOSS"],"items_purchased_type":["Card","Potion","Potion","Relic"],"build_version":"2020-12-13","purchased_purges":1,"victory":false,"max_hp_per_floor":[66,66,66,66,66,66,66,67,67,67,67,67,67,67,67,67,67,68,68,68,68,66,66,66,66,66,66,64,64,65,65,65,65,65],"card_choices":[{"not_picked":["animator:Mitsurugi","animator:LizardPriest"],"picked":"animator:YunYun","floor":1},{"not_picked":["animator:Millim","animator:DolaRiku","animator:Benimaru"],"picked":"SKIP","floor":2},{"not_picked":["Cold Snap","Anger"],"picked":"animator:Shiro","floor":5},{"not_picked":["animator:DolaCouronne","animator:DolaStephanie"],"picked":"animator:DolaSchwi","floor":8},{"not_picked":["Headbutt+1","animator:ElricAlphonse"],"picked":"Flex","floor":11},{"not_picked":["animator:Sebas","Clash+1"],"picked":"Scorching Beam+1","floor":12},{"not_picked":["animator:Shuna","Dual Wield"],"picked":"animator:DolaCouronne","floor":14},{"not_picked":["Juggernaut","animator:Father"],"picked":"Reaper+1","floor":16},{"not_picked":["animator:DolaRiku","animator:DolaStephanie"],"picked":"animator:FielNirvalen","floor":18},{"not_picked":["animator:ElricEdward+1","animator:DwarfShaman+1"],"picked":"animator:LizardPriest","floor":19},{"not_picked":["animator:Souei","animator:DwarfShaman+1"],"picked":"animator:Witch+1","floor":22},{"not_picked":["animator:Hakurou+1","animator:DolaStephanie"],"picked":"animator:DwarfShaman+1","floor":24},{"not_picked":["animator:DolaRiku","animator:ChlammyZell"],"picked":"animator:IzunaHatsuse","floor":28},{"not_picked":["animator:Benimaru+1","animator:Sonic"],"picked":"animator:NarberalGamma","floor":29},{"not_picked":["animator:Cocytus+1","animator:HighElfArcher+1"],"picked":"animator:Wiz","floor":30}],"player_experience":860010,"relics_obtained":[{"floor":7,"key":"Ring of Fangs"},{"floor":7,"key":"ReplayTheSpireMod:Ring of Addiction"},{"floor":7,"key":"Circlet"},{"floor":7,"key":"Chameleon Ring"},{"floor":8,"key":"infinitespire:CursedDice"},{"floor":9,"key":"Molten Egg 2"},{"floor":26,"key":"Replay:Wax Seal"},{"floor":30,"key":"CCEMRelics:Pendulum"},{"floor":30,"key":"vexMod:InvisibilityCloak"}],"event_choices":[{"damage_healed":0,"gold_gain":0,"player_choice":"Invest 2","damage_taken":0,"max_hp_gain":0,"max_hp_loss":0,"event_name":"conspire:Investor","floor":3,"gold_loss":0},{"cards_removed":["animator:Strike"],"damage_healed":0,"gold_gain":0,"player_choice":"Give","damage_taken":0,"max_hp_gain":0,"max_hp_loss":0,"event_name":"betterNote:BetterNote","floor":20,"gold_loss":0,"cards_obtained":["Pain"]}],"is_beta":false,"boss_relics":[{"not_picked":["halation:SmartPhone","Replay:Drink Me"],"picked":"StuffTheSpire:ModemDavis"}],"items_purged_floors":[27],"is_endless":false,"potions_floor_spawned":[1,2,16,18],"killed_by":"theJungle:FunGuy","ascension_level":0}}