{"host":"htqwg582tjjtn9p7","time":1608657040,"event":{"mods":["2.2 Compatiblity","AchievementEnabler","Act Like it!","Aspiration","BaseMod","Better Third Choice","Colored Map","Conspire","Curses Come First","Displayed Cursed Tome","Energized Spire","Force Act Four","GifTheSpireLib","Hermit","Highlight Path","JesterMod","Mad Scientist","Minty Spire (QoL Compilation)","Pale of the Ancients","Permanent Neow","Random Character Button","Relic Stats","Replay The Spire","Robot Space Explorer","Somnambulant","Spicy Shops","Spikes Relics","StSLib","Stuff the Spire","The Blue Laboratory","The Disciple","The Dragon Tamer","The Forsaken","The Gatherer","The Judge","The Jungle","The Runesmith","The Servant 0.9.4"],"gold_per_floor":[110,123,16,31,48,48,80,80,80,80,103,176,176,211,211,330,330,343,343,356,266,279,317,340,365,365,365,378,73,89,112,112,238,238,263,109,109,134,158,158,433,471,471,110,145,145,145,145,145,145,145,164,134,205,205,230,230,30,30,30,30],"floor_reached":60,"playtime":2682,"items_purged":["Regret"],"score":1437,"play_id":"27f6d404-19ca-4b4e-84d9-f0c6ef90a0ec","local_time":"20201222181040","is_ascension_mode":true,"campfire_choices":[{"data":"Potential","floor":6,"key":"SMITH"},{"floor":8,"key":"REST"},{"floor":15,"key":"DIG"},{"data":"BottledTime","floor":27,"key":"SMITH"},{"data":"StarChef","floor":32,"key":"SMITH"},{"data":"SoulSculpture","floor":40,"key":"SMITH"},{"data":"SoulSculpture","floor":47,"key":"SMITH"},{"data":"Comet","floor":49,"key":"SMITH"},{"data":"Luminosity","floor":55,"key":"SMITH"},{"data":"Manipulate","floor":57,"key":"SMITH"}],"circlet_count":0,"master_deck":["AscendersBane","Defend_S","Defend_S","KidneyShot","Exchange","Potential+1","BottledTime+1","TimeWarp","TimeWarp","Comet+1","ShatteredReality+1","Comet","Misdirection","TimeWarp","SoulSculpture+1","Potential","Bite","Bite","Bite","Bite","Bite","Potential+1","Rearm","FastForward","SoulSculpture+1","Manipulate+1","StarChef+1","Flash of Steel","DualDimension","TimeWarp","Luminosity+1","Potential+1","BestPractice","FastForward+1","ShiftingGears+1","Rearm+1"],"relics":["Uniform","Nunchaku","FossilizedHelix","Pear","Golden Idol","Replay:Accelerometer","Juzu Bracelet","Iron Hammer","SlaversCollar","Bag of Marbles","InkBottle","PreservedInsect","Busted Crown","Toy Ornithopter","Divine Protection","theForsaken:HumbleEgg","Durian","Strawberry","Gremlin Food","paleoftheancients:Timepiece","paleoftheancients:KeyRelic","Oddly Smooth Stone","Gremlin Horn","paleoftheancients:SoulOfTheCollector","Bottled Tornado","conspire:GlowingRock"],"acts_visited":["Exordium","TheCity","TheBeyond","TheBeyond"],"potions_floor_usage":[7,23,33,38,45,50,52,56],"damage_taken":[{"damage":7,"enemies":"Cultist","floor":1,"turns":5},{"damage":6,"enemies":"2 Louse","floor":2,"turns":3},{"damage":2,"enemies":"Jaw Worm","floor":4,"turns":2},{"damage":2,"enemies":"2 Fungi Beasts","floor":5,"turns":3},{"damage":8,"enemies":"Gremlin Nob","floor":7,"turns":3},{"damage":0,"enemies":"3 Louse","floor":11,"turns":2},{"damage":5,"enemies":"3 Sentries","floor":14,"turns":6},{"damage":6,"enemies":"Hexaghost","floor":16,"turns":7},{"damage":6,"enemies":"Shell Parasite","floor":18,"turns":4},{"damage":0,"enemies":"Chosen","floor":20,"turns":3},{"damage":19,"enemies":"Snake Plant","floor":22,"turns":5},{"damage":42,"enemies":"Slavers","floor":23,"turns":12},{"damage":8,"enemies":"3 Cultists","floor":24,"turns":4},{"damage":6,"enemies":"Cultist and Chosen","floor":25,"turns":4},{"damage":0,"enemies":"Snake Plant","floor":28,"turns":2},{"damage":0,"enemies":"Centurion and Healer","floor":30,"turns":4},{"damage":4,"enemies":"Cultist and Chosen","floor":31,"turns":5},{"damage":55,"enemies":"Champ","floor":33,"turns":10},{"damage":27,"enemies":"3 Darklings","floor":35,"turns":5},{"damage":13,"enemies":"3 Shapes","floor":38,"turns":15},{"damage":9,"enemies":"Jaw Worm Horde","floor":39,"turns":5},{"damage":28,"enemies":"Nemesis","floor":42,"turns":5},{"damage":2,"enemies":"Reptomancer","floor":45,"turns":4},{"damage":34,"enemies":"Awakened One","floor":50,"turns":11},{"damage":83,"enemies":"Awakened One","floor":51,"turns":6},{"damage":14,"enemies":"Awakened One","floor":52,"turns":7},{"damage":38,"enemies":"Awakened One","floor":56,"turns":11},{"damage":51,"enemies":"paleoftheancients:N","floor":60,"turns":4}],"seed_played":"3876271465044136956","potions_obtained":[{"floor":2,"key":"conspire:TimeTravelPotion"},{"floor":5,"key":"DistilledChaos"},{"floor":18,"key":"blueLaboratory:BottleOfVodka"},{"floor":22,"key":"Swift Potion"},{"floor":28,"key":"Cursed Concoction"},{"floor":33,"key":"blueLaboratory:EnragingPotion"},{"floor":39,"key":"Dexterity Potion"},{"floor":42,"key":"LiquidMemories"},{"floor":45,"key":"Fire Potion"},{"floor":52,"key":"AttackPotion"},{"floor":53,"key":"PowerPotion"},{"floor":53,"key":"blueLaboratory:Moonshine"}],"is_trial":false,"path_per_floor":["M","M","$","M","M","R","E","R","T","?","M","T","?","E","R_BF","B",null,"M","?","M","?","M","E","M","M","T","R","M","$","M","M","R","B",null,"M","$","?","M","M","R","?","E","T","$","E","?","R","?","R","B","M","M","?","T","R","M","R","$","?","B"],"character_chosen":"THE_SERVANT","items_purchased":["TimeWarp","Comet","StarChef","PreservedInsect","Flash of Steel","Toy Ornithopter","Durian","Strawberry","BestPractice","ShiftingGears+1","conspire:GlowingRock","Rearm+1"],"campfire_rested":1,"item_purchase_floors":[3,3,29,29,29,36,44,44,44,58,58,58],"current_hp_per_floor":[52,46,46,44,42,42,34,53,63,63,63,63,63,58,58,52,65,59,48,48,48,39,33,34,40,40,40,43,43,48,46,46,13,39,21,21,21,38,42,42,42,24,24,36,52,52,52,58,58,58,60,58,58,58,58,47,47,47,47,0,0],"gold":30,"neow_bonus":"RANDOM_COMMON_RELIC","is_daily":false,"chose_seed":false,"campfire_upgraded":8,"win_rate":0.0,"timestamp":1608657040,"path_taken":["M","M","$","?","M","R","E","R","T","?","M","?","?","E","R_BF","BOSS","M","?","M","?","M","E","M","M","T","R","M","$","M","M","R","BOSS","M","$","?","M","M","R","?","E","T","$","E","?","R","?","R","BOSS","M","M","?","T","R","M","R","$","?","BOSS"],"items_purchased_type":["Card","Card","Card","Relic","Card","Relic","Relic","Relic","Card","Card","Relic","Card"],"build_version":"2020-12-13","purchased_purges":1,"victory":false,"max_hp_per_floor":[65,65,65,65,65,65,65,65,75,69,69,69,69,69,69,69,69,69,48,48,48,48,48,48,48,48,48,48,48,48,48,48,48,48,48,48,48,48,48,48,48,48,48,60,60,60,60,60,60,60,60,60,60,60,60,60,60,60,60,60,60],"relic_stats":{"Nunchaku":[56],"Busted Crown":14,"Gremlin Horn":[15,15],"counters":[28,157],"Golden Idol":164,"PreservedInsect":110,"Juzu Bracelet":1,"obtain_stats":[{"Replay:Accelerometer":12,"Divine Protection":42,"Gremlin Horn":50,"Uniform":0,"Juzu Bracelet":14,"Bottled Tornado":54,"theForsaken:HumbleEgg":43,"Nunchaku":0,"conspire:GlowingRock":58,"Strawberry":44,"Iron Hammer":15,"InkBottle":26,"Gremlin Food":45,"paleoftheancients:KeyRelic":50,"Pear":9,"Golden Idol":10,"Oddly Smooth Stone":50,"PreservedInsect":29,"paleoftheancients:Timepiece":50,"SlaversCollar":17,"Busted Crown":34,"Bag of Marbles":23,"Durian":44,"paleoftheancients:SoulOfTheCollector":52,"FossilizedHelix":7,"Toy Ornithopter":36},{"Replay:Accelerometer":6,"Divine Protection":22,"Gremlin Horn":24,"Uniform":0,"Juzu Bracelet":7,"Bottled Tornado":26,"theForsaken:HumbleEgg":22,"Nunchaku":0,"conspire:GlowingRock":27,"Strawberry":22,"Iron Hammer":7,"InkBottle":14,"Gremlin Food":23,"paleoftheancients:KeyRelic":24,"Pear":5,"Golden Idol":5,"Oddly Smooth Stone":24,"PreservedInsect":15,"paleoftheancients:Timepiece":24,"SlaversCollar":8,"Busted Crown":18,"Bag of Marbles":12,"Durian":22,"paleoftheancients:SoulOfTheCollector":26,"FossilizedHelix":5,"Toy Ornithopter":19},{"Replay:Accelerometer":18,"Divine Protection":114,"Gremlin Horn":129,"Uniform":0,"Juzu Bracelet":24,"Bottled Tornado":142,"theForsaken:HumbleEgg":114,"Nunchaku":0,"conspire:GlowingRock":153,"Strawberry":114,"Iron Hammer":24,"InkBottle":63,"Gremlin Food":118,"paleoftheancients:KeyRelic":129,"Pear":16,"Golden Idol":16,"Oddly Smooth Stone":129,"PreservedInsect":65,"paleoftheancients:Timepiece":129,"SlaversCollar":31,"Busted Crown":84,"Bag of Marbles":55,"Durian":114,"paleoftheancients:SoulOfTheCollector":142,"FossilizedHelix":16,"Toy Ornithopter":89}],"InkBottle":[60],"Toy Ornithopter":20},"card_choices":[{"not_picked":["Defy","InstantArmor"],"picked":"Potential","floor":1},{"not_picked":["SpecialFormula","TimeWarp"],"picked":"BottledTime","floor":2},{"not_picked":["Foresight","DancingSilver","Replace"],"picked":"SKIP","floor":4},{"not_picked":["BottledTime","Barrier"],"picked":"ShatteredReality","floor":5},{"not_picked":["Dilation","Revamp"],"picked":"Comet","floor":7},{"not_picked":["Read","Alleviate"],"picked":"Misdirection","floor":11},{"not_picked":["Rearm","Revamp"],"picked":"TimeWarp","floor":14},{"not_picked":["Initiator","Deny"],"picked":"SoulSculpture","floor":16},{"not_picked":["TimeWarp","FastForward"],"picked":"Potential","floor":18},{"not_picked":["Shuttle","Unruled","Alleviate+1"],"picked":"SKIP","floor":20},{"not_picked":["ShatteredReality+1","Defy"],"picked":"Potential+1","floor":22},{"not_picked":["RealityMarble","Snipe"],"picked":"Rearm","floor":23},{"not_picked":["FastForward","ShatteredReality","Rearm"],"picked":"SKIP","floor":24},{"not_picked":["ShatteredReality","Rearm"],"picked":"FastForward","floor":24},{"not_picked":["BottledTime","Rewind"],"picked":"SoulSculpture","floor":25},{"not_picked":["Starlight","Rearm"],"picked":"Manipulate","floor":28},{"not_picked":["Ricochet","Read"],"picked":"DualDimension","floor":30},{"not_picked":["SilverBlades","TimeTheft"],"picked":"TimeWarp","floor":31},{"not_picked":[],"picked":"Luminosity","floor":35},{"not_picked":[],"picked":"Potential+1","floor":38},{"not_picked":["Alleviate"],"picked":"SKIP","floor":39},{"not_picked":["Rewind"],"picked":"SKIP","floor":42},{"not_picked":["Moondial"],"picked":"SKIP","floor":45},{"not_picked":["Rewind+1"],"picked":"SKIP","floor":52},{"not_picked":[],"picked":"FastForward+1","floor":56}],"player_experience":1744246,"relics_obtained":[{"floor":7,"key":"FossilizedHelix"},{"floor":9,"key":"Pear"},{"floor":12,"key":"Replay:Accelerometer"},{"floor":14,"key":"Juzu Bracelet"},{"floor":15,"key":"Iron Hammer"},{"floor":23,"key":"Bag of Marbles"},{"floor":26,"key":"InkBottle"},{"floor":42,"key":"Divine Protection"},{"floor":43,"key":"theForsaken:HumbleEgg"},{"floor":45,"key":"Gremlin Food"},{"floor":52,"key":"paleoftheancients:SoulOfTheCollector"},{"floor":54,"key":"Bottled Tornado"}],"event_choices":[{"damage_healed":0,"gold_gain":0,"player_choice":"Lose Max HP","damage_taken":0,"relics_obtained":["Golden Idol"],"max_hp_gain":0,"max_hp_loss":6,"event_name":"Golden Idol","floor":10,"gold_loss":0},{"damage_healed":0,"gold_gain":0,"player_choice":"Leave","damage_taken":0,"max_hp_gain":0,"max_hp_loss":0,"event_name":"conspire:Investor","floor":13,"gold_loss":0},{"damage_healed":0,"gold_gain":0,"player_choice":"Became a vampire","damage_taken":0,"max_hp_gain":0,"max_hp_loss":21,"event_name":"Vampires","floor":19,"gold_loss":0,"cards_obtained":["Bite","Bite","Bite","Bite","Bite"]},{"cards_removed":["Defend_S"],"damage_healed":0,"gold_gain":0,"player_choice":"Upgrade and Remove","damage_taken":0,"max_hp_gain":0,"max_hp_loss":0,"event_name":"Designer","floor":21,"gold_loss":90,"cards_upgraded":["ShatteredReality"]},{"cards_removed":["Defend_S"],"damage_healed":0,"gold_gain":0,"player_choice":"Removed Skill","damage_taken":0,"max_hp_gain":0,"max_hp_loss":0,"event_name":"Falling","floor":37,"gold_loss":0},{"damage_healed":0,"gold_gain":275,"player_choice":"Desecrate","damage_taken":0,"max_hp_gain":0,"max_hp_loss":0,"event_name":"Golden Shrine","floor":41,"gold_loss":0,"cards_obtained":["Regret"]},{"damage_healed":0,"gold_gain":0,"player_choice":"Bought 2 Potions","damage_taken":0,"max_hp_gain":0,"max_hp_loss":0,"event_name":"The Woman in Blue","floor":53,"gold_loss":0}],"is_beta":false,"boss_relics":[{"not_picked":["Empty Cage","Fusion Hammer"],"picked":"SlaversCollar"},{"not_picked":["Ring of Chaos","Snecko Heart"],"picked":"Busted Crown"}],"items_purged_floors":[44],"is_endless":false,"potions_floor_spawned":[2,5,18,22,28,33,39,42,45,52],"killed_by":"paleoftheancients:N","ascension_level":10}}