{"host":"7khtwbkyze7y134w","time":1608639312,"event":{"mods":["AchievementEnabler","BaseMod","Bestiary","Colored Map","Colored Powertips","Highlight Path","Minty Spire (QoL Compilation)","Quick Restart","Relic Stats","StSLib","SuperFastMode"],"gold_per_floor":[115,132,132,80,80,421,435,466,541,541,541,559,171,187,187,315,315,334,23,23,122,140,140,179,179,254,288,307,11,25,48,48,168,168,182,198,198,214,38,54,73,86,86,106,106,106,106,145,145,145],"floor_reached":51,"playtime":1932,"items_purged":["Strike_R","Strike_R+1"],"score":779,"play_id":"afa1047d-f4fe-4a63-82bb-a974ec73bcf9","local_time":"20201222121512","is_ascension_mode":false,"campfire_choices":[{"data":"Armaments","floor":10.0,"key":"SMITH"},{"data":"Rage","floor":15.0,"key":"SMITH"},{"data":"Corruption","floor":23,"key":"SMITH"},{"data":"Reaper","floor":32,"key":"SMITH"},{"data":"1","floor":45,"key":"LIFT"},{"data":"2","floor":49,"key":"LIFT"}],"circlet_count":0,"master_deck":["Strike_R+1","Defend_R+1","Defend_R+1","Defend_R+1","Defend_R+1","Bash+1","Thunderclap+1","Armaments+1","Iron Wave+1","Clothesline+1","Whirlwind+1","Carnage+1","Inflame+1","Inflame+1","Rage+1","Corruption+1","Twin Strike+1","Headbutt+1","Battle Trance+1","Reaper+1","Second Wind+1","Shockwave+1","Barricade+1","Rage+1","Flex+1","Entrench+1","Spot Weakness+1","Parasite"],"relics":["Burning Blood","NeowsBlessing","Golden Idol","Old Coin","Nunchaku","Pantograph","Self Forming Clay","Runic Pyramid","Torii","Boot","Enchiridion","Question Card","Regal Pillow","Red Skull","Coffee Dripper","Girya","Mercury Hourglass","Mark of the Bloom","War Paint"],"acts_visited":["TheCity","TheBeyond"],"potions_floor_usage":[24,24,40,40,44,44,44,50],"damage_taken":[{"damage":0.0,"enemies":"2 Louse","floor":1.0,"turns":1.0},{"damage":0.0,"enemies":"Small Slimes","floor":2.0,"turns":1.0},{"damage":0.0,"enemies":"3 Sentries","floor":6.0,"turns":2.0},{"damage":0.0,"enemies":"Cultist","floor":7.0,"turns":3.0},{"damage":13.0,"enemies":"Lagavulin","floor":8.0,"turns":3.0},{"damage":12.0,"enemies":"Large Slime","floor":12.0,"turns":5.0},{"damage":10.0,"enemies":"Exordium Wildlife","floor":14.0,"turns":3.0},{"damage":39.0,"enemies":"Slime Boss","floor":16.0,"turns":8.0},{"damage":6,"enemies":"Chosen","floor":18,"turns":5},{"damage":16,"enemies":"2 Thieves","floor":22,"turns":5},{"damage":17,"enemies":"Slavers","floor":24,"turns":5},{"damage":43,"enemies":"Gremlin Leader","floor":27,"turns":8},{"damage":4,"enemies":"Chosen and Byrds","floor":28,"turns":6},{"damage":0,"enemies":"3 Cultists","floor":30,"turns":3},{"damage":9,"enemies":"Snake Plant","floor":31,"turns":3},{"damage":60,"enemies":"Automaton","floor":33,"turns":11},{"damage":17,"enemies":"3 Shapes","floor":35,"turns":4},{"damage":25,"enemies":"3 Darklings","floor":36,"turns":5},{"damage":33,"enemies":"4 Shapes","floor":38,"turns":3},{"damage":33,"enemies":"Jaw Worm Horde","floor":40,"turns":4},{"damage":0,"enemies":"Sphere and 2 Shapes","floor":41,"turns":6},{"damage":16,"enemies":"3 Darklings","floor":42,"turns":6},{"damage":1,"enemies":"Writhing Mass","floor":44,"turns":5},{"damage":2,"enemies":"Reptomancer","floor":48,"turns":5},{"damage":42,"enemies":"Donu and Deca","floor":50,"turns":7}],"seed_played":"-5275406425989251401","potions_obtained":[{"floor":2.0,"key":"AttackPotion"},{"floor":7.0,"key":"Strength Potion"},{"floor":12.0,"key":"BloodPotion"},{"floor":14.0,"key":"Ancient Potion"},{"floor":16.0,"key":"LiquidMemories"},{"floor":22,"key":"Regen Potion"},{"floor":24,"key":"SpeedPotion"},{"floor":30,"key":"Strength Potion"},{"floor":36,"key":"ColorlessPotion"},{"floor":40,"key":"EssenceOfSteel"},{"floor":42,"key":"Fire Potion"},{"floor":44,"key":"Fire Potion"}],"is_trial":false,"path_per_floor":["M","M","?","$","?","E","M","E","T","R","?","M","$","M","R","B",null,"M","$","?","?","M","R","E","?","T","E","M","$","M","M","R","B",null,"M","M","?","M","$","M","M","M","T","M","R","?","?","E","R","B",null],"character_chosen":"IRONCLAD","items_purchased":["Iron Wave","Self Forming Clay","Inflame","Torii","Red Skull","Reaper","Entrench"],"campfire_rested":0,"item_purchase_floors":[4,13,13,19,29,29,39],"current_hp_per_floor":[80,80,73,73,53,59,65,58,58,58,58,52,52,48,64,47,80,80,80,80,80,70,70,73,57,57,20,22,22,56,53,53,34,80,80,71,71,44,44,37,53,53,53,58,58,70,70,68,68,26],"gold":145,"neow_bonus":"THREE_ENEMY_KILL","is_daily":false,"chose_seed":false,"campfire_upgraded":4,"win_rate":0.0,"timestamp":1608639312,"path_taken":["M","M","?","$","?","E","M","E","T","R","?","M","$","?","R","BOSS","M","$","?","?","M","R","E","?","T","E","M","?","M","M","R","BOSS","M","M","?","M","$","M","M","?","T","M","R","?","?","E","R","BOSS"],"items_purchased_type":["Card","Relic","Card","Relic","Relic","Card","Card"],"build_version":"2020-12-13","purchased_purges":2,"victory":true,"max_hp_per_floor":[80,80,80,80,80,80,80,80,80,80,80,80,80,80,80,80,80,80,80,80,80,80,80,80,80,80,80,80,80,80,80,80,80,80,80,80,80,80,80,80,80,80,80,80,80,70,70,70,70,70],"relic_stats":{"Regal Pillow":0,"Mark of the Bloom":81,"Torii":35,"counters":[25,117],"Golden Idol":165,"Self Forming Clay":[222],"War Paint":[],"Boot":[24],"Question Card":13,"Burning Blood":121,"Mercury Hourglass":[66],"Nunchaku":[19],"Pantograph":41,"obtain_stats":[{"Girya":37,"Regal Pillow":27,"Mark of the Bloom":47,"NeowsBlessing":0,"Torii":19,"Golden Idol":5,"Self Forming Clay":13,"Enchiridion":25,"War Paint":48,"Boot":24,"Question Card":26,"Burning Blood":0,"Old Coin":6,"Mercury Hourglass":43,"Nunchaku":8,"Pantograph":9,"Coffee Dripper":34,"Red Skull":29,"Runic Pyramid":17},{"Girya":18,"Regal Pillow":12,"Mark of the Bloom":23,"NeowsBlessing":0,"Torii":9,"Golden Idol":2,"Self Forming Clay":6,"Enchiridion":11,"War Paint":24,"Boot":11,"Question Card":11,"Burning Blood":0,"Old Coin":3,"Mercury Hourglass":22,"Nunchaku":5,"Pantograph":5,"Coffee Dripper":16,"Red Skull":13,"Runic Pyramid":8},{"Girya":81,"Regal Pillow":49,"Mark of the Bloom":105,"NeowsBlessing":0,"Torii":31,"Golden Idol":2,"Self Forming Clay":15,"Enchiridion":41,"War Paint":110,"Boot":41,"Question Card":41,"Burning Blood":0,"Old Coin":4,"Mercury Hourglass":100,"Nunchaku":10,"Pantograph":10,"Coffee Dripper":72,"Red Skull":55,"Runic Pyramid":26}]},"card_choices":[{"not_picked":["Anger","Hemokinesis"],"picked":"Thunderclap","floor":1.0},{"not_picked":["Shrug It Off","True Grit"],"picked":"Armaments","floor":2.0},{"not_picked":["Bloodletting","Power Through"],"picked":"Clothesline","floor":6.0},{"not_picked":["Fire Breathing","Hemokinesis"],"picked":"Anger","floor":7.0},{"not_picked":["Clash","Body Slam"],"picked":"Whirlwind","floor":8.0},{"not_picked":["Blood for Blood","Iron Wave"],"picked":"Inflame","floor":12.0},{"not_picked":["Burning Pact","Dual Wield"],"picked":"Rage","floor":14.0},{"not_picked":["Bludgeon","Brutality"],"picked":"Corruption","floor":16.0},{"not_picked":["Cleave","Heavy Blade+1","Clothesline+1"],"picked":"SKIP","floor":18},{"not_picked":["Body Slam","Headbutt"],"picked":"Twin Strike","floor":22},{"not_picked":["Thunderclap","Armaments"],"picked":"Headbutt","floor":24},{"not_picked":["Iron Wave","Dropkick+1","Seeing Red+1"],"picked":"Battle Trance","floor":27},{"not_picked":["Burning Pact+1","Twin Strike","Combust","Clothesline+1"],"picked":"SKIP","floor":28},{"not_picked":["Ghostly Armor","Double Tap","Reckless Charge"],"picked":"Second Wind+1","floor":30},{"not_picked":["Perfected Strike","Twin Strike+1","Ghostly Armor"],"picked":"Shockwave+1","floor":31},{"not_picked":["Reaper","Impervious","Berserk"],"picked":"Barricade","floor":33},{"not_picked":["Warcry+1","Cleave+1","Reckless Charge"],"picked":"Rage+1","floor":35},{"not_picked":["Shrug It Off+1","Armaments","Ghostly Armor"],"picked":"Flex+1","floor":36},{"not_picked":["Seeing Red","Anger","Cleave+1","Pummel"],"picked":"SKIP","floor":38},{"not_picked":["Whirlwind+1","Intimidate","Shockwave+1","Clothesline+1"],"picked":"SKIP","floor":40},{"not_picked":["Iron Wave","Heavy Blade","Armaments"],"picked":"Spot Weakness","floor":41},{"not_picked":["Warcry+1","Sword Boomerang+1","Second Wind+1","Combust"],"picked":"SKIP","floor":42},{"not_picked":["Twin Strike","Heavy Blade+1","Barricade","Pommel Strike+1"],"picked":"SKIP","floor":44},{"not_picked":["Bloodletting+1","Sword Boomerang+1","Thunderclap+1","Pummel"],"picked":"SKIP","floor":48}],"player_experience":6176,"relics_obtained":[{"floor":6.0,"key":"Old Coin"},{"floor":8.0,"key":"Nunchaku"},{"floor":9.0,"key":"Pantograph"},{"floor":24,"key":"Boot"},{"floor":25,"key":"Enchiridion"},{"floor":26,"key":"Question Card"},{"floor":27,"key":"Regal Pillow"},{"floor":43,"key":"Mercury Hourglass"},{"floor":48,"key":"War Paint"}],"event_choices":[{"cards_removed":["Strike_R"],"damage_healed":0.0,"max_hp_gain":0.0,"max_hp_loss":0.0,"gold_gain":0.0,"event_name":"Golden Wing","player_choice":"Card Removal","floor":3.0,"gold_loss":0.0,"damage_taken":7.0},{"damage_healed":0.0,"max_hp_gain":0.0,"max_hp_loss":0.0,"gold_gain":0.0,"event_name":"Golden Idol","player_choice":"Take Damage","floor":5.0,"gold_loss":0.0,"damage_taken":20.0,"relics_obtained":["Golden Idol"]},{"damage_healed":0.0,"max_hp_gain":0.0,"max_hp_loss":0.0,"gold_gain":0.0,"cards_transformed":["Strike_R"],"event_name":"Transmorgrifier","player_choice":"Transformed","floor":11.0,"gold_loss":0.0,"damage_taken":0.0,"cards_obtained":["Carnage"]},{"damage_healed":0,"gold_gain":0,"player_choice":"Simplicity","damage_taken":0,"max_hp_gain":0,"max_hp_loss":0,"event_name":"Back to Basics","floor":20,"gold_loss":0,"cards_upgraded":["Strike_R","Strike_R","Defend_R","Defend_R","Defend_R","Defend_R"]},{"damage_healed":0,"gold_gain":99,"player_choice":"Stole From Cult","damage_taken":0,"max_hp_gain":0,"max_hp_loss":0,"event_name":"Nest","floor":21,"gold_loss":0},{"damage_healed":0,"gold_gain":0,"player_choice":"Obtained Book","damage_taken":16,"max_hp_gain":0,"max_hp_loss":0,"event_name":"Cursed Tome","floor":25,"gold_loss":0},{"cards_removed":["Anger"],"damage_healed":0,"gold_gain":0,"player_choice":"Gave Card","damage_taken":0,"relics_obtained":["Girya"],"max_hp_gain":0,"max_hp_loss":0,"event_name":"WeMeetAgain","floor":37,"gold_loss":0},{"damage_healed":70,"gold_gain":0,"player_choice":"Heal","damage_taken":0,"max_hp_gain":0,"max_hp_loss":10,"event_name":"The Moai Head","floor":46,"gold_loss":0},{"damage_healed":0,"gold_gain":0,"player_choice":"Upgrade","damage_taken":0,"relics_obtained":["Mark of the Bloom"],"max_hp_gain":0,"max_hp_loss":0,"event_name":"MindBloom","floor":47,"gold_loss":0,"cards_upgraded":["Bash","Thunderclap","Iron Wave","Clothesline","Whirlwind","Carnage","Inflame","Inflame","Twin Strike","Headbutt","Battle Trance","Barricade","Entrench","Spot Weakness"]}],"is_beta":false,"boss_relics":[{"not_picked":["Velvet Choker","Black Blood"],"picked":"Runic Pyramid"},{"not_picked":["Runic Cube","Runic Dome"],"picked":"Coffee Dripper"}],"items_purged_floors":[13,39],"is_endless":false,"potions_floor_spawned":[2,7,12,14,16,22,24,30,31,33,36,40,42,44],"ascension_level":0}}