{"host":"ju66gn9zov5ov15o","time":1608672209,"event":{"mods":["2.2 Compatiblity","Act Like it!","BaseMod","Downfall","GifTheSpireLib","Minty Spire (QoL Compilation)","Pale of the Ancients","StSLib"],"gold_per_floor":[99,109,209,223,223,223,294,310,342,342,361,376,386,414,428,533,533,533,552,572,572,583,343,367,367,367,367],"floor_reached":25,"playtime":2314,"items_purged":["hexamod:Defend"],"score":215,"play_id":"668a1e54-25b9-4d7f-8dcb-0ca96bbabe31","local_time":"20201222222329","is_ascension_mode":false,"campfire_choices":[{"data":"hexamod:Float","floor":1,"key":"SMITH"},{"data":"hexamod:RainOfEmbers","floor":6,"key":"SMITH"},{"data":"hexamod:SoulSteal","floor":10,"key":"SMITH"},{"floor":18,"key":"RECALL"}],"circlet_count":0,"master_deck":["hexamod:Strike","hexamod:Strike","hexamod:Strike","hexamod:Strike","hexamod:Defend","hexamod:Defend","hexamod:Defend","hexamod:Sear","hexamod:Float+1","hexamod:RainOfEmbers+1","hexamod:BurningTouch","hexamod:BacktrackSmack","hexamod:SoulSteal+1","hexamod:HauntingEcho","hexamod:GhostOfSpirePresent","hexamod:GhostflameInferno+1","hexamod:AdvancingGuard+1","hexamod:TimeOfNeed+1","hexamod:ChargedBarrage+1","hexamod:SwordOfDarkness","hexamod:Hexaguard+1","hexamod:SpectersWail+1","hexamod:VolcanoVisage"],"relics":["hexamod:SpiritBrand","Sundial","Lantern","Toxic Egg 2","hexamod:IceCube","Orichalcum"],"acts_visited":["Exordium","TheCity"],"potions_floor_usage":[16,16,16,23],"damage_taken":[{"damage":0,"enemies":"Small Slimes","floor":2,"turns":3},{"damage":0,"enemies":"Cultist","floor":4,"turns":3},{"damage":0,"enemies":"Jaw Worm","floor":8,"turns":4},{"damage":23,"enemies":"Lagavulin","floor":9,"turns":6},{"damage":12,"enemies":"Blue Slaver","floor":11,"turns":3},{"damage":0,"enemies":"Red Slaver","floor":12,"turns":3},{"damage":6,"enemies":"Large Slime","floor":13,"turns":4},{"damage":12,"enemies":"Gremlin Nob","floor":14,"turns":4},{"damage":0,"enemies":"3 Louse","floor":15,"turns":3},{"damage":30,"enemies":"downfall:Silent","floor":16,"turns":10},{"damage":9,"enemies":"Shell Parasite","floor":19,"turns":4},{"damage":6,"enemies":"3 Byrds","floor":20,"turns":4},{"damage":23,"enemies":"Centurion and Healer","floor":22,"turns":6},{"damage":0,"enemies":"downfall:FleeingMerchant","floor":23,"turns":4},{"damage":45,"enemies":"Gremlin Leader","floor":25,"turns":5}],"seed_played":"-2739818080808298009","potions_obtained":[{"floor":2,"key":"BlessingOfTheForge"},{"floor":9,"key":"Regen Potion"},{"floor":11,"key":"SkillPotion"},{"floor":20,"key":"Energy Potion"}],"is_trial":false,"path_per_floor":["R","M","?","M","?","R","T","M","E","R","M","M","M","E","M","B",null,"R","M","M","?","M","$","T","E"],"character_chosen":"THE_SPIRIT","items_purchased":["hexamod:VolcanoVisage"],"campfire_rested":0,"item_purchase_floors":[23],"current_hp_per_floor":[77,77,77,77,77,77,77,77,54,54,42,42,36,24,24,9,77,77,68,62,62,39,39,39,0,0,0],"gold":367,"neow_bonus":"TEN_PERCENT_HP_BONUS","is_daily":false,"chose_seed":false,"campfire_upgraded":3,"win_rate":0.0,"timestamp":1608672209,"path_taken":["R","M","?","M","?","R","T","M","E","R","M","M","?","E","M","BOSS","R","M","?","?","M","$","T","E"],"items_purchased_type":["Card"],"build_version":"2020-12-13","purchased_purges":1,"victory":false,"max_hp_per_floor":[77,77,77,77,77,77,77,77,77,77,77,77,77,77,77,77,77,77,77,77,77,77,77,77,77,77,77],"card_choices":[{"not_picked":["hexamod:GhostLash","hexamod:ThermalTransfer"],"picked":"hexamod:RainOfEmbers","floor":2},{"not_picked":["hexamod:EtherealExpedition","hexamod:SpectralAdrenaline"],"picked":"hexamod:BurningTouch","floor":4},{"not_picked":["hexamod:Firestarter","hexamod:BurningTouch"],"picked":"hexamod:BacktrackSmack","floor":8},{"not_picked":["hexamod:RetreatToShadows","hexamod:EmpoweredFlame"],"picked":"hexamod:SoulSteal","floor":9},{"not_picked":["hexamod:FourthSeal","hexamod:InspiringFlames"],"picked":"hexamod:HauntingEcho","floor":11},{"not_picked":["hexamod:EmpoweredFlame","hexamod:SearingWound"],"picked":"hexamod:GhostOfSpirePresent","floor":12},{"not_picked":["hexamod:NightmareGuise","hexamod:SoulSteal","hexamod:GhostLash"],"picked":"SKIP","floor":13},{"not_picked":["hexamod:EtherealExpedition+1","hexamod:BacktrackSmack"],"picked":"hexamod:GhostflameInferno+1","floor":14},{"not_picked":["hexamod:RetreatToShadows+1","hexamod:GhostOfSpirePast"],"picked":"hexamod:AdvancingGuard+1","floor":15},{"not_picked":["hexamod:UnleashSpirits","hexamod:CrushingStance"],"picked":"hexamod:TimeOfNeed+1","floor":16},{"not_picked":["hexamod:ShieldOfDarkness+1","hexamod:FirstSeal"],"picked":"hexamod:ChargedBarrage+1","floor":19},{"not_picked":["hexamod:RainOfEmbers","hexamod:GhostShield+1"],"picked":"hexamod:SwordOfDarkness","floor":20},{"not_picked":["hexamod:FirstSeal","hexamod:SwordOfDarkness"],"picked":"hexamod:Hexaguard+1","floor":22},{"not_picked":["hexamod:GhostLash","hexamod:Hexaguard+1"],"picked":"hexamod:SpectersWail+1","floor":23}],"player_experience":185681,"relics_obtained":[{"floor":7,"key":"Sundial"},{"floor":9,"key":"Lantern"},{"floor":14,"key":"Toxic Egg 2"},{"floor":24,"key":"Orichalcum"}],"event_choices":[{"damage_healed":0,"gold_gain":0,"player_choice":"Ignored","damage_taken":0,"max_hp_gain":0,"max_hp_loss":0,"event_name":"NoteForYourself","floor":5,"gold_loss":0},{"damage_healed":0,"gold_gain":0,"player_choice":"Ignored","damage_taken":0,"max_hp_gain":0,"max_hp_loss":0,"event_name":"Vampires","floor":21,"gold_loss":0}],"is_beta":false,"boss_relics":[{"not_picked":["Astrolabe","Philosopher\u0027s Stone"],"picked":"hexamod:IceCube"}],"items_purged_floors":[23],"is_endless":false,"potions_floor_spawned":[2,9,11,14,15,20],"killed_by":"Gremlin Leader","ascension_level":0}}