{"host":"4nqeo0vu1vuav7gg","time":1608670170,"event":{"mods":["AchievementEnabler","BaseMod","Block Reminder","Colored Map","Colored Powertips","Highlight Path","Minty Spire (QoL Compilation)","Quick Restart","Rare Cards Sparkle","Relic Relevance Reorder","StSLib"],"gold_per_floor":[110,120,120,32,45,88,88,132,132,282,3,3,17,58,58,154,154,173,173,173,186,55,55,89,0,47,47,64,64,64,64],"floor_reached":30,"playtime":1424,"items_purged":["Doubt","Injury"],"score":520,"play_id":"b08ac1b0-2724-4cee-83fe-1825a0bc4443","local_time":"20201222214930","is_ascension_mode":true,"campfire_choices":[{"data":"Zap","floor":7.0,"key":"SMITH"},{"floor":12.0,"key":"REST"},{"data":"Loop","floor":15.0,"key":"SMITH"},{"floor":23.0,"key":"REST"},{"floor":27.0,"key":"REST"}],"circlet_count":0,"master_deck":["AscendersBane","Strike_B","Strike_B","Strike_B","Strike_B","Defend_B","Defend_B","Defend_B","Defend_B","Zap+1","Dualcast","Glacier","Barrage","Capacitor","Barrage","Rainbow","Darkness","Loop+1","Rainbow","Creative AI","BootSequence","Chill","Fusion"],"relics":["Cracked Core","InkBottle","Cables","Incense Burner","Nilry\u0027s Codex","NeowsBlessing","Bottled Lightning","Anchor","Question Card","Black Star","Bloody Idol","Smiling Mask"],"acts_visited":["Exordium","TheCity"],"potions_floor_usage":[],"damage_taken":[{"damage":0.0,"enemies":"Small Slimes","floor":1.0,"turns":1.0},{"damage":0.0,"enemies":"Jaw Worm","floor":2.0,"turns":1.0},{"damage":0.0,"enemies":"2 Louse","floor":5.0,"turns":1.0},{"damage":27.0,"enemies":"3 Sentries","floor":6.0,"turns":11.0},{"damage":8.0,"enemies":"Lagavulin","floor":8.0,"turns":7.0},{"damage":9.0,"enemies":"Blue Slaver","floor":13.0,"turns":3.0},{"damage":0.0,"enemies":"Gremlin Nob","floor":14.0,"turns":4.0},{"damage":36.0,"enemies":"Slime Boss","floor":16.0,"turns":8.0},{"damage":38.0,"enemies":"3 Byrds","floor":18.0,"turns":6.0},{"damage":10.0,"enemies":"Shell Parasite","floor":21.0,"turns":6.0},{"damage":41.0,"enemies":"Slavers","floor":24.0,"turns":11.0},{"damage":14.0,"enemies":"Centurion and Healer","floor":28.0,"turns":8.0},{"damage":18,"enemies":"Snecko","floor":30,"turns":2}],"seed_played":"2076443741723263543","potions_obtained":[{"floor":1.0,"key":"FearPotion"},{"floor":5.0,"key":"DistilledChaos"},{"floor":8.0,"key":"EssenceOfSteel"},{"floor":13.0,"key":"Dexterity Potion"},{"floor":21.0,"key":"FearPotion"}],"is_trial":false,"path_per_floor":["M","M","?","$","M","E","R","E","T","?","$","R","M","E","R","B",null,"M","$","?","M","$","R","E","?","T","R","M","?","M"],"character_chosen":"DEFECT","items_purchased":["Capacitor","Anchor","Loop","Regen Potion"],"campfire_rested":3,"item_purchase_floors":[4,11,11,22],"current_hp_per_floor":[64,64,64,64,64,37,37,29,29,29,29,50,41,41,41,5,55,17,17,17,12,12,33,12,12,17,38,29,8,0,0],"gold":64,"neow_bonus":"THREE_ENEMY_KILL","is_daily":false,"chose_seed":false,"campfire_upgraded":2,"win_rate":0.0,"timestamp":1608670170,"path_taken":["M","M","?","$","M","E","R","E","T","?","?","R","M","E","R","BOSS","M","$","?","M","$","R","E","?","T","R","M","?","M"],"items_purchased_type":["Card","Relic","Card","Potion"],"build_version":"2020-12-13","purchased_purges":2,"victory":false,"max_hp_per_floor":[71,71,71,71,71,71,71,71,71,71,71,71,71,71,71,71,71,71,71,71,71,71,71,71,71,71,71,71,71,71,71],"card_choices":[{"not_picked":["Coolheaded","Sweeping Beam"],"picked":"Glacier","floor":1.0},{"not_picked":["Turbo","Melter"],"picked":"Barrage","floor":2.0},{"not_picked":["Rebound","Steam"],"picked":"Barrage","floor":5.0},{"not_picked":["Reprogram","Cold Snap"],"picked":"Rainbow","floor":6.0},{"not_picked":["Leap","Gash"],"picked":"Darkness","floor":8.0},{"not_picked":["Ball Lightning","Redo","Recycle"],"picked":"Rainbow","floor":13.0},{"not_picked":["Go for the Eyes","Rebound","Reinforced Body","Redo"],"picked":"SKIP","floor":14.0},{"not_picked":["Thunder Strike","Biased Cognition","Buffer"],"picked":"Creative AI","floor":16.0},{"not_picked":["Undo","Cold Snap","Scrape"],"picked":"BootSequence","floor":18.0},{"not_picked":["Turbo","Stack","Steam"],"picked":"Chill","floor":21.0},{"not_picked":["Compile Driver","Steam+1","Lockon"],"picked":"Fusion","floor":24.0},{"not_picked":["Scrape","Doom and Gloom","Hyperbeam","Storm"],"picked":"SKIP","floor":28.0}],"player_experience":984657,"relics_obtained":[{"floor":6.0,"key":"Incense Burner"},{"floor":8.0,"key":"Question Card"},{"floor":9.0,"key":"Bottled Lightning"},{"floor":14.0,"key":"Smiling Mask"},{"floor":24.0,"key":"InkBottle"},{"floor":24.0,"key":"Cables"},{"floor":29.0,"key":"Nilry\u0027s Codex"}],"event_choices":[{"damage_healed":0.0,"max_hp_gain":0.0,"max_hp_loss":0.0,"gold_gain":0.0,"event_name":"Golden Idol","player_choice":"Take Wound","floor":3.0,"gold_loss":0.0,"damage_taken":0.0,"relics_obtained":["Golden Idol"],"cards_obtained":["Injury"]},{"damage_healed":0.0,"max_hp_gain":0.0,"max_hp_loss":0.0,"gold_gain":150.0,"event_name":"Liars Game","player_choice":"AGREE","floor":10.0,"gold_loss":0.0,"damage_taken":0.0,"cards_obtained":["Doubt"]},{"damage_healed":0.0,"max_hp_gain":0.0,"max_hp_loss":0.0,"gold_gain":0.0,"event_name":"Forgotten Altar","player_choice":"Gave Idol","floor":20.0,"relics_lost":["Golden Idol"],"gold_loss":0.0,"damage_taken":0.0,"relics_obtained":["Bloody Idol"]},{"damage_healed":0.0,"max_hp_gain":0.0,"max_hp_loss":0.0,"gold_gain":0.0,"event_name":"Masked Bandits","player_choice":"Paid Fearfully","floor":25.0,"gold_loss":89.0,"damage_taken":0.0},{"damage_healed":0.0,"max_hp_gain":0.0,"max_hp_loss":0.0,"gold_gain":0.0,"event_name":"Cursed Tome","player_choice":"Obtained Book","floor":29.0,"gold_loss":0.0,"damage_taken":21.0}],"is_beta":false,"boss_relics":[{"not_picked":["Tiny House","Snecko Eye"],"picked":"Black Star"}],"items_purged_floors":[11,22],"is_endless":false,"potions_floor_spawned":[1,5,8,13,21],"killed_by":"Snecko","ascension_level":16}}