{"host":"03a85bwj0a5skoit","time":1608619138,"event":{"mods":["BaseMod","Block Reminder","Minty Spire (QoL Compilation)","Relic Stats","StSLib"],"gold_per_floor":[116,116,136,136,136,136,148,148,148,148,178,178,178,178],"floor_reached":13,"playtime":296,"items_purged":[],"score":162,"play_id":"e9690676-002e-44d9-be70-5dcc725848ae","local_time":"20201222170858","is_ascension_mode":true,"campfire_choices":[{"data":"Vigilance","floor":6,"key":"SMITH"},{"data":"TalkToTheHand","floor":8,"key":"SMITH"},{"floor":10,"key":"REST"}],"circlet_count":0,"master_deck":["AscendersBane","Strike_P","Strike_P+1","Strike_P","Defend_P","Defend_P","Defend_P","Defend_P+1","Eruption+1","Vigilance+1","BattleHymn","TalkToTheHand+1","Crescendo","Tantrum"],"relics":["SlaversCollar","Orichalcum","Bronze Scales","Bottled Tornado"],"acts_visited":["Exordium"],"potions_floor_usage":[11,13],"damage_taken":[{"damage":4,"enemies":"2 Louse","floor":1,"turns":4},{"damage":2,"enemies":"Jaw Worm","floor":3,"turns":4},{"damage":4,"enemies":"Small Slimes","floor":7,"turns":5},{"damage":27,"enemies":"3 Sentries","floor":11,"turns":5},{"damage":18,"enemies":"Lagavulin","floor":13,"turns":3}],"seed_played":"-2198597733538795962","potions_obtained":[{"floor":1,"key":"DuplicationPotion"},{"floor":11,"key":"Dexterity Potion"}],"is_trial":false,"path_per_floor":["M","?","M","?","?","R","M","R","T","R","E","?","E"],"character_chosen":"WATCHER","items_purchased":[],"campfire_rested":1,"item_purchase_floors":[],"current_hp_per_floor":[57,46,44,24,17,17,13,13,13,33,6,6,0,0],"gold":178,"neow_bonus":"BOSS_RELIC","is_daily":false,"chose_seed":false,"campfire_upgraded":2,"win_rate":0.0,"timestamp":1608619138,"path_taken":["M","?","M","?","?","R","M","R","T","R","E","?","E"],"items_purchased_type":[],"build_version":"2020-12-13","purchased_purges":0,"victory":false,"max_hp_per_floor":[68,68,68,68,68,68,68,68,68,68,68,68,68,68],"relic_stats":{"counters":[5,21],"Bronze Scales":[15],"Orichalcum":[18],"obtain_stats":[{"SlaversCollar":0,"Bronze Scales":9,"PureWater":0,"Orichalcum":2,"Bottled Tornado":11},{"SlaversCollar":0,"Bronze Scales":3,"PureWater":0,"Orichalcum":1,"Bottled Tornado":4},{"SlaversCollar":0,"Bronze Scales":13,"PureWater":0,"Orichalcum":4,"Bottled Tornado":18}]},"card_choices":[{"not_picked":["Wireheading","EmptyFist"],"picked":"BattleHymn","floor":1},{"not_picked":["FollowUp","CrushJoints"],"picked":"TalkToTheHand","floor":3},{"not_picked":["Prostrate","EmptyMind"],"picked":"Crescendo","floor":7},{"not_picked":["Collect","WindmillStrike"],"picked":"Tantrum","floor":11}],"player_experience":2293635,"relics_obtained":[{"floor":9,"key":"Bronze Scales"},{"floor":11,"key":"Bottled Tornado"}],"event_choices":[{"damage_healed":0,"gold_gain":0,"player_choice":"Success","damage_taken":11,"relics_obtained":["Orichalcum"],"max_hp_gain":0,"max_hp_loss":0,"event_name":"Scrap Ooze","floor":2,"gold_loss":0},{"damage_healed":0,"gold_gain":0,"player_choice":"Entered Light","damage_taken":20,"max_hp_gain":0,"max_hp_loss":0,"event_name":"Shining Light","floor":4,"gold_loss":0,"cards_upgraded":["Strike_P","Defend_P"]},{"cards_removed":["Strike_P"],"damage_healed":0,"gold_gain":0,"player_choice":"Card Removal","damage_taken":7,"max_hp_gain":0,"max_hp_loss":0,"event_name":"Golden Wing","floor":5,"gold_loss":0},{"damage_healed":0,"gold_gain":0,"player_choice":"Grow","damage_taken":0,"max_hp_gain":0,"max_hp_loss":0,"event_name":"Living Wall","floor":12,"gold_loss":0,"cards_upgraded":["Eruption"]}],"is_beta":false,"boss_relics":[],"items_purged_floors":[],"is_endless":false,"potions_floor_spawned":[1,11],"killed_by":"Lagavulin","ascension_level":20}}