{"host":"u8v3smlhv612t412","time":1608647163,"event":{"mods":["BaseMod","Better Altar","Better Match","Better Note","Better Skull","Better Third Choice","BetterRewards","Colored Powertips","DeckTracker","Minty Spire (QoL Compilation)","Quick Restart","Rare Cards Sparkle","Relic Stats","Spicy Shops","StSLib","slay the spire mod where everything is the same but ironclad has a cowboy hat"],"gold_per_floor":[112,62,162,178,190,221,237,237,237,15,41,41,57,73,73,175,175,188,199,21,21,32,32,51,51,51,51,0,0,35,35,35,139,139,159,159,209,219,239,239,239,239,262,11,11,0,0,15,15,15,15],"floor_reached":50,"playtime":2480,"items_purged":["Strike_P","Strike_P","Injury"],"score":569,"play_id":"f627b6c2-b07f-4803-ac18-250ef9563161","local_time":"20201222092603","is_ascension_mode":true,"campfire_choices":[{"data":"Establishment","floor":8.0,"key":"SMITH"},{"floor":12.0,"key":"REST"},{"floor":15,"key":"REST"},{"data":"MasterReality","floor":23,"key":"SMITH"},{"data":"Vigilance","floor":25,"key":"SMITH"},{"data":"ClearTheMind","floor":27,"key":"SMITH"},{"data":"ClearTheMind","floor":29,"key":"SMITH"},{"floor":32,"key":"REST"},{"floor":40,"key":"REST"},{"floor":42,"key":"REST"},{"data":"ClearTheMind","floor":45,"key":"SMITH"},{"floor":49,"key":"REST"}],"circlet_count":0,"master_deck":["Vigilance+1","FollowUp+1","BowlingBash+1","Establishment+1","FlurryOfBlows+1","CrushJoints+1","FearNoEvil+1","LikeWater","ClearTheMind+1","Consecrate+1","DeusExMachina","ClearTheMind+1","MentalFortress","FlurryOfBlows+1","EmptyBody","InnerPeace","Consecrate+1","BattleHymn","EmptyMind","MasterReality+1","SandsOfTime+1","ClearTheMind+1","Halt","Halt+1","Evaluate","Alpha","FollowUp+1","WreathOfFlame+1","FollowUp+1","Evaluate+1","Swift Strike+1","Crescendo+1","Crescendo+1","Tantrum+1","Crescendo"],"relics":["PureWater","Molten Egg 2","Yang","Orrery","Kunai","Turnip","TungstenRod","Empty Cage","StoneCalendar","Ornamental Fan","Astrolabe","WingedGreaves","Pen Nib","Lantern","Red Mask"],"acts_visited":["Exordium","TheCity","TheBeyond"],"potions_floor_usage":[18,18,24,30,30,48,50],"damage_taken":[{"damage":0.0,"enemies":"Jaw Worm","floor":1.0,"turns":3.0},{"damage":0.0,"enemies":"2 Louse","floor":4.0,"turns":2.0},{"damage":0.0,"enemies":"Cultist","floor":5.0,"turns":2.0},{"damage":6.0,"enemies":"Lagavulin","floor":6.0,"turns":6.0},{"damage":4.0,"enemies":"Gremlin Gang","floor":7.0,"turns":3.0},{"damage":20.0,"enemies":"3 Sentries","floor":11.0,"turns":5.0},{"damage":14.0,"enemies":"Lots of Slimes","floor":13.0,"turns":2.0},{"damage":0,"enemies":"Exordium Thugs","floor":14,"turns":2},{"damage":0,"enemies":"Slime Boss","floor":16,"turns":7},{"damage":6,"enemies":"2 Thieves","floor":18,"turns":4},{"damage":19,"enemies":"Shell Parasite","floor":19,"turns":4},{"damage":0,"enemies":"3 Cultists","floor":22,"turns":3},{"damage":12,"enemies":"Centurion and Healer","floor":24,"turns":6},{"damage":36,"enemies":"Slavers","floor":30,"turns":4},{"damage":5,"enemies":"Collector","floor":33,"turns":7},{"damage":10,"enemies":"Orb Walker","floor":35,"turns":4},{"damage":0,"enemies":"Mind Bloom Boss Battle","floor":37,"turns":4},{"damage":26,"enemies":"3 Darklings","floor":38,"turns":6},{"damage":30,"enemies":"Jaw Worm Horde","floor":39,"turns":4},{"damage":17,"enemies":"Spire Growth","floor":48,"turns":5},{"damage":57,"enemies":"Awakened One","floor":50,"turns":3}],"seed_played":"813093397725884799","potions_obtained":[{"floor":1.0,"key":"BlessingOfTheForge"},{"floor":13.0,"key":"ColorlessPotion"},{"floor":14,"key":"Swift Potion"},{"floor":16,"key":"ColorlessPotion"},{"floor":22,"key":"Regen Potion"},{"floor":24,"key":"ColorlessPotion"},{"floor":35,"key":"BlessingOfTheForge"},{"floor":38,"key":"SkillPotion"}],"is_trial":false,"path_per_floor":["M","?","?","M","M","E","M","R","T","$","E","R","M","M","R","B",null,"M","M","$","?","M","R","M","R","T","R","?","R","E","$","R","B",null,"M","?","?","M","M","R","?","R","T","$","R","?","?","M","R","B"],"character_chosen":"WATCHER","items_purchased":["Molten Egg 2","FollowUp+1","Yang","Orrery","LikeWater","ClearTheMind","Consecrate+1","InnerPeace","Consecrate+1","Halt","Lantern","Ambrosia"],"campfire_rested":6,"item_purchase_floors":[0,0,0,0,0,0,0,10,10,20,44,44],"current_hp_per_floor":[40,40,40,40,40,34,30,30,30,30,10,31,17,17,38,38,72,66,47,47,47,47,47,50,50,50,50,50,50,14,14,35,30,72,62,62,62,36,6,27,27,48,48,48,48,48,48,31,52,0,0],"gold":15,"neow_bonus":"","is_daily":false,"chose_seed":false,"campfire_upgraded":6,"win_rate":0.0,"timestamp":1608647163,"path_taken":["M","?","?","?","?","E","M","R","T","$","E","R","M","?","R","BOSS","M","M","$","?","?","R","M","R","T","R","?","R","E","?","R","BOSS","M","?","?","M","M","R","?","R","T","$","R","?","?","M","R","BOSS"],"items_purchased_type":["Relic","Card","Relic","Relic","Card","Card","Card","Card","Card","Card","Relic","Potion"],"build_version":"2020-12-13","purchased_purges":3,"victory":false,"max_hp_per_floor":[72,72,72,72,72,72,72,72,72,72,72,72,72,72,72,72,72,72,72,72,72,72,72,72,72,72,72,72,72,72,72,72,72,72,72,72,72,72,72,72,72,72,72,72,72,72,72,72,72,72,72],"relic_stats":{"counters":[92,359],"Ornamental Fan":[108],"Astrolabe":["FollowUp","WreathOfFlame","FollowUp"],"Yang":[246],"StoneCalendar":[0],"Turnip":[12],"Pen Nib":[2],"Kunai":[49],"obtain_stats":[{"Lantern":0,"Tiny House":17,"Torii":0,"Nilry\u0027s Codex":21,"CeramicFish":0,"SacredBark":34,"Yang":0,"StoneCalendar":26,"Juzu Bracelet":0,"TeardropLocket":9,"Ginger":25,"Smiling Mask":9,"Ancient Tea Set":0,"Empty Cage":17,"Matryoshka":0,"Sundial":30,"Mummified Hand":0,"Strawberry":0,"VioletLotus":17,"WingedGreaves":37,"Red Mask":46,"Kunai":6,"Toxic Egg 2":13,"InkBottle":26,"Pear":7,"Happy Flower":26,"Golden Idol":4,"Blue Candle":5,"Astrolabe":34,"PreservedInsect":7,"Pen Nib":43,"Omamori":19,"Letter Opener":10,"War Paint":27,"Frozen Egg 2":0,"Orichalcum":24,"Anchor":24,"Bottled Flame":7,"Ornamental Fan":30,"Orrery":0,"Molten Egg 2":0,"Turnip":9,"Art of War":21,"Bag of Marbles":0,"Membership Card":0,"PureWater":0,"TungstenRod":11},{"Lantern":0,"Tiny House":10,"Torii":16,"Nilry\u0027s Codex":64,"CeramicFish":16,"SacredBark":33,"Yang":71,"StoneCalendar":84,"Juzu Bracelet":48,"TeardropLocket":6,"Ginger":30,"Smiling Mask":47,"Ancient Tea Set":48,"Empty Cage":80,"Matryoshka":37,"Sundial":32,"Mummified Hand":52,"Strawberry":48,"VioletLotus":25,"WingedGreaves":88,"Red Mask":90,"Kunai":75,"Toxic Egg 2":8,"InkBottle":30,"Pear":57,"Happy Flower":65,"Golden Idol":69,"Blue Candle":19,"Astrolabe":86,"PreservedInsect":41,"Pen Nib":90,"Omamori":26,"Letter Opener":7,"War Paint":31,"Frozen Egg 2":42,"Orichalcum":65,"Anchor":15,"Bottled Flame":21,"Ornamental Fan":85,"Orrery":71,"Molten Egg 2":52,"Turnip":76,"Art of War":27,"Bag of Marbles":37,"Membership Card":42,"PureWater":0,"TungstenRod":77},{"Lantern":0,"Tiny House":38,"Torii":70,"Nilry\u0027s Codex":249,"CeramicFish":70,"SacredBark":130,"Yang":273,"StoneCalendar":322,"Juzu Bracelet":192,"TeardropLocket":22,"Ginger":117,"Smiling Mask":186,"Ancient Tea Set":192,"Empty Cage":305,"Matryoshka":143,"Sundial":125,"Mummified Hand":207,"Strawberry":192,"VioletLotus":97,"WingedGreaves":341,"Red Mask":351,"Kunai":286,"Toxic Egg 2":31,"InkBottle":117,"Pear":222,"Happy Flower":255,"Golden Idol":265,"Blue Candle":77,"Astrolabe":333,"PreservedInsect":164,"Pen Nib":351,"Omamori":100,"Letter Opener":28,"War Paint":121,"Frozen Egg 2":166,"Orichalcum":255,"Anchor":65,"Bottled Flame":85,"Ornamental Fan":326,"Orrery":273,"Molten Egg 2":207,"Turnip":289,"Art of War":103,"Bag of Marbles":143,"Membership Card":166,"PureWater":0,"TungstenRod":294}],"TungstenRod":35},"card_choices":[{"not_picked":["FlyingSleeves+1","EmptyBody"],"picked":"BowlingBash+1","floor":0.0},{"not_picked":["Worship","Protect"],"picked":"Establishment","floor":0.0},{"not_picked":["JustLucky+1","Conclude+1"],"picked":"FlurryOfBlows+1","floor":0.0},{"not_picked":["Wallop+1","CutThroughFate+1"],"picked":"CrushJoints+1","floor":0.0},{"not_picked":["BattleHymn","ClearTheMind"],"picked":"FearNoEvil+1","floor":0.0},{"not_picked":["Crescendo","JustLucky+1"],"picked":"DeusExMachina","floor":1.0},{"not_picked":["Conclude+1","BowlingBash+1"],"picked":"ClearTheMind","floor":4.0},{"not_picked":["DeceiveReality","Evaluate"],"picked":"MentalFortress","floor":5.0},{"not_picked":["BowlingBash+1","CutThroughFate+1"],"picked":"FlurryOfBlows+1","floor":6.0},{"not_picked":["Wallop+1","Prostrate"],"picked":"EmptyBody","floor":7.0},{"not_picked":["BowlingBash+1","Prostrate"],"picked":"BattleHymn","floor":11.0},{"not_picked":["EmptyFist+1","CutThroughFate+1","BowlingBash+1"],"picked":"SKIP","floor":13.0},{"not_picked":["Wish","DeceiveReality"],"picked":"EmptyMind","floor":14},{"not_picked":["Blasphemy","Brilliance+1"],"picked":"MasterReality","floor":16},{"not_picked":["Vengeance","EmptyBody+1"],"picked":"SandsOfTime+1","floor":18},{"not_picked":["Swivel+1","BattleHymn"],"picked":"ClearTheMind","floor":19},{"not_picked":["Worship","Adaptation"],"picked":"Halt+1","floor":22},{"not_picked":["CrushJoints+1","Nirvana","Collect"],"picked":"SKIP","floor":24},{"not_picked":["Weave+1","FearNoEvil+1"],"picked":"Evaluate","floor":30},{"not_picked":["DeusExMachina","Ragnarok+1"],"picked":"Alpha","floor":33},{"not_picked":["WheelKick+1","BowlingBash+1"],"picked":"Evaluate+1","floor":35},{"not_picked":["Flash of Steel+1","Discovery"],"picked":"Swift Strike+1","floor":36},{"not_picked":["FlyingSleeves+1","CutThroughFate+1"],"picked":"Crescendo+1","floor":37},{"not_picked":["ForeignInfluence+1","Prostrate"],"picked":"Crescendo+1","floor":38},{"not_picked":["Fasting2+1","Crescendo"],"picked":"Tantrum+1","floor":39},{"not_picked":["Meditate","Consecrate+1"],"picked":"Crescendo","floor":48}],"player_experience":477106,"relics_obtained":[{"floor":6.0,"key":"Kunai"},{"floor":9.0,"key":"Turnip"},{"floor":11.0,"key":"TungstenRod"},{"floor":26,"key":"StoneCalendar"},{"floor":30,"key":"Ornamental Fan"},{"floor":37,"key":"WingedGreaves"},{"floor":43,"key":"Pen Nib"}],"event_choices":[{"cards_removed":["Defend_P"],"damage_healed":0.0,"max_hp_gain":0.0,"max_hp_loss":0.0,"gold_gain":0.0,"event_name":"The Cleric","player_choice":"Card Removal","floor":2.0,"gold_loss":50.0,"damage_taken":0.0},{"damage_healed":0.0,"max_hp_gain":0.0,"max_hp_loss":0.0,"gold_gain":100.0,"event_name":"Golden Shrine","player_choice":"Pray","floor":3.0,"gold_loss":0.0,"damage_taken":0.0},{"damage_healed":0,"gold_gain":0,"player_choice":"Upgraded","damage_taken":0,"max_hp_gain":0,"max_hp_loss":0,"event_name":"Upgrade Shrine","floor":21,"gold_loss":0,"cards_upgraded":["Eruption"]},{"damage_healed":0,"gold_gain":0,"player_choice":"Paid Fearfully","damage_taken":0,"max_hp_gain":0,"max_hp_loss":0,"event_name":"Masked Bandits","floor":28,"gold_loss":51},{"damage_healed":0,"gold_gain":0,"player_choice":"Memory 1","damage_taken":0,"max_hp_gain":0,"max_hp_loss":0,"event_name":"SensoryStone","floor":36,"gold_loss":0},{"damage_healed":0,"gold_gain":0,"player_choice":"Fight","damage_taken":0,"max_hp_gain":0,"max_hp_loss":0,"event_name":"MindBloom","floor":37,"gold_loss":0},{"damage_healed":0,"gold_gain":0,"player_choice":"Ignored","damage_taken":0,"max_hp_gain":0,"max_hp_loss":0,"event_name":"Mysterious Sphere","floor":41,"gold_loss":0},{"damage_healed":0,"gold_gain":0,"player_choice":"Paid","damage_taken":0,"relics_obtained":["Red Mask"],"max_hp_gain":0,"max_hp_loss":0,"event_name":"Tomb of Lord Red Mask","floor":46,"gold_loss":11},{"cards_removed":["Eruption"],"damage_healed":0,"gold_gain":0,"player_choice":"Removed Attack","damage_taken":0,"max_hp_gain":0,"max_hp_loss":0,"event_name":"Falling","floor":47,"gold_loss":0}],"is_beta":false,"boss_relics":[{"not_picked":["Runic Dome","Busted Crown"],"picked":"Empty Cage"},{"not_picked":["Fusion Hammer","Philosopher\u0027s Stone"],"picked":"Astrolabe"}],"items_purged_floors":[0,10,20],"is_endless":false,"potions_floor_spawned":[1,13,14,16,22,24,35,38],"killed_by":"Awakened One","ascension_level":1}}