{"host":"2n2g1vowfllvjtvi","time":1608622379,"event":{"mods":["AchievementEnabler","BaseMod","Custom Start","GifTheSpireLib","Keyboard Shortcuts","Minty Spire (QoL Compilation)","Quick Restart","Rare Cards Sparkle","StSLib","SuperFastMode"],"gold_per_floor":[109,109,109,28,28,57,69,82,107,124,155,155,155,184,184,260,260,279,204,219,96,0,0,0,0,49,49,67,96,96,141,141,215,215,227,243,51,51,1,1,1,31,31,31,31,31,31],"floor_reached":46,"playtime":979,"items_purged":["Strike_B","Defend_B","Defend_B"],"score":915,"play_id":"cc4b1737-4b9f-4856-967f-48beeb73174b","local_time":"20201222163259","is_ascension_mode":true,"campfire_choices":[{"data":"Darkness","floor":13.0,"key":"SMITH"},{"data":"Defragment","floor":15.0,"key":"SMITH"},{"data":"Redo","floor":23.0,"key":"SMITH"},{"data":"Defragment","floor":25.0,"key":"SMITH"},{"data":"Multi-Cast","floor":27.0,"key":"SMITH"},{"floor":30.0,"key":"REST"},{"floor":32.0,"key":"REST"},{"data":"Dualcast","floor":40.0,"key":"SMITH"}],"circlet_count":0,"master_deck":["AscendersBane","Defend_B","Defend_B","Zap","Dualcast+1","Go for the Eyes","Darkness+1","Chill","Glacier","Sunder","Beam Cell","Defragment+1","Multi-Cast+1","Redo+1","Defragment+1","Compile Driver+1","Meteor Strike","Meteor Strike","Turbo+1"],"relics":["Cracked Core","NeowsBlessing","Art of War","Mercury Hourglass","Smiling Mask","Juzu Bracelet","FaceOfCleric","Turnip","Runic Pyramid","Potion Belt","Sundial","FossilizedHelix","Philosopher\u0027s Stone","Nunchaku","Eternal Feather"],"acts_visited":["Exordium","TheCity","TheBeyond"],"potions_floor_usage":[42],"damage_taken":[{"damage":0.0,"enemies":"Jaw Worm","floor":1.0,"turns":1.0},{"damage":0.0,"enemies":"Lagavulin","floor":6.0,"turns":1.0},{"damage":0.0,"enemies":"Small Slimes","floor":7.0,"turns":1.0},{"damage":0.0,"enemies":"Cultist","floor":8.0,"turns":4.0},{"damage":0.0,"enemies":"Looter","floor":10.0,"turns":2.0},{"damage":20.0,"enemies":"3 Sentries","floor":11.0,"turns":7.0},{"damage":4.0,"enemies":"Lagavulin","floor":14.0,"turns":6.0},{"damage":7.0,"enemies":"Hexaghost","floor":16.0,"turns":10.0},{"damage":0.0,"enemies":"Chosen","floor":18.0,"turns":4.0},{"damage":7.0,"enemies":"2 Thieves","floor":20.0,"turns":3.0},{"damage":0.0,"enemies":"Snake Plant","floor":28.0,"turns":4.0},{"damage":23.0,"enemies":"Book of Stabbing","floor":29.0,"turns":5.0},{"damage":30.0,"enemies":"Slavers","floor":31.0,"turns":5.0},{"damage":5.0,"enemies":"Champ","floor":33.0,"turns":8.0},{"damage":0.0,"enemies":"3 Shapes","floor":35.0,"turns":4.0},{"damage":24.0,"enemies":"3 Darklings","floor":36.0,"turns":6.0},{"damage":42,"enemies":"Reptomancer","floor":42,"turns":7},{"damage":0,"enemies":"Sphere and 2 Shapes","floor":46,"turns":3}],"seed_played":"-336847612895650993","potions_obtained":[{"floor":1.0,"key":"Block Potion"},{"floor":11.0,"key":"SkillPotion"},{"floor":16.0,"key":"DistilledChaos"},{"floor":28.0,"key":"PotionOfCapacity"},{"floor":29.0,"key":"ColorlessPotion"},{"floor":36.0,"key":"Weak Potion"}],"is_trial":false,"path_per_floor":["M","?","?","$","?","E","M","M","T","M","E","?","R","E","R","B",null,"M","?","M","$","?","R","?","R","T","R","M","E","R","E","R","B",null,"M","M","$","?","$","R","?","E","T","$","?","M"],"character_chosen":"DEFECT","items_purchased":["Darkness","Defragment","Meteor Strike"],"campfire_rested":2,"item_purchase_floors":[4,21,37],"current_hp_per_floor":[64,69,64,64,64,64,64,64,64,64,44,44,44,41,41,35,67,68,68,62,62,62,62,62,62,62,62,63,41,65,36,60,56,77,78,55,55,55,55,55,55,14,14,14,14,14,14],"gold":31,"neow_bonus":"THREE_ENEMY_KILL","is_daily":false,"chose_seed":false,"campfire_upgraded":6,"win_rate":0.0,"timestamp":1608622379,"path_taken":["M","?","?","$","?","E","M","?","T","M","E","?","R","E","R","BOSS","M","?","M","$","?","R","?","R","T","R","M","E","R","E","R","BOSS","M","M","$","?","$","R","?","E","T","$","?","M"],"items_purchased_type":["Card","Card","Card"],"build_version":"2020-12-13","purchased_purges":3,"victory":false,"max_hp_per_floor":[71,76,76,76,76,76,76,76,76,76,76,76,76,77,77,78,78,79,79,80,80,80,80,80,80,80,80,81,82,82,83,83,84,84,85,86,86,86,86,86,86,87,87,87,83,83,83],"card_choices":[{"not_picked":["Fusion","Melter"],"picked":"Go for the Eyes","floor":1.0},{"not_picked":["Turbo","Steam Power"],"picked":"Chill","floor":6.0},{"not_picked":["Steam Power","Blizzard"],"picked":"Glacier","floor":7.0},{"not_picked":["Beam Cell","BootSequence"],"picked":"Sunder","floor":8.0},{"not_picked":["Hello World","Coolheaded"],"picked":"Beam Cell","floor":10.0},{"not_picked":["Lockon","Barrage","Rebound"],"picked":"SKIP","floor":11.0},{"not_picked":["Cold Snap","Coolheaded"],"picked":"Defragment","floor":14.0},{"not_picked":["Biased Cognition","Amplify"],"picked":"Multi-Cast","floor":16.0},{"not_picked":["Compile Driver","Reprogram+1","Go for the Eyes"],"picked":"SKIP","floor":18.0},{"not_picked":["Coolheaded","Turbo"],"picked":"Redo","floor":20.0},{"not_picked":["Go for the Eyes","Steam+1","Sweeping Beam"],"picked":"SKIP","floor":28.0},{"not_picked":["Gash","Consume","Compile Driver+1"],"picked":"SKIP","floor":29.0},{"not_picked":["Gash","Consume"],"picked":"Compile Driver+1","floor":29.0},{"not_picked":["Hello World","Consume","Blizzard"],"picked":"SKIP","floor":31.0},{"not_picked":["Creative AI","Core Surge"],"picked":"Meteor Strike","floor":33.0},{"not_picked":["Storm","Steam+1","Ball Lightning+1"],"picked":"SKIP","floor":35.0},{"not_picked":["Glacier","Redo","Fusion"],"picked":"SKIP","floor":36.0},{"not_picked":["Consume","Sunder+1"],"picked":"Turbo+1","floor":42}],"player_experience":438318,"relics_obtained":[{"floor":6.0,"key":"Mercury Hourglass"},{"floor":9.0,"key":"Smiling Mask"},{"floor":11.0,"key":"Juzu Bracelet"},{"floor":14.0,"key":"Turnip"},{"floor":26.0,"key":"Potion Belt"},{"floor":29.0,"key":"Sundial"},{"floor":31.0,"key":"FossilizedHelix"},{"floor":42,"key":"Nunchaku"},{"floor":43,"key":"Eternal Feather"}],"event_choices":[{"damage_healed":0.0,"max_hp_gain":5.0,"max_hp_loss":0.0,"gold_gain":0.0,"event_name":"Big Fish","player_choice":"Donut","floor":2.0,"gold_loss":0.0,"damage_taken":0.0},{"damage_healed":0.0,"max_hp_gain":0.0,"max_hp_loss":0.0,"gold_gain":0.0,"event_name":"Scrap Ooze","player_choice":"Success","floor":3.0,"gold_loss":0.0,"damage_taken":5.0,"relics_obtained":["Art of War"]},{"cards_removed":["Strike_B"],"damage_healed":0.0,"max_hp_gain":0.0,"max_hp_loss":0.0,"gold_gain":0.0,"event_name":"Living Wall","player_choice":"Forget","floor":5.0,"gold_loss":0.0,"damage_taken":0.0},{"damage_healed":0.0,"max_hp_gain":0.0,"max_hp_loss":0.0,"gold_gain":0.0,"event_name":"FaceTrader","player_choice":"Trade","floor":12.0,"gold_loss":0.0,"damage_taken":0.0,"relics_obtained":["FaceOfCleric"]},{"cards_removed":["Strike_B"],"damage_healed":0.0,"max_hp_gain":0.0,"max_hp_loss":0.0,"gold_gain":0.0,"event_name":"Beggar","player_choice":"Gave Gold","floor":19.0,"gold_loss":75.0,"damage_taken":0.0},{"damage_healed":0.0,"max_hp_gain":0.0,"max_hp_loss":0.0,"gold_gain":0.0,"event_name":"Masked Bandits","player_choice":"Paid Fearfully","floor":22.0,"gold_loss":96.0,"damage_taken":0.0},{"cards_removed":["Strike_B"],"damage_healed":0.0,"max_hp_gain":0.0,"max_hp_loss":0.0,"gold_gain":0.0,"event_name":"Bonfire Elementals","player_choice":"Offered Basic","floor":24.0,"gold_loss":0.0,"damage_taken":0.0},{"damage_healed":0.0,"max_hp_gain":0.0,"max_hp_loss":0.0,"gold_gain":0.0,"event_name":"Match and Keep!","player_choice":"0 cards matched","floor":38.0,"gold_loss":0.0,"damage_taken":0.0,"cards_obtained":[]},{"damage_healed":0,"gold_gain":0,"player_choice":"Ignored","damage_taken":0,"max_hp_gain":0,"max_hp_loss":0,"event_name":"Mysterious Sphere","floor":41,"gold_loss":0},{"damage_healed":0,"gold_gain":0,"player_choice":"Max HP","damage_taken":0,"max_hp_gain":0,"max_hp_loss":4,"event_name":"Winding Halls","floor":45,"gold_loss":0}],"is_beta":false,"boss_relics":[{"not_picked":["Black Star","Velvet Choker"],"picked":"Runic Pyramid"},{"not_picked":["Coffee Dripper","Pandora\u0027s Box"],"picked":"Philosopher\u0027s Stone"}],"items_purged_floors":[21,37,39],"is_endless":false,"potions_floor_spawned":[1,11,16,28,29,36],"killed_by":"Sphere and 2 Shapes","ascension_level":15}}