{"host":"qy6st0zp32tctd9l","time":1608626596,"event":{"mods":["AchievementEnabler","BaseMod","Colored Map","Downfall","Hermit","Marisa£®ÏF”Í°°ƒß¿Ì…≥£©","Minty Spire (QoL Compilation)","Remilia£®¿Ÿ√◊¿Ú—«£©","StSLib","The Cursed","The Servant 0.9.4","UnlockEverythingMod"],"gold_per_floor":[15,35,54,68,88,114,114,126,126,126,138,148,148,148],"floor_reached":13,"playtime":508,"items_purged":[],"score":141,"play_id":"44d77c5a-df43-4dde-9b2a-928bf287159e","local_time":"20201222164316","is_ascension_mode":true,"campfire_choices":[{"floor":7,"key":"RECALL"}],"circlet_count":0,"master_deck":["AscendersBane","Strike_MRS","Strike_MRS","Defend_MRS","Defend_MRS","Defend_MRS","Defend_MRS","MasterSpark","UpSweep+1","MagicChant","GalacticHalo","MilkyWay+1","NonDirectionalLaser","GrandCross+1","Acceleration","LuminesStrike","TreasureHunter","WitchOfGreed","SporeBomb","SuperPerseids"],"relics":["MiniHakkero","Whetstone"],"acts_visited":["Exordium"],"potions_floor_usage":[12,13],"damage_taken":[{"damage":1.0,"enemies":"Cultist","floor":1.0,"turns":3.0},{"damage":0.0,"enemies":"Small Slimes","floor":2.0,"turns":3.0},{"damage":3.0,"enemies":"2 Louse","floor":3.0,"turns":2.0},{"damage":13,"enemies":"Gremlin Gang","floor":4,"turns":6},{"damage":7,"enemies":"3 Louse","floor":5,"turns":3},{"damage":15,"enemies":"3 Sentries","floor":6,"turns":8},{"damage":0,"enemies":"Large Slime","floor":8,"turns":4},{"damage":10,"enemies":"Lots of Slimes","floor":11,"turns":3},{"damage":7,"enemies":"Exordium Thugs","floor":12,"turns":2},{"damage":15,"enemies":"Gremlin Nob","floor":13,"turns":2}],"seed_played":"487674643670220206","potions_obtained":[{"floor":5,"key":"Weak Potion"},{"floor":11,"key":"Slimebound:ThreeZeroPotion"}],"is_trial":false,"path_per_floor":["M","M","M","M","M","E","R","M","T","?","M","M","E"],"character_chosen":"MARISA","items_purchased":[],"campfire_rested":0,"item_purchase_floors":[],"current_hp_per_floor":[67,67,64,51,44,29,29,29,29,29,19,12,0,0],"gold":148,"neow_bonus":"TRANSFORM_TWO_CARDS","is_daily":false,"chose_seed":false,"campfire_upgraded":0,"win_rate":0.0,"timestamp":1608626596,"path_taken":["M","M","?","M","M","E","R","M","T","?","M","?","E"],"items_purchased_type":[],"build_version":"2020-12-13","purchased_purges":0,"victory":false,"max_hp_per_floor":[75,75,75,75,75,75,75,75,75,75,75,75,75,75],"card_choices":[{"not_picked":["AsteroidBelt","MagicChant"],"picked":"MilkyWay","floor":1.0},{"not_picked":["UnstableBomb","AsteroidBelt"],"picked":"NonDirectionalLaser","floor":2.0},{"not_picked":["FairyDestructionRay","MysteriousBeam"],"picked":"GrandCross","floor":3.0},{"not_picked":["SuperNova","GalacticHalo"],"picked":"Acceleration","floor":4},{"not_picked":["DragonMeteor","ShootingEcho"],"picked":"LuminesStrike","floor":5},{"not_picked":["SporeBomb","MachineGunSpark"],"picked":"TreasureHunter","floor":6},{"not_picked":["6A","Occultation"],"picked":"WitchOfGreed","floor":8},{"not_picked":["EarthLightRay","DC"],"picked":"SporeBomb","floor":11},{"not_picked":["GravityBeat","ShootTheMoon"],"picked":"SuperPerseids","floor":12}],"player_experience":131146,"relics_obtained":[{"floor":6,"key":"Whetstone"}],"event_choices":[{"damage_healed":0,"gold_gain":0,"player_choice":"Upgraded","damage_taken":0,"max_hp_gain":0,"max_hp_loss":0,"event_name":"Upgrade Shrine","floor":10,"gold_loss":0,"cards_upgraded":["MilkyWay"]}],"is_beta":false,"boss_relics":[],"items_purged_floors":[],"is_endless":false,"potions_floor_spawned":[5,11],"killed_by":"Gremlin Nob","ascension_level":11}}