{"host":"fne7yx97fnz7kq05","time":1608622230,"event":{"mods":["BaseMod","Colored Map","Colored Powertips","Highlight Path","Minty Spire (QoL Compilation)","Relic Stats"],"gold_per_floor":[114,114,194,213,163,196,196,229,229,260,271,271,301,315,315,420,420,438,438,3,3,3,3,29,45,45,45,45,45,62,92,92,194,194,206,206,216,216,232,232,258,258,312,337,354,367,367,398,398,398,398,398,34,62,62],"floor_reached":56,"playtime":3896,"items_purged":["Choke"],"score":1779,"play_id":"e6e13df3-7957-439d-ae3b-f42ec1184625","local_time":"20201222013030","is_ascension_mode":true,"campfire_choices":[{"data":"Choke","floor":7.0,"key":"SMITH"},{"data":"Sucker Punch","floor":12.0,"key":"SMITH"},{"data":"Footwork","floor":15.0,"key":"SMITH"},{"data":"A Thousand Cuts","floor":23.0,"key":"SMITH"},{"data":"Dodge and Roll","floor":27.0,"key":"SMITH"},{"data":"Neutralize","floor":32.0,"key":"SMITH"},{"data":"Malaise","floor":40.0,"key":"SMITH"},{"floor":42.0,"key":"RECALL"},{"data":"Well Laid Plans","floor":49.0,"key":"SMITH"},{"data":"Backflip","floor":52.0,"key":"SMITH"}],"circlet_count":0,"master_deck":["Survivor","Neutralize+1","Poisoned Stab","Choke+1","Backflip+1","Sucker Punch+1","Dagger Spray","Acrobatics","Footwork+1","Corpse Explosion","Die Die Die","A Thousand Cuts+1","Deadly Poison","Cloak And Dagger+1","Dodge and Roll+1","Deflect","Dagger Spray","Quick Slash","Decay","Catalyst+1","Malaise+1","Acrobatics+1","Crippling Poison+1","Well Laid Plans+1","PiercingWail+1","Dodge and Roll+1","Noxious Fumes","Catalyst","Wraith Form v2"],"relics":["Velvet Choker","Pear","PreservedInsect","Paper Crane","Boot","Juzu Bracelet","Pandora\u0027s Box","Eternal Feather","Letter Opener","Ice Cream","Lantern","Snecko Eye","Bottled Flame","Omamori","Du-Vu Doll","Kunai","FossilizedHelix"],"acts_visited":["Exordium","TheCity","TheBeyond","TheEnding"],"potions_floor_usage":[55,55,55,55],"damage_taken":[{"damage":0.0,"enemies":"Jaw Worm","floor":1.0,"turns":4.0},{"damage":3.0,"enemies":"Small Slimes","floor":4.0,"turns":2.0},{"damage":23.0,"enemies":"Gremlin Nob","floor":6.0,"turns":4.0},{"damage":8.0,"enemies":"Lagavulin","floor":8.0,"turns":6.0},{"damage":11.0,"enemies":"3 Sentries","floor":10.0,"turns":7.0},{"damage":0.0,"enemies":"2 Louse","floor":11.0,"turns":2.0},{"damage":0.0,"enemies":"Lagavulin","floor":13.0,"turns":4.0},{"damage":0.0,"enemies":"Large Slime","floor":14.0,"turns":4.0},{"damage":0.0,"enemies":"Slime Boss","floor":16.0,"turns":9.0},{"damage":28.0,"enemies":"2 Thieves","floor":18.0,"turns":3.0},{"damage":1.0,"enemies":"Gremlin Leader","floor":24.0,"turns":6.0},{"damage":0.0,"enemies":"Chosen","floor":25.0,"turns":3.0},{"damage":3.0,"enemies":"Snake Plant","floor":30.0,"turns":4.0},{"damage":9.0,"enemies":"Slavers","floor":31.0,"turns":3.0},{"damage":39.0,"enemies":"Collector","floor":33.0,"turns":7.0},{"damage":23.0,"enemies":"3 Shapes","floor":35.0,"turns":2.0},{"damage":0.0,"enemies":"Orb Walker","floor":37.0,"turns":3.0},{"damage":23.0,"enemies":"4 Shapes","floor":39.0,"turns":4.0},{"damage":8.0,"enemies":"Reptomancer","floor":41.0,"turns":3.0},{"damage":7.0,"enemies":"Giant Head","floor":44.0,"turns":6.0},{"damage":15.0,"enemies":"3 Darklings","floor":45.0,"turns":3.0},{"damage":4.0,"enemies":"Maw","floor":46.0,"turns":7.0},{"damage":7.0,"enemies":"Nemesis","floor":48.0,"turns":5.0},{"damage":10.0,"enemies":"Time Eater","floor":50.0,"turns":14.0},{"damage":6.0,"enemies":"Shield and Spear","floor":54.0,"turns":3.0},{"damage":65,"enemies":"The Heart","floor":55,"turns":10}],"seed_played":"-2422080711480333309","potions_obtained":[{"floor":4.0,"key":"Strength Potion"},{"floor":10.0,"key":"AttackPotion"},{"floor":13.0,"key":"AttackPotion"},{"floor":31.0,"key":"AttackPotion"},{"floor":33.0,"key":"Dexterity Potion"},{"floor":35.0,"key":"SkillPotion"},{"floor":46.0,"key":"EntropicBrew"}],"is_trial":false,"path_per_floor":["M","?","?","M","?","E","R","E","T","E","M","R","E","M","R","B",null,"M","?","$","?","?","R","E","M","T","R","?","$","M","E","R","B",null,"M","?","M","?","M","R","E","R","T","E","M","M","?","E","R","B",null,"R","$","E","B",null],"character_chosen":"THE_SILENT","items_purchased":["Eternal Feather","Deflect","Explosive Potion","Noxious Fumes","Catalyst","Kunai"],"campfire_rested":0,"item_purchase_floors":[20,20,20,53,53,53],"current_hp_per_floor":[63,63,63,60,60,47,47,39,39,28,28,28,28,28,28,28,67,39,39,39,39,39,51,50,50,50,62,62,62,59,50,62,23,66,43,43,43,90,67,79,71,83,83,76,61,57,80,73,88,78,87,90,90,84,19],"gold":62,"neow_bonus":"BOSS_RELIC","is_daily":false,"chose_seed":false,"campfire_upgraded":9,"win_rate":0.0,"timestamp":1608622230,"path_taken":["M","?","?","M","?","E","R","E","T","E","M","R","E","M","R","BOSS","M","?","$","?","?","R","E","M","T","R","?","?","M","E","R","BOSS","M","?","M","?","M","R","E","R","T","E","M","M","?","E","R","BOSS","R","$","E","BOSS"],"items_purchased_type":["Relic","Card","Potion","Card","Card","Relic"],"build_version":"2020-12-13","purchased_purges":1,"victory":true,"max_hp_per_floor":[70,70,70,70,70,80,80,80,80,80,80,80,80,80,80,80,80,80,80,80,80,80,80,80,80,80,80,80,80,80,80,80,80,80,80,80,80,90,90,90,90,90,90,90,90,90,90,90,90,90,90,90,90,90,90],"relic_stats":{"counters":[26,128],"Snecko Eye":[122,109,103,111],"Pandora\u0027s Box":["Phantasmal Killer","Heel Hook","Die Die Die","A Thousand Cuts","Deadly Poison","Accuracy","Choke","Finisher"],"Eternal Feather":78,"PreservedInsect":467,"Juzu Bracelet":1,"Letter Opener":[217],"Kunai":[2],"Boot":[153],"obtain_stats":[{"Ice Cream":26,"Lantern":31,"Pear":6,"Velvet Choker":0,"Eternal Feather":20,"PreservedInsect":8,"Juzu Bracelet":13,"Omamori":44,"Letter Opener":24,"Paper Crane":9,"Boot":10,"Du-Vu Doll":48,"Bottled Flame":41,"Snecko Eye":34,"Pandora\u0027s Box":17,"Kunai":53,"FossilizedHelix":54,"Ring of the Snake":0},{"Ice Cream":12,"Lantern":14,"Pear":3,"Velvet Choker":0,"Eternal Feather":10,"PreservedInsect":4,"Juzu Bracelet":7,"Omamori":20,"Letter Opener":11,"Paper Crane":4,"Boot":5,"Du-Vu Doll":23,"Bottled Flame":19,"Snecko Eye":15,"Pandora\u0027s Box":9,"Kunai":24,"FossilizedHelix":25,"Ring of the Snake":0},{"Ice Cream":54,"Lantern":61,"Pear":10,"Velvet Choker":0,"Eternal Feather":45,"PreservedInsect":16,"Juzu Bracelet":29,"Omamori":86,"Letter Opener":51,"Paper Crane":16,"Boot":23,"Du-Vu Doll":101,"Bottled Flame":80,"Snecko Eye":68,"Pandora\u0027s Box":42,"Kunai":115,"FossilizedHelix":118,"Ring of the Snake":0}]},"card_choices":[{"not_picked":["Underhanded Strike","Prepared"],"picked":"Poisoned Stab","floor":1.0},{"not_picked":["Cloak And Dagger","Sucker Punch"],"picked":"Backflip","floor":4.0},{"not_picked":["Accuracy","Phantasmal Killer","Bullet Time"],"picked":"SKIP","floor":6.0},{"not_picked":["Tactician","Finisher"],"picked":"Sucker Punch","floor":8.0},{"not_picked":["Flechettes","Quick Slash"],"picked":"Dagger Spray","floor":10.0},{"not_picked":["Dodge and Roll","Envenom"],"picked":"Acrobatics","floor":11.0},{"not_picked":["Expertise","Phantasmal Killer","Bane"],"picked":"SKIP","floor":13.0},{"not_picked":["Deflect","Catalyst"],"picked":"Footwork","floor":14.0},{"not_picked":["Unload","After Image"],"picked":"Corpse Explosion","floor":16.0},{"not_picked":["Skewer","Poisoned Stab"],"picked":"Cloak And Dagger+1","floor":18.0},{"not_picked":["Quick Slash","Deadly Poison+1","Flechettes"],"picked":"SKIP","floor":24.0},{"not_picked":["Deflect","Cloak And Dagger","Outmaneuver"],"picked":"SKIP","floor":25.0},{"not_picked":["Deflect","Choke"],"picked":"Catalyst+1","floor":30.0},{"not_picked":["Eviscerate","Reflex","Caltrops"],"picked":"SKIP","floor":31.0},{"not_picked":["After Image","A Thousand Cuts"],"picked":"Malaise","floor":33.0},{"not_picked":["Dagger Throw+1","Slice"],"picked":"Acrobatics+1","floor":35.0},{"not_picked":["Expertise+1","Slice","Sucker Punch"],"picked":"SKIP","floor":37.0},{"not_picked":["Blade Dance","Backflip"],"picked":"Crippling Poison+1","floor":39.0},{"not_picked":["Endless Agony","Deflect"],"picked":"Well Laid Plans","floor":41.0},{"not_picked":["Reflex+1","Finisher+1"],"picked":"PiercingWail+1","floor":44.0},{"not_picked":["Masterful Stab","Flying Knee","Distraction+1"],"picked":"SKIP","floor":45.0},{"not_picked":["Heel Hook","Deflect","Dagger Spray+1"],"picked":"SKIP","floor":46.0},{"not_picked":["Deadly Poison+1","Bane"],"picked":"Dodge and Roll+1","floor":48.0},{"not_picked":["Flying Knee","Deflect+1"],"picked":"Wraith Form v2","floor":54.0}],"player_experience":151348,"relics_obtained":[{"floor":6.0,"key":"Pear"},{"floor":8.0,"key":"PreservedInsect"},{"floor":9.0,"key":"Paper Crane"},{"floor":10.0,"key":"Boot"},{"floor":13.0,"key":"Juzu Bracelet"},{"floor":24.0,"key":"Letter Opener"},{"floor":26.0,"key":"Ice Cream"},{"floor":31.0,"key":"Lantern"},{"floor":41.0,"key":"Bottled Flame"},{"floor":44.0,"key":"Omamori"},{"floor":48.0,"key":"Du-Vu Doll"},{"floor":54.0,"key":"FossilizedHelix"}],"event_choices":[{"damage_healed":0.0,"max_hp_gain":0.0,"max_hp_loss":0.0,"gold_gain":0.0,"cards_transformed":["Strike_G"],"event_name":"Living Wall","player_choice":"Change","floor":2.0,"gold_loss":0.0,"damage_taken":0.0,"cards_obtained":["Choke"]},{"damage_healed":0.0,"max_hp_gain":0.0,"max_hp_loss":0.0,"gold_gain":80.0,"event_name":"Golden Wing","player_choice":"Gained Gold","floor":3.0,"gold_loss":0.0,"damage_taken":0.0},{"cards_removed":["Strike_G"],"damage_healed":0.0,"max_hp_gain":0.0,"max_hp_loss":0.0,"gold_gain":0.0,"event_name":"The Cleric","player_choice":"Card Removal","floor":5.0,"gold_loss":50.0,"damage_taken":0.0},{"damage_healed":0.0,"max_hp_gain":0.0,"max_hp_loss":0.0,"gold_gain":0.0,"event_name":"The Library","player_choice":"Read","floor":19.0,"gold_loss":0.0,"damage_taken":0.0,"cards_obtained":["Dodge and Roll"]},{"damage_healed":0.0,"max_hp_gain":0.0,"max_hp_loss":0.0,"gold_gain":0.0,"cards_transformed":["Accuracy","Finisher"],"event_name":"Drug Dealer","player_choice":"Became Test Subject","floor":22.0,"gold_loss":0.0,"damage_taken":0.0,"cards_obtained":["Dagger Spray","Quick Slash"]},{"damage_healed":0.0,"max_hp_gain":0.0,"max_hp_loss":0.0,"gold_gain":0.0,"event_name":"Forgotten Altar","player_choice":"Smashed Altar","floor":28.0,"gold_loss":0.0,"damage_taken":0.0,"cards_obtained":["Decay"]},{"cards_removed":["Heel Hook"],"damage_healed":0.0,"max_hp_gain":0.0,"max_hp_loss":0.0,"gold_gain":0.0,"event_name":"Falling","player_choice":"Removed Attack","floor":36.0,"gold_loss":0.0,"damage_taken":0.0},{"cards_removed":["Phantasmal Killer"],"damage_healed":37.0,"max_hp_gain":10.0,"max_hp_loss":0.0,"gold_gain":0.0,"event_name":"Bonfire Elementals","player_choice":"Offered Rare","floor":38.0,"gold_loss":0.0,"damage_taken":0.0},{"damage_healed":23.0,"max_hp_gain":0.0,"max_hp_loss":0.0,"gold_gain":0.0,"event_name":"Winding Halls","player_choice":"Writhe","floor":47.0,"gold_loss":0.0,"damage_taken":0.0,"cards_obtained":["Writhe"]}],"is_beta":false,"boss_relics":[{"not_picked":["Busted Crown","Runic Dome"],"picked":"Pandora\u0027s Box"},{"not_picked":["SlaversCollar","Coffee Dripper"],"picked":"Snecko Eye"}],"items_purged_floors":[20],"is_endless":false,"potions_floor_spawned":[4,10,13,31,33,35,44,46],"ascension_level":8}}