{"host":"q1yq0ibtlljsjzm9","time":1608599739,"event":{"mods":["BaseMod","DeckTracker","Googly Eyes","Minty Spire (QoL Compilation)","StSLib"],"gold_per_floor":[11,11,11,34,47,47,74,74,74,5,5,20,34,34,34,139,139,114,126,145,145,104,104,57,74,74,74,74,86,86,98,98,98,98],"floor_reached":33,"playtime":2153,"items_purged":[],"score":245,"play_id":"47474a0a-03e4-4572-92de-b212df2f47b8","local_time":"20201221171539","is_ascension_mode":false,"campfire_choices":[{"data":"Bash","floor":6,"key":"SMITH"},{"floor":8,"key":"REST"},{"data":"Shockwave","floor":15,"key":"SMITH"},{"data":"Flame Barrier","floor":23,"key":"SMITH"},{"data":"Armaments","floor":27,"key":"SMITH"},{"floor":30,"key":"REST"},{"floor":32,"key":"REST"}],"circlet_count":0,"master_deck":["Strike_R","Strike_R","Strike_R","Defend_R","Defend_R","Defend_R","Defend_R","Bash+1","Flex","Shockwave+1","Sword Boomerang","Double Tap","Flame Barrier+1","Shrug It Off","Seeing Red+1","Cleave","Impervious","Clash","Sever Soul","Iron Wave+1","Pummel","Heavy Blade","Armaments+1","Carnage","Metallicize"],"relics":["Black Blood","Incense Burner","Potion Belt","Strawberry","CaptainsWheel","Torii","Ornamental Fan"],"acts_visited":["Exordium","TheCity"],"potions_floor_usage":[7,8,16,16,16,20,33,33,33],"damage_taken":[{"damage":1,"enemies":"Jaw Worm","floor":1,"turns":4},{"damage":7,"enemies":"Small Slimes","floor":5,"turns":4},{"damage":40,"enemies":"Lagavulin","floor":7,"turns":6},{"damage":4,"enemies":"Cultist","floor":12,"turns":3},{"damage":0,"enemies":"3 Louse","floor":13,"turns":3},{"damage":57,"enemies":"Slime Boss","floor":16,"turns":16},{"damage":18,"enemies":"2 Thieves","floor":18,"turns":5},{"damage":17,"enemies":"Chosen","floor":19,"turns":5},{"damage":3,"enemies":"Snake Plant","floor":20,"turns":5},{"damage":0,"enemies":"Snecko","floor":25,"turns":4},{"damage":33,"enemies":"Shelled Parasite and Fungi","floor":29,"turns":7},{"damage":38,"enemies":"Centurion and Healer","floor":31,"turns":8},{"damage":94,"enemies":"Collector","floor":33,"turns":15}],"seed_played":"8133853551036202337","potions_obtained":[{"floor":5,"key":"PowerPotion"},{"floor":7,"key":"EntropicBrew"},{"floor":19,"key":"ColorlessPotion"},{"floor":25,"key":"Dexterity Potion"},{"floor":31,"key":"GamblersBrew"}],"is_trial":false,"path_per_floor":["M","?","?","T","M","R","E","R","T","$","?","M","M","$","R","B",null,"M","M","M","?","$","R","$","M","T","R","?","M","R","M","R","B"],"character_chosen":"IRONCLAD","items_purchased":["Flame Barrier","Pummel","Heavy Blade"],"campfire_rested":3,"item_purchase_floors":[10,22,24],"current_hp_per_floor":[80,80,80,80,79,79,52,78,78,78,78,80,86,86,86,35,87,81,76,85,85,85,85,85,87,87,87,87,66,87,61,87,0,0],"gold":98,"neow_bonus":"ONE_RARE_RELIC","is_daily":false,"chose_seed":false,"campfire_upgraded":4,"win_rate":0.0,"timestamp":1608599739,"path_taken":["M","?","?","?","?","R","E","R","T","$","?","?","M","?","R","BOSS","M","M","M","?","$","R","?","M","T","R","?","M","R","M","R","BOSS"],"items_purchased_type":["Card","Card","Card"],"build_version":"2020-12-13","purchased_purges":0,"victory":false,"max_hp_per_floor":[80,80,80,80,80,80,87,87,87,87,87,87,87,87,87,87,87,87,87,87,87,87,87,87,87,87,87,87,87,87,87,87,87,87],"card_choices":[{"not_picked":["Whirlwind","Cleave"],"picked":"Flex","floor":1},{"not_picked":["Warcry","Anger"],"picked":"Sword Boomerang","floor":5},{"not_picked":["Headbutt","Rupture"],"picked":"Double Tap","floor":7},{"not_picked":["Sword Boomerang","Dropkick"],"picked":"Seeing Red","floor":12},{"not_picked":["Warcry","Twin Strike"],"picked":"Cleave","floor":13},{"not_picked":["Berserk","Juggernaut"],"picked":"Impervious","floor":16},{"not_picked":["Armaments","Blood for Blood"],"picked":"Clash","floor":18},{"not_picked":["Flex","Whirlwind"],"picked":"Sever Soul","floor":19},{"not_picked":["Battle Trance","True Grit"],"picked":"Iron Wave+1","floor":20},{"not_picked":["Iron Wave","Power Through"],"picked":"Armaments","floor":25},{"not_picked":["Corruption","Body Slam+1"],"picked":"Carnage","floor":29},{"not_picked":["Sword Boomerang","Warcry"],"picked":"Metallicize","floor":31}],"player_experience":6974,"relics_obtained":[{"floor":4,"key":"Potion Belt"},{"floor":7,"key":"Strawberry"},{"floor":9,"key":"CaptainsWheel"},{"floor":26,"key":"Ornamental Fan"}],"event_choices":[{"damage_healed":0,"gold_gain":0,"cards_transformed":["Strike_R"],"player_choice":"Change","damage_taken":0,"max_hp_gain":0,"max_hp_loss":0,"event_name":"Living Wall","floor":2,"gold_loss":0,"cards_obtained":["Shockwave"]},{"damage_healed":0,"gold_gain":0,"player_choice":"Ignored","damage_taken":0,"max_hp_gain":0,"max_hp_loss":0,"event_name":"Golden Wing","floor":3,"gold_loss":0},{"damage_healed":0,"gold_gain":0,"cards_transformed":["Strike_R"],"player_choice":"Transformed","damage_taken":0,"max_hp_gain":0,"max_hp_loss":0,"event_name":"Transmorgrifier","floor":11,"gold_loss":0,"cards_obtained":["Shrug It Off"]},{"damage_healed":0,"gold_gain":0,"player_choice":"Gave Potion","damage_taken":0,"relics_obtained":["Torii"],"max_hp_gain":0,"max_hp_loss":0,"event_name":"WeMeetAgain","floor":21,"gold_loss":0},{"damage_healed":0,"gold_gain":0,"player_choice":"Upgraded","damage_taken":0,"max_hp_gain":0,"max_hp_loss":0,"event_name":"Upgrade Shrine","floor":28,"gold_loss":0,"cards_upgraded":["Seeing Red"]}],"is_beta":false,"boss_relics":[{"not_picked":["Snecko Eye","Philosopher\u0027s Stone"],"picked":"Black Blood"}],"items_purged_floors":[],"is_endless":false,"potions_floor_spawned":[5,7,12,19,25,31],"killed_by":"Collector","ascension_level":0}}