{"host":"fjaupvxe7fzqrf4j","time":1608611739,"event":{"mods":["BaseMod","Minty Spire (QoL Compilation)","StSLib"],"gold_per_floor":[114,389,407,143,143,169,194,223,223,252,283,283,315,315,315,389,389,401,436,14,14,27,54,80,109,157,186,211,236,264,291,291,368,368,388,220,270,288,313,339,370,401,413,459,505,517,554,599,611,623,635,647,659,2,31,31],"floor_reached":57,"playtime":1393,"items_purged":["Regret","Masterful Stab","Underhanded Strike","Underhanded Strike"],"score":4929,"play_id":"2f1b8940-4ad8-4040-917f-a445b70a6f24","local_time":"20201222123539","daily_mods":["SealedDeck","Heirloom","Time Dilation","Flight","Elite Swarm"],"is_ascension_mode":true,"campfire_choices":[{"data":"Apotheosis","floor":12,"key":"SMITH"},{"data":"Calculated Gamble","floor":15,"key":"SMITH"},{"floor":32,"key":"RECALL"},{"floor":46,"key":"DIG"},{"floor":49,"key":"DIG"},{"floor":53,"key":"DIG"}],"circlet_count":0,"master_deck":["AscendersBane","Well Laid Plans","Dagger Throw+1","Underhanded Strike+1","Backflip","Calculated Gamble+1","Tactician+1","Acrobatics+1","Acrobatics","Apotheosis+1","Adrenaline","Grand Finale","After Image","CurseOfTheBell","Concentrate+1","Phantasmal Killer+1","Malaise+1"],"relics":["Ring of the Snake","Bird Faced Urn","Eternal Feather","Calipers","Turnip","Akabeko","Bag of Preparation","HornCleat","Bottled Lightning","Runic Dome","Red Mask","ClockworkSouvenir","Pen Nib","Tough Bandages","Centennial Puzzle","Toxic Egg 2","Strawberry","War Paint","Mercury Hourglass","PreservedInsect","Bottled Flame","Ancient Tea Set","Calling Bell","Art of War","Question Card","Torii","Shovel","Pear","Paper Crane","MawBank","Happy Flower","Vajra","Darkstone Periapt","Ginger","CaptainsWheel","Bag of Marbles","Bronze Scales","Bottled Tornado","Whetstone","Blue Candle","Gremlin Horn"],"acts_visited":["Exordium","TheCity","TheBeyond","TheEnding"],"potions_floor_usage":[56,56],"damage_taken":[{"damage":0,"enemies":"Small Slimes","floor":1,"turns":1},{"damage":0,"enemies":"Cultist","floor":3,"turns":1},{"damage":0,"enemies":"Gremlin Nob","floor":6,"turns":1},{"damage":0,"enemies":"Lagavulin","floor":7,"turns":2},{"damage":0,"enemies":"Gremlin Nob","floor":8,"turns":1},{"damage":0,"enemies":"Lagavulin","floor":10,"turns":2},{"damage":0,"enemies":"3 Sentries","floor":11,"turns":1},{"damage":0,"enemies":"Lagavulin","floor":13,"turns":1},{"damage":0,"enemies":"Slime Boss","floor":16,"turns":1},{"damage":0,"enemies":"2 Thieves","floor":18,"turns":1},{"damage":0,"enemies":"Masked Bandits","floor":19,"turns":1},{"damage":0,"enemies":"Shell Parasite","floor":22,"turns":1},{"damage":0,"enemies":"Gremlin Leader","floor":23,"turns":1},{"damage":0,"enemies":"Book of Stabbing","floor":24,"turns":1},{"damage":0,"enemies":"Slavers","floor":25,"turns":1},{"damage":0,"enemies":"Book of Stabbing","floor":27,"turns":1},{"damage":0,"enemies":"Slavers","floor":28,"turns":1},{"damage":0,"enemies":"Gremlin Leader","floor":29,"turns":1},{"damage":0,"enemies":"Book of Stabbing","floor":30,"turns":1},{"damage":0,"enemies":"Slavers","floor":31,"turns":1},{"damage":0,"enemies":"Automaton","floor":33,"turns":1},{"damage":0,"enemies":"3 Shapes","floor":35,"turns":1},{"damage":0,"enemies":"Orb Walker","floor":38,"turns":1},{"damage":0,"enemies":"Mind Bloom Boss Battle","floor":39,"turns":1},{"damage":0,"enemies":"Reptomancer","floor":40,"turns":1},{"damage":0,"enemies":"Nemesis","floor":41,"turns":1},{"damage":0,"enemies":"Giant Head","floor":42,"turns":1},{"damage":0,"enemies":"Nemesis","floor":44,"turns":1},{"damage":0,"enemies":"Reptomancer","floor":45,"turns":1},{"damage":0,"enemies":"Nemesis","floor":47,"turns":1},{"damage":0,"enemies":"Giant Head","floor":48,"turns":1},{"damage":0,"enemies":"Time Eater","floor":50,"turns":2},{"damage":0,"enemies":"Awakened One","floor":51,"turns":2},{"damage":0,"enemies":"Shield and Spear","floor":55,"turns":1},{"damage":5,"enemies":"The Heart","floor":56,"turns":5}],"seed_played":"1833515619032683645","potions_obtained":[{"floor":3,"key":"LiquidMemories"},{"floor":6,"key":"ColorlessPotion"},{"floor":24,"key":"SkillPotion"},{"floor":42,"key":"Swift Potion"}],"is_trial":true,"path_per_floor":["M","?","M","$","?","E","E","E","T","E","E","R","E","T","R","B",null,"M","?","$","?","M","E","E","E","T","E","E","E","E","E","R","B",null,"M","$","?","M","?","E","E","E","T","E","E","R","E","E","R","B","B",null,"R","$","E","B",null],"character_chosen":"THE_SILENT","items_purchased":["Apotheosis","ClockworkSouvenir","Pen Nib","Concentrate+1","Whetstone","Blue Candle","DuplicationPotion"],"campfire_rested":0,"item_purchase_floors":[4,20,20,36,54,54,54],"current_hp_per_floor":[59,59,59,59,59,59,59,59,59,59,59,66,66,66,66,66,66,66,66,66,66,66,66,66,66,73,73,73,73,73,73,73,73,73,73,73,73,73,73,83,83,83,83,83,83,83,83,83,83,83,83,83,83,83,83,81],"gold":31,"neow_bonus":"","is_daily":false,"chose_seed":false,"campfire_upgraded":2,"win_rate":0.0,"timestamp":1608611739,"path_taken":["M","?","?","$","?","E","E","E","T","E","E","R","E","?","R","BOSS","M","?","$","?","?","E","E","E","T","E","E","E","E","E","R","BOSS","M","$","?","?","?","E","E","E","T","E","E","R","E","E","R","BOSS","BOSS","R","$","E","BOSS"],"items_purchased_type":["Card","Relic","Relic","Card","Relic","Relic","Potion"],"build_version":"2020-12-13","purchased_purges":4,"victory":true,"max_hp_per_floor":[66,66,66,66,66,66,66,66,66,66,66,66,66,66,66,66,66,66,66,66,66,66,66,66,66,73,73,73,73,73,73,73,73,73,73,73,73,73,73,83,83,83,83,83,83,83,83,83,83,83,83,83,83,83,83,83],"card_choices":[{"not_picked":["Catalyst","Poisoned Stab","Accuracy"],"picked":"SKIP","floor":1},{"not_picked":["Choke","Outmaneuver"],"picked":"Acrobatics","floor":3},{"not_picked":["Wraith Form v2","Malaise","Storm of Steel"],"picked":"SKIP","floor":6},{"not_picked":["Envenom","Venomology","A Thousand Cuts"],"picked":"SKIP","floor":7},{"not_picked":["Doppelganger","Storm of Steel","Tools of the Trade"],"picked":"SKIP","floor":8},{"not_picked":["A Thousand Cuts","Die Die Die"],"picked":"Adrenaline","floor":10},{"not_picked":["Doppelganger","Storm of Steel"],"picked":"Grand Finale","floor":11},{"not_picked":["Venomology","Tools of the Trade"],"picked":"After Image","floor":13},{"not_picked":["Dagger Throw","Noxious Fumes","Backflip"],"picked":"SKIP","floor":18},{"not_picked":["Cloak And Dagger","Dagger Spray","Riddle With Holes"],"picked":"SKIP","floor":22},{"not_picked":["Burst","Wraith Form v2","Corpse Explosion"],"picked":"SKIP","floor":23},{"not_picked":["Doppelganger","Wraith Form v2","Grand Finale"],"picked":"SKIP","floor":24},{"not_picked":["Wraith Form v2","Bullet Time+1","Glass Knife"],"picked":"SKIP","floor":25},{"not_picked":["Corpse Explosion+1","Bullet Time+1","Doppelganger+1"],"picked":"SKIP","floor":27},{"not_picked":["Burst+1","Glass Knife","Venomology+1"],"picked":"SKIP","floor":28},{"not_picked":["Burst+1","Malaise+1","Grand Finale"],"picked":"SKIP","floor":29},{"not_picked":["Storm of Steel+1","Glass Knife","Corpse Explosion+1"],"picked":"SKIP","floor":30},{"not_picked":["Corpse Explosion+1","A Thousand Cuts","Wraith Form v2"],"picked":"SKIP","floor":31},{"not_picked":["Outmaneuver+1","Cloak And Dagger+1","Bane+1","Infinite Blades"],"picked":"SKIP","floor":35},{"not_picked":["Dodge and Roll+1","Flying Knee","All Out Attack","Predator"],"picked":"SKIP","floor":38},{"not_picked":["Night Terror+1","Storm of Steel+1","Doppelganger+1","Envenom"],"picked":"SKIP","floor":40},{"not_picked":["Malaise+1","Night Terror+1","Adrenaline+1"],"picked":"Phantasmal Killer+1","floor":41},{"not_picked":["Bullet Time+1","Venomology+1","Tools of the Trade","Malaise+1"],"picked":"SKIP","floor":42},{"not_picked":["Bullet Time+1","Venomology+1","Tools of the Trade","Malaise+1"],"picked":"SKIP","floor":42},{"not_picked":["Bullet Time+1","Glass Knife","Doppelganger+1","Night Terror+1"],"picked":"SKIP","floor":44},{"not_picked":["Die Die Die","Adrenaline+1","Bullet Time+1","Corpse Explosion+1"],"picked":"SKIP","floor":45},{"not_picked":["Night Terror+1","Phantasmal Killer+1","Malaise+1","Doppelganger+1"],"picked":"SKIP","floor":47},{"not_picked":["After Image","Corpse Explosion+1","A Thousand Cuts"],"picked":"Malaise+1","floor":48},{"not_picked":["Phantasmal Killer+1","Unload","Grand Finale","Die Die Die"],"picked":"SKIP","floor":55}],"player_experience":234916,"relics_obtained":[{"floor":6,"key":"Eternal Feather"},{"floor":7,"key":"Calipers"},{"floor":8,"key":"Turnip"},{"floor":10,"key":"Akabeko"},{"floor":11,"key":"Bag of Preparation"},{"floor":13,"key":"HornCleat"},{"floor":14,"key":"Bottled Lightning"},{"floor":19,"key":"Red Mask"},{"floor":23,"key":"Tough Bandages"},{"floor":24,"key":"Centennial Puzzle"},{"floor":25,"key":"Toxic Egg 2"},{"floor":26,"key":"Strawberry"},{"floor":27,"key":"War Paint"},{"floor":28,"key":"Mercury Hourglass"},{"floor":29,"key":"PreservedInsect"},{"floor":30,"key":"Bottled Flame"},{"floor":31,"key":"Ancient Tea Set"},{"floor":34,"key":"Art of War"},{"floor":34,"key":"Question Card"},{"floor":34,"key":"Torii"},{"floor":39,"key":"Shovel"},{"floor":40,"key":"Pear"},{"floor":41,"key":"Paper Crane"},{"floor":42,"key":"MawBank"},{"floor":43,"key":"Happy Flower"},{"floor":44,"key":"Vajra"},{"floor":45,"key":"Darkstone Periapt"},{"floor":46,"key":"Ginger"},{"floor":47,"key":"CaptainsWheel"},{"floor":48,"key":"Bag of Marbles"},{"floor":49,"key":"Bronze Scales"},{"floor":53,"key":"Bottled Tornado"},{"floor":55,"key":"Gremlin Horn"}],"event_choices":[{"damage_healed":0,"gold_gain":275,"player_choice":"Desecrate","damage_taken":0,"max_hp_gain":0,"max_hp_loss":0,"event_name":"Golden Shrine","floor":2,"gold_loss":0,"cards_obtained":["Regret"]},{"damage_healed":0,"gold_gain":0,"player_choice":"Ignored","damage_taken":0,"max_hp_gain":0,"max_hp_loss":0,"event_name":"Liars Game","floor":5,"gold_loss":0},{"damage_healed":0,"gold_gain":0,"player_choice":"Fought Bandits","damage_taken":0,"max_hp_gain":0,"max_hp_loss":0,"event_name":"Masked Bandits","floor":19,"gold_loss":0},{"damage_healed":0,"gold_gain":0,"player_choice":"Ignored","damage_taken":0,"max_hp_gain":0,"max_hp_loss":0,"event_name":"Ghosts","floor":21,"gold_loss":0},{"damage_healed":0,"gold_gain":50,"player_choice":"Pray","damage_taken":0,"max_hp_gain":0,"max_hp_loss":0,"event_name":"Golden Shrine","floor":37,"gold_loss":0},{"damage_healed":0,"gold_gain":0,"player_choice":"Fight","damage_taken":0,"max_hp_gain":0,"max_hp_loss":0,"event_name":"MindBloom","floor":39,"gold_loss":0}],"is_beta":false,"boss_relics":[{"not_picked":["Tiny House","Ectoplasm"],"picked":"Runic Dome"},{"not_picked":["Snecko Eye","SlaversCollar"],"picked":"Calling Bell"}],"items_purged_floors":[4,20,36,54],"is_endless":false,"potions_floor_spawned":[3,6,10,11,19,22,24,25,29,33,38,42,45],"ascension_level":20}}