{"host":"xuxmsn6olavvgi6l","time":1608602359,"event":{"mods":["AchievementEnabler","Act Like it!","BaseMod","Better Third Choice","BetterRewards","Colored Map","Colored Powertips","Hermit","Highlight Path","Hubris","Infinite Spire","Marisa????????","Minty Spire (QoL Compilation)","Rare Cards Sparkle","Replay The Spire","Shop Mod","StSLib","The Animator","The Bug Knight","The Construct","The Cursed","The Runesmith","The Servant 0.9.4"],"gold_per_floor":[110,110,122,72,72,105,105,122,169,169,169,189,218,17,17,118,118,132,132,151,167,167,167,180,197,197,215,242,255,255,105,105,204,204,218,235,235,252,252,252,271,271,271],"floor_reached":42,"playtime":1754,"items_purged":["HollowMod:SoulVessel","HollowMod:BaldurShell"],"score":455,"play_id":"54f89932-f175-45d3-9570-0b1b2b5405bf","local_time":"20201221195919","is_ascension_mode":false,"campfire_choices":[{"data":"HollowMod:FocusHealStart","floor":7,"key":"SMITH"},{"data":"HollowMod:LifebloodCocoon","floor":11,"key":"SMITH"},{"data":"HollowMod:GreatSlash","floor":15,"key":"SMITH"},{"data":"Pot Of Greed","floor":23,"key":"SMITH"},{"data":"HollowMod:FastStrike","floor":30,"key":"SMITH"},{"data":"HollowMod:MantisMark","floor":32,"key":"SMITH"},{"data":"Pot Of Greed","floor":40,"key":"SMITH"}],"circlet_count":0,"master_deck":["HollowMod:NailStrikeStart","HollowMod:NailStrikeStart","HollowMod:NailStrikeStart","HollowMod:QuickDashStart","HollowMod:QuickDashStart","HollowMod:QuickDashStart","HollowMod:FocusHealStart+1","HollowMod:PogoStrike","HollowMod:LifebloodCocoon+1","Pot Of Greed+1","HollowMod:GreatSlash+1","HollowMod:HuntersJournal+1","Pot Of Greed+1","HollowMod:FastStrike+1","HollowMod:CloakDash","HollowMod:CloakDash","HollowMod:MantisMark+1","HollowMod:RecoilStrike+1","HollowMod:SiblingsSouls+1"],"relics":["HollowMod:VesselMask","NeowsBlessing","Onion Ring","Grinning Jar","infinitespire:BottledMercury","Oddly Smooth Stone","MerchantsRug","Painkiller Herb","hubris:Towel","ClockworkSouvenir","hubris:Reverence","Vajra","SlaversCollar"],"acts_visited":["Exordium","TheCity","TheBeyond"],"potions_floor_usage":[20,38,42,42],"damage_taken":[{"damage":0,"enemies":"2 Louse","floor":1,"turns":2},{"damage":0,"enemies":"infinitespire:Voidling","floor":3,"turns":1},{"damage":0,"enemies":"Gremlin Nob","floor":6,"turns":1},{"damage":0,"enemies":"Small Slimes","floor":8,"turns":2},{"damage":11,"enemies":"Exordium Wildlife","floor":12,"turns":5},{"damage":33,"enemies":"3 Sentries","floor":13,"turns":12},{"damage":48,"enemies":"The Guardian","floor":16,"turns":11},{"damage":0,"enemies":"Spheric Guardian","floor":18,"turns":3},{"damage":0,"enemies":"2 Thieves","floor":20,"turns":2},{"damage":12,"enemies":"Centurion and Healer","floor":21,"turns":3},{"damage":0,"enemies":"3 Cultists","floor":24,"turns":3},{"damage":4,"enemies":"Shelled Parasite and Fungi","floor":25,"turns":3},{"damage":9,"enemies":"Snake Plant","floor":27,"turns":2},{"damage":4,"enemies":"Slavers","floor":28,"turns":3},{"damage":0,"enemies":"Snecko","floor":29,"turns":3},{"damage":42,"enemies":"HollowMod:NKGrimm","floor":33,"turns":6},{"damage":0,"enemies":"3 Darklings","floor":35,"turns":1},{"damage":0,"enemies":"Orb Walker","floor":36,"turns":1},{"damage":5,"enemies":"Maw","floor":38,"turns":5},{"damage":0,"enemies":"4 Shapes","floor":41,"turns":1},{"damage":76,"enemies":"Nightmare","floor":42,"turns":8}],"seed_played":"-7885992409426953161","potions_obtained":[{"floor":12,"key":"BlessingOfTheForge"},{"floor":13,"key":"Reflective Coating"},{"floor":16,"key":"AttackPotion"},{"floor":20,"key":"Dexterity Potion"},{"floor":21,"key":"Languid Potion"},{"floor":27,"key":"SkillPotion"},{"floor":29,"key":"SteroidPotion"},{"floor":38,"key":"GamblersBrew"}],"is_trial":false,"path_per_floor":["M","?","M","?","$","E","R","M","T","T","R","M","E","$","R","B",null,"?","?","?","?","AVR","T","?","?","T","?","E","?","T","T","T","B",null,"?","?","?","?","?","T","?","NM"],"character_chosen":"THE_BUGKNIGHT","items_purchased":["MerchantsRug","HollowMod:GreatSlash","HollowMod:MantisMark"],"campfire_rested":0,"item_purchase_floors":[14,14,31],"current_hp_per_floor":[75,75,75,75,75,75,75,75,75,75,75,74,53,53,53,15,75,75,75,75,63,63,63,73,75,75,66,68,74,74,74,74,42,75,75,75,75,70,70,70,70,0,0],"gold":271,"neow_bonus":"THREE_ENEMY_KILL","is_daily":false,"chose_seed":false,"campfire_upgraded":7,"win_rate":0.0,"timestamp":1608602359,"path_taken":["M","?","?","?","?","E","R","M","T","?","R","?","E","$","R","BOSS","?","?","?","?","AVR","T","?","?","T","?","E","?","T","T","T","BOSS","?","?","?","?","?","T","?","NM"],"items_purchased_type":["Relic","Card","Card"],"build_version":"2020-12-13","purchased_purges":2,"victory":false,"max_hp_per_floor":[75,75,75,75,75,75,75,75,75,75,75,75,75,75,75,75,75,75,75,75,75,75,75,75,75,75,75,75,75,75,75,75,75,75,75,75,75,75,75,75,75,75,75],"card_choices":[{"not_picked":["HollowMod:InfectedCysts","HollowMod:CornifersMapStart","HollowMod:VengefulSpirit"],"picked":"SKIP","floor":1},{"not_picked":["HollowMod:HeavyBlow","HollowMod:CornifersMapStart","HollowMod:NewLittleFool"],"picked":"SKIP","floor":3},{"not_picked":["HollowMod:CornifersMapStart","HollowMod:SiblingsSouls","HollowMod:SoulSplash"],"picked":"SKIP","floor":6},{"not_picked":["HollowMod:CloakDash","HollowMod:GrimmsGift"],"picked":"HollowMod:LifebloodCocoon","floor":8},{"not_picked":["HollowMod:WraithStrike","HollowMod:Grubsong","HollowMod:FallenFury"],"picked":"SKIP","floor":12},{"not_picked":["HollowMod:DescendingDark","HollowMod:ShadowDash","HollowMod:SoulSplash"],"picked":"SKIP","floor":13},{"not_picked":["HollowMod:HowlingWraiths","HollowMod:CornifersMapStart"],"picked":"HollowMod:HuntersJournal+1","floor":18},{"not_picked":["HollowMod:InfectedCysts","HollowMod:SoulSplash","HollowMod:HowlingWraiths+1"],"picked":"SKIP","floor":20},{"not_picked":["HollowMod:TaintedHusks+1","HollowMod:CornifersMapStart+1","HollowMod:LifebloodCocoon"],"picked":"SKIP","floor":21},{"not_picked":["HollowMod:NewJinnsSoul","HollowMod:SoulSplash"],"picked":"HollowMod:FastStrike","floor":24},{"not_picked":["HollowMod:InfectedCysts","HollowMod:SiblingsShadow+1","HollowMod:NewJinnsSoul"],"picked":"SKIP","floor":25},{"not_picked":["HollowMod:MawleksShell","HollowMod:TaintedHusks"],"picked":"HollowMod:CloakDash","floor":27},{"not_picked":["HollowMod:TaintedHusks","HollowMod:NewJinnsSoul"],"picked":"HollowMod:BaldurShell","floor":28},{"not_picked":["HollowMod:ShadowDash","HollowMod:BlackTendrils"],"picked":"HollowMod:CloakDash","floor":29},{"not_picked":["HollowMod:BaldurShell+1","HollowMod:ChannelNail+1"],"picked":"HollowMod:RecoilStrike+1","floor":35},{"not_picked":["HollowMod:SharpenedShadows","HollowMod:GoodIntentions"],"picked":"HollowMod:SiblingsSouls+1","floor":36},{"not_picked":["HollowMod:VengefulVoid+1","HollowMod:CycloneSlash","HollowMod:HeavyBlow"],"picked":"SKIP","floor":38},{"not_picked":["HollowMod:DoubleDash","HollowMod:ShapeofUnn","HollowMod:HornetsHelp"],"picked":"SKIP","floor":41}],"player_experience":1295749,"relics_obtained":[{"floor":6,"key":"Onion Ring"},{"floor":9,"key":"Grinning Jar"},{"floor":10,"key":"infinitespire:BottledMercury"},{"floor":13,"key":"Oddly Smooth Stone"},{"floor":26,"key":"hubris:Reverence"},{"floor":28,"key":"Vajra"}],"event_choices":[{"damage_healed":0,"gold_gain":0,"cards_transformed":["HollowMod:QuickDashStart"],"player_choice":"Transformed","damage_taken":0,"max_hp_gain":0,"max_hp_loss":0,"event_name":"Transmorgrifier","floor":2,"gold_loss":0,"cards_obtained":["HollowMod:SoulVessel"]},{"cards_removed":["HollowMod:NailStrikeStart"],"damage_healed":0,"gold_gain":0,"player_choice":"Card Removal","damage_taken":0,"max_hp_gain":0,"max_hp_loss":0,"event_name":"The Cleric","floor":4,"gold_loss":50},{"damage_healed":0,"gold_gain":0,"player_choice":"Random: Yellow","damage_taken":0,"max_hp_gain":0,"max_hp_loss":0,"event_name":"betterThird:BetterPortal","floor":39,"gold_loss":0},{"damage_healed":0,"gold_gain":0,"player_choice":"Ignored","damage_taken":0,"max_hp_gain":0,"max_hp_loss":0,"event_name":"NoteForYourself","floor":39,"gold_loss":0}],"is_beta":false,"boss_relics":[{"not_picked":["hubris:Stopwatch","hubris:BlackHole"],"picked":"Painkiller Herb"},{"not_picked":["Fusion Hammer","Kintsugi"],"picked":"SlaversCollar"}],"items_purged_floors":[22,31],"is_endless":false,"potions_floor_spawned":[12,13,16,20,21,27,28,29,38,41],"killed_by":"Nightmare","ascension_level":0}}