{"host":"hfvpa4llnnjpeawn","time":1608673748,"event":{"mods":["2.2 Compatiblity","AchievementEnabler","Act Like it!","Aspiration","Bard","BaseMod","Beaked The Cultist","Better Sensory Stone","Better Skull","Better Third Choice","BetterRewards","CapriCore","Conspire","Downfall","Elementarium","Energized Spire","Hubris","Infinite Spire","Jorbs\u0027s Wanderer Trilogy","Minty Spire (QoL Compilation)","Replay The Spire","Shade Mod","Spicy Shops","StSLib","The Bladedancer","The Factory","The Gatherer","The Jungle","Waifu the Spire","Wandering Minibosses"],"gold_per_floor":[99,110,126,141,155,155,155,155,169,179,19,35,35,64,74,74,74,74],"floor_reached":16,"playtime":1070,"items_purged":[],"score":117,"play_id":"a1ea33de-8d88-4288-b57b-a7a92ef62419","local_time":"20201222164908","is_ascension_mode":true,"campfire_choices":[{"data":"champ:Execute","floor":1,"key":"SMITH"}],"circlet_count":0,"master_deck":["champ:Strike","champ:Strike","champ:Strike","champ:Strike","champ:Defend","champ:Defend+1","champ:Defend+1","champ:Defend","champ:Execute+1","champ:Taunt","champ:Encircle+1","champ:AdrenalArmor","champ:Riposte","champ:TornadoPunch","Regret","champ:HeavySlash","champ:ShieldWall","champ:PerfectedStrike"],"relics":["champ:ChampionCrownUpgraded","Durian","ReplayTheSpireMod:Ring of Collecting","conspire:TreasureMap","hubris:SphereOfDissonance"],"acts_visited":["Exordium"],"potions_floor_usage":[5,14,16,16],"damage_taken":[{"damage":6,"enemies":"Cultist","floor":2,"turns":3},{"damage":9,"enemies":"Small Slimes","floor":3,"turns":2},{"damage":14,"enemies":"Jaw Worm","floor":4,"turns":3},{"damage":32,"enemies":"Gremlin Gang","floor":5,"turns":6},{"damage":10,"enemies":"3 Louse","floor":9,"turns":2},{"damage":4,"enemies":"2 Fungi Beasts","floor":10,"turns":2},{"damage":8,"enemies":"downfall:FleeingMerchant","floor":11,"turns":4},{"damage":12,"enemies":"Blue Slaver","floor":12,"turns":3},{"damage":9,"enemies":"3 Sentries","floor":14,"turns":5},{"damage":7,"enemies":"Red Slaver","floor":15,"turns":3},{"damage":93,"enemies":"downfall:Ironclad","floor":16,"turns":9}],"seed_played":"-4037766633602108846","potions_obtained":[{"floor":3,"key":"SkillPotion"},{"floor":10,"key":"Venom Potion"},{"floor":14,"key":"champ:OpenerPotion"},{"floor":15,"key":"BlessingOfTheForge"}],"is_trial":false,"path_per_floor":["R","M","M","M","M","?","T","?","M","M","$","M","?","E","M","B"],"character_chosen":"THE_CHAMP","items_purchased":["conspire:TreasureMap"],"campfire_rested":0,"item_purchase_floors":[11],"current_hp_per_floor":[90,89,89,89,78,78,83,83,80,76,73,68,73,68,61,0,0,0],"gold":74,"neow_bonus":"BOSS_RELIC","is_daily":false,"chose_seed":false,"campfire_upgraded":1,"win_rate":0.0,"timestamp":1608673748,"path_taken":["R","M","M","M","M","?","T","?","M","?","$","M","?","E","M","BOSS"],"items_purchased_type":["Relic"],"build_version":"2020-12-13","purchased_purges":0,"victory":false,"max_hp_per_floor":[90,90,90,90,90,90,95,95,95,95,95,95,100,100,100,100,100,100],"card_choices":[{"not_picked":["champ:Circumvent","champ:Haymaker"],"picked":"champ:Encircle","floor":2},{"not_picked":["champ:Backstep","champ:StanceDance"],"picked":"champ:AdrenalArmor","floor":3},{"not_picked":["champ:EnGarde","champ:Encircle"],"picked":"champ:Riposte","floor":4},{"not_picked":["champ:GladiatorStyle","champ:EndlessRage"],"picked":"champ:TornadoPunch","floor":5},{"not_picked":["champ:DefensiveShout","champ:FightOn"],"picked":"champ:HeavySlash","floor":9},{"not_picked":["champ:ViciousMockery","champ:IronFortress","champ:RisingSlash"],"picked":"SKIP","floor":10},{"not_picked":["champ:ShieldThrow","champ:Duel","champ:ViciousMockery"],"picked":"SKIP","floor":11},{"not_picked":["champ:DeathBlow","champ:PerfectedStrike","champ:Riposte"],"picked":"SKIP","floor":12},{"not_picked":["champ:CrookedStrike","champ:Balance"],"picked":"champ:ShieldWall","floor":14},{"not_picked":["champ:FocusedGladiator","champ:EndlessRage"],"picked":"champ:PerfectedStrike","floor":15}],"player_experience":327036,"relics_obtained":[{"floor":7,"key":"Durian"},{"floor":8,"key":"ReplayTheSpireMod:Ring of Collecting"},{"floor":14,"key":"hubris:SphereOfDissonance"}],"event_choices":[{"damage_healed":0,"gold_gain":0,"player_choice":"Donut","damage_taken":0,"max_hp_gain":5,"max_hp_loss":0,"event_name":"Big Fish","floor":13,"gold_loss":0}],"is_beta":false,"boss_relics":[],"items_purged_floors":[],"is_endless":false,"potions_floor_spawned":[3,10,14,15],"killed_by":"downfall:Ironclad","ascension_level":2}}