{"host":"5gc11emcm5chfr5t","time":1608669553,"event":{"mods":["2.2 Compatiblity","AchievementEnabler","BaseMod","Bestiary","Better Note","Colored Map","Colored Powertips","Downfall","Googly Eyes","Minty Spire (QoL Compilation)","Rare Cards Sparkle","StSLib"],"gold_per_floor":[99,99,99,99,99,99,99,99,99,129,54,39,50,61,81,81,81],"floor_reached":16,"playtime":313,"items_purged":[],"score":192,"play_id":"06314497-c7c3-427d-831b-13da86935259","local_time":"20201222153913","is_ascension_mode":true,"campfire_choices":[{"floor":1,"key":"RECALL"},{"floor":11,"key":"REST"}],"circlet_count":0,"master_deck":["AscendersBane","sneckomod:Strike","sneckomod:Strike","sneckomod:Defend","sneckomod:Defend","sneckomod:Defend","sneckomod:TailWhip+1","sneckomod:SnekBite","sneckomod:Unknown","sneckomod:Unknown","sneckomod:UnknownUncommonSkill+1","sneckomod:ImprovisedAttack","sneckomod:DiceCrush+1","Regret","sneckomod:CheapStock","sneckomod:SerpentIdol+1","sneckomod:PureSnecko+1","sneckomod:SoulRoll+1","sneckomod:UnknownClassPURPLE+1"],"relics":["sneckomod:SneckoSoul","downfall:HeartsMalice","Shuriken","Toxic Egg 2","Sundial","Blood Vial","downfall:HeartBlessingRed"],"acts_visited":["Exordium"],"potions_floor_usage":[13,16],"damage_taken":[{"damage":0,"enemies":"2 Louse","floor":2,"turns":1},{"damage":0,"enemies":"Jaw Worm","floor":4,"turns":1},{"damage":0,"enemies":"Cultist","floor":6,"turns":1},{"damage":31,"enemies":"Gremlin Nob","floor":10,"turns":5},{"damage":5,"enemies":"downfall:FleeingMerchant","floor":12,"turns":4},{"damage":19,"enemies":"Exordium Wildlife","floor":13,"turns":3},{"damage":13,"enemies":"Blue Slaver","floor":14,"turns":2},{"damage":30,"enemies":"Exordium Wildlife","floor":15,"turns":3},{"damage":17,"enemies":"downfall:Watcher","floor":16,"turns":2}],"seed_played":"6670548542016544223","potions_obtained":[{"floor":10,"key":"SteroidPotion"},{"floor":13,"key":"sneckomod:CheatPotion"},{"floor":15,"key":"PowerPotion"}],"is_trial":false,"path_per_floor":["R","M","?","M","T","M","T","?","?","E","R","$","M","M","M","B"],"character_chosen":"THE_SNECKO","items_purchased":[],"campfire_rested":1,"item_purchase_floors":[],"current_hp_per_floor":[75,76,76,76,76,76,76,76,76,45,70,67,50,39,12,0,0],"gold":81,"neow_bonus":"THREE_ENEMY_KILL","is_daily":false,"chose_seed":false,"campfire_upgraded":0,"win_rate":0.0,"timestamp":1608669553,"path_taken":["R","M","?","M","?","?","T","?","?","E","R","?","M","?","M","BOSS"],"items_purchased_type":[],"build_version":"2020-12-13","purchased_purges":0,"victory":false,"max_hp_per_floor":[83,84,84,84,84,84,84,84,84,84,84,84,84,84,85,85,85],"card_choices":[{"not_picked":["sneckomod:DiceCrush","sneckomod:DiceBlock"],"picked":"sneckomod:UnknownUncommonSkill","floor":2},{"not_picked":["sneckomod:UnknownBlock","sneckomod:DefensiveFlair"],"picked":"sneckomod:ImprovisedAttack","floor":4},{"not_picked":["sneckomod:UnknownCommonAttack","sneckomod:UnknownCommonSkill"],"picked":"sneckomod:DiceCrush","floor":6},{"not_picked":["sneckomod:Unknown1Cost+1","sneckomod:Cheat+1"],"picked":"sneckomod:CheapStock","floor":10},{"not_picked":["sneckomod:UnknownUncommonSkill+1","sneckomod:UnknownClassPURPLE+1"],"picked":"sneckomod:SerpentIdol+1","floor":12},{"not_picked":["sneckomod:MasterEye","sneckomod:Rotation+1"],"picked":"sneckomod:PureSnecko+1","floor":13},{"not_picked":["sneckomod:WideSting","sneckomod:QuickMove+1"],"picked":"sneckomod:SoulRoll+1","floor":14},{"not_picked":["sneckomod:UnknownStrike","sneckomod:UnknownCommonSkill+1"],"picked":"sneckomod:UnknownClassPURPLE+1","floor":15}],"player_experience":479948,"relics_obtained":[{"floor":5,"key":"Shuriken"},{"floor":7,"key":"Toxic Egg 2"},{"floor":10,"key":"Blood Vial"}],"event_choices":[],"is_beta":false,"boss_relics":[],"items_purged_floors":[],"is_endless":false,"potions_floor_spawned":[10,13,15],"killed_by":"downfall:Watcher","ascension_level":20}}