{"host":"5jn3rki867005t18","time":1608634154,"event":{"mods":["2.2 Compatiblity","AchievementEnabler","BaseMod","Colored Map","DeckTracker","Minty Spire (QoL Compilation)","Permanent Neow","Rare Cards Sparkle","StSLib","SuperFastMode"],"gold_per_floor":[112,130,143,93,93,128,128,146,170,187,187,362,362,381,381,477,477,493,493,493],"floor_reached":19,"playtime":940,"items_purged":[],"score":169,"play_id":"79897fba-343f-4ab4-963c-4487f2d7b7dd","local_time":"20201222194914","is_ascension_mode":false,"campfire_choices":[{"floor":11,"key":"REST"},{"floor":13,"key":"REST"},{"floor":15,"key":"REST"}],"circlet_count":0,"master_deck":["Defend_G","Defend_G","Defend_G","Defend_G","Defend_G","Survivor","Neutralize","Dagger Throw","Dagger Throw","Outmaneuver","Prepared","Unload","A Thousand Cuts","Quick Slash","Catalyst","Deadly Poison","Glass Knife","Calculated Gamble+1","Phantasmal Killer+1","Pain","Bouncing Flask"],"relics":["Ring of the Snake","Blood Vial","Tiny Chest","Astrolabe"],"acts_visited":["Exordium","TheCity"],"potions_floor_usage":[10,16],"damage_taken":[{"damage":6,"enemies":"2 Louse","floor":1,"turns":3},{"damage":3,"enemies":"Small Slimes","floor":2,"turns":3},{"damage":0,"enemies":"Jaw Worm","floor":3,"turns":3},{"damage":38,"enemies":"Lagavulin","floor":6,"turns":10},{"damage":8,"enemies":"Blue Slaver","floor":8,"turns":3},{"damage":10,"enemies":"Gremlin Gang","floor":10,"turns":3},{"damage":12,"enemies":"Looter","floor":14,"turns":3},{"damage":45,"enemies":"Hexaghost","floor":16,"turns":11},{"damage":52,"enemies":"Spheric Guardian","floor":18,"turns":6},{"damage":22,"enemies":"Chosen","floor":19,"turns":6}],"seed_played":"-8668813364802092287","potions_obtained":[{"floor":1,"key":"DistilledChaos"},{"floor":2,"key":"GamblersBrew"}],"is_trial":false,"path_per_floor":["M","M","M","?","?","E","?","M","T","M","R","?","R","M","R","B",null,"M","M"],"character_chosen":"THE_SILENT","items_purchased":[],"campfire_rested":3,"item_purchase_floors":[],"current_hp_per_floor":[64,61,61,61,54,16,16,10,10,2,23,23,44,34,55,12,70,18,0,0],"gold":493,"neow_bonus":"THREE_CARDS","is_daily":false,"chose_seed":false,"campfire_upgraded":0,"win_rate":0.0,"timestamp":1608634154,"path_taken":["M","M","M","?","?","E","?","M","T","M","R","?","R","M","R","BOSS","M","M"],"items_purchased_type":[],"build_version":"2020-12-13","purchased_purges":0,"victory":false,"max_hp_per_floor":[70,70,70,70,70,70,70,70,70,70,70,70,70,70,70,70,70,70,70,70],"card_choices":[{"not_picked":["Slice","Caltrops"],"picked":"Dagger Throw","floor":0},{"not_picked":["Choke","Blade Dance"],"picked":"Dagger Throw","floor":1},{"not_picked":["PiercingWail","Backflip"],"picked":"Outmaneuver","floor":2},{"not_picked":["Deflect","Sucker Punch"],"picked":"Prepared","floor":3},{"not_picked":["Quick Slash","Masterful Stab"],"picked":"Unload","floor":6},{"not_picked":["Prepared","Caltrops"],"picked":"Quick Slash","floor":8},{"not_picked":["Escape Plan","Leg Sweep"],"picked":"Catalyst","floor":10},{"not_picked":["Underhanded Strike","Deflect"],"picked":"Deadly Poison","floor":14},{"not_picked":["Malaise","Unload"],"picked":"Glass Knife","floor":16},{"not_picked":["Dodge and Roll+1","Dagger Spray"],"picked":"Bouncing Flask","floor":18}],"player_experience":59742,"relics_obtained":[{"floor":6,"key":"Blood Vial"},{"floor":9,"key":"Tiny Chest"}],"event_choices":[{"cards_removed":["Strike_G"],"damage_healed":0,"gold_gain":0,"player_choice":"Card Removal","damage_taken":0,"max_hp_gain":0,"max_hp_loss":0,"event_name":"The Cleric","floor":4,"gold_loss":50},{"cards_removed":["Strike_G"],"damage_healed":0,"gold_gain":0,"player_choice":"Card Removal","damage_taken":7,"max_hp_gain":0,"max_hp_loss":0,"event_name":"Golden Wing","floor":5,"gold_loss":0},{"damage_healed":0,"gold_gain":0,"cards_transformed":["Strike_G"],"player_choice":"Change","damage_taken":0,"max_hp_gain":0,"max_hp_loss":0,"event_name":"Living Wall","floor":7,"gold_loss":0,"cards_obtained":["A Thousand Cuts"]},{"damage_healed":0,"gold_gain":175,"player_choice":"AGREE","damage_taken":0,"max_hp_gain":0,"max_hp_loss":0,"event_name":"Liars Game","floor":12,"gold_loss":0,"cards_obtained":["Doubt"]}],"is_beta":false,"boss_relics":[{"not_picked":["Coffee Dripper","Philosopher\u0027s Stone"],"picked":"Astrolabe"}],"items_purged_floors":[],"is_endless":false,"potions_floor_spawned":[1,2],"killed_by":"Chosen","ascension_level":0}}