{"host":"12piqfhmdln9x2la","time":1608643404,"event":{"mods":["2.2 Compatiblity","AchievementEnabler","BaseMod","BetterRewards","Colored Powertips","Minty Spire (QoL Compilation)","Quick Restart","SuperFastMode"],"gold_per_floor":[117,117,130,50,65,97,97,125,125,125,125,144,144,158,158,263,263,280,205,215,215,234,234,234,234],"floor_reached":24,"playtime":391,"items_purged":[],"score":307,"play_id":"acb2d8f5-aae9-478c-9d62-c65dbf92b44e","local_time":"20201222222324","is_ascension_mode":true,"campfire_choices":[{"data":"Inflame","floor":7,"key":"SMITH"},{"data":"Infernal Blade","floor":10,"key":"SMITH"},{"floor":15,"key":"RECALL"},{"data":"Demon Form","floor":23,"key":"SMITH"}],"circlet_count":0,"master_deck":["Bash","Pommel Strike","Infernal Blade+1","Inflame+1","Pummel","Exhume","Clash+1","Thunderclap","Cleave","Demon Form+1","Shockwave","Headbutt","Whirlwind","Burning Pact","Evolve","Carnage","Clash","Body Slam","Armaments+1","Anger","Uppercut"],"relics":["Burning Blood","NeowsBlessing","WarpedTongs","The Courier","Pear","Mercury Hourglass","Pandora\u0027s Box"],"acts_visited":["Exordium","TheCity"],"potions_floor_usage":[16],"damage_taken":[{"damage":0,"enemies":"Small Slimes","floor":1,"turns":1},{"damage":0,"enemies":"Cultist","floor":3,"turns":1},{"damage":0,"enemies":"Jaw Worm","floor":5,"turns":1},{"damage":36,"enemies":"Lagavulin","floor":6,"turns":8},{"damage":34,"enemies":"Gremlin Nob","floor":8,"turns":4},{"damage":12,"enemies":"Looter","floor":12,"turns":3},{"damage":16,"enemies":"Exordium Thugs","floor":14,"turns":3},{"damage":1,"enemies":"Slime Boss","floor":16,"turns":5},{"damage":41,"enemies":"2 Thieves","floor":18,"turns":3},{"damage":3,"enemies":"3 Byrds","floor":20,"turns":3},{"damage":24,"enemies":"Snake Plant","floor":22,"turns":3},{"damage":25,"enemies":"Book of Stabbing","floor":24,"turns":2}],"seed_played":"3963739828254390656","potions_obtained":[{"floor":3,"key":"BlessingOfTheForge"},{"floor":6,"key":"Swift Potion"},{"floor":12,"key":"BlessingOfTheForge"},{"floor":14,"key":"ElixirPotion"},{"floor":22,"key":"BlessingOfTheForge"}],"is_trial":false,"path_per_floor":["M","?","M","$","M","E","R","E","T","R","?","M","?","M","R","B",null,"M","?","M","?","M","R","E"],"character_chosen":"IRONCLAD","items_purchased":["Inflame"],"campfire_rested":0,"item_purchase_floors":[4],"current_hp_per_floor":[80,80,80,80,80,50,50,32,32,32,32,26,26,16,16,21,90,55,55,58,40,22,22,0,0],"gold":234,"neow_bonus":"THREE_ENEMY_KILL","is_daily":false,"chose_seed":false,"campfire_upgraded":3,"win_rate":0.0,"timestamp":1608643404,"path_taken":["M","?","?","$","M","E","R","E","T","R","?","?","?","M","R","BOSS","M","?","M","?","M","R","E"],"items_purchased_type":["Card"],"build_version":"2020-12-13","purchased_purges":0,"victory":false,"max_hp_per_floor":[80,80,80,80,80,80,80,90,90,90,90,90,90,90,90,90,90,90,90,90,95,95,95,95,95],"card_choices":[{"not_picked":["Clash","Perfected Strike"],"picked":"Pommel Strike","floor":1},{"not_picked":["Cleave","Metallicize"],"picked":"Infernal Blade","floor":3},{"not_picked":["Disarm","Shrug It Off"],"picked":"Pummel","floor":5},{"not_picked":["Rage","Intimidate"],"picked":"Exhume","floor":6},{"not_picked":["Headbutt","Rage"],"picked":"Clash","floor":8},{"not_picked":["Clothesline","Battle Trance"],"picked":"Thunderclap","floor":12},{"not_picked":["Fire Breathing","Body Slam"],"picked":"Cleave","floor":14},{"not_picked":["Fiend Fire","Corruption"],"picked":"Demon Form","floor":16},{"not_picked":["Pommel Strike","True Grit"],"picked":"Armaments+1","floor":18},{"not_picked":["Intimidate","Havoc"],"picked":"Anger","floor":20},{"not_picked":["Entrench","Havoc"],"picked":"Uppercut","floor":22}],"player_experience":110391,"relics_obtained":[{"floor":6,"key":"The Courier"},{"floor":8,"key":"Pear"},{"floor":9,"key":"Mercury Hourglass"}],"event_choices":[{"damage_healed":0,"gold_gain":0,"player_choice":"Rummage","damage_taken":0,"relics_obtained":["WarpedTongs"],"max_hp_gain":0,"max_hp_loss":0,"event_name":"Accursed Blacksmith","floor":2,"gold_loss":0,"cards_obtained":["Pain"]},{"damage_healed":0,"gold_gain":0,"player_choice":"Upgraded","damage_taken":0,"max_hp_gain":0,"max_hp_loss":0,"event_name":"Upgrade Shrine","floor":11,"gold_loss":0,"cards_upgraded":["Clash"]},{"cards_removed":["Strike_R"],"damage_healed":0,"gold_gain":0,"player_choice":"Forget","damage_taken":0,"max_hp_gain":0,"max_hp_loss":0,"event_name":"Living Wall","floor":13,"gold_loss":0},{"cards_removed":["Pain"],"damage_healed":0,"gold_gain":0,"player_choice":"Gave Gold","damage_taken":0,"max_hp_gain":0,"max_hp_loss":0,"event_name":"Beggar","floor":19,"gold_loss":75},{"damage_healed":0,"gold_gain":0,"player_choice":"Shed Blood","damage_taken":23,"max_hp_gain":5,"max_hp_loss":0,"event_name":"Forgotten Altar","floor":21,"gold_loss":0}],"is_beta":false,"boss_relics":[{"not_picked":["Philosopher\u0027s Stone","Busted Crown"],"picked":"Pandora\u0027s Box"}],"items_purged_floors":[],"is_endless":false,"potions_floor_spawned":[3,6,12,14,22],"killed_by":"Book of Stabbing","ascension_level":2}}