{"host":"baymyijz6sxaqj5s","time":1608626460,"event":{"mods":["AchievementEnabler","BaseMod","Colored Map","Colored Powertips","DeckTracker","KOR Keyword Fix","Keyboard Shortcuts","Minty Spire (QoL Compilation)","Quick Restart","StSLib","SuperFastMode"],"gold_per_floor":[117,134,152,152,162,162,178,190,190,206,225,225,225,225,225,320,320,307,307,318,233,233,233],"floor_reached":22,"playtime":672,"items_purged":[],"score":205,"play_id":"dc74dd3c-0cdf-4816-a8bd-29b85aa8cfd1","local_time":"20201222174100","is_ascension_mode":false,"campfire_choices":[{"data":"Body Slam","floor":6,"key":"SMITH"},{"data":"Barricade","floor":12,"key":"SMITH"},{"floor":15,"key":"REST"}],"circlet_count":0,"master_deck":["Strike_R","Strike_R","Strike_R","Strike_R","Strike_R","Defend_R","Defend_R","Defend_R+1","Defend_R","Bash+1","Thunderclap","Barricade+1","Power Through","Body Slam+1","Spot Weakness","Armaments","Dropkick","Seeing Red","Limit Break","Cleave+1"],"relics":["Burning Blood","Ornamental Fan","Paper Frog","Enchiridion","Pear"],"acts_visited":["Exordium","TheCity"],"potions_floor_usage":[7,8,10,16,18],"damage_taken":[{"damage":1,"enemies":"Cultist","floor":1,"turns":3},{"damage":3,"enemies":"Jaw Worm","floor":2,"turns":4},{"damage":2,"enemies":"Small Slimes","floor":3,"turns":4},{"damage":4,"enemies":"2 Fungi Beasts","floor":5,"turns":5},{"damage":8,"enemies":"Large Slime","floor":7,"turns":6},{"damage":14,"enemies":"Gremlin Gang","floor":8,"turns":3},{"damage":8,"enemies":"2 Fungi Beasts","floor":10,"turns":4},{"damage":3,"enemies":"Exordium Wildlife","floor":11,"turns":4},{"damage":49,"enemies":"The Guardian","floor":16,"turns":9},{"damage":8,"enemies":"2 Thieves","floor":18,"turns":4},{"damage":40,"enemies":"3 Byrds","floor":20,"turns":8},{"damage":65,"enemies":"Cultist and Chosen","floor":22,"turns":5}],"seed_played":"6599054675837300748","potions_obtained":[{"floor":2,"key":"GamblersBrew"},{"floor":7,"key":"Explosive Potion"},{"floor":8,"key":"Fruit Juice"},{"floor":10,"key":"Block Potion"},{"floor":16,"key":"EssenceOfSteel"}],"is_trial":false,"path_per_floor":["M","M","M","?","M","R","M","M","T","M","M","R","?","?","R","B",null,"M","?","M","?","M"],"character_chosen":"IRONCLAD","items_purchased":[],"campfire_rested":1,"item_purchase_floors":[],"current_hp_per_floor":[88,88,88,88,88,88,86,78,78,81,84,84,77,58,85,42,93,91,75,41,51,0,0],"gold":233,"neow_bonus":"TEN_PERCENT_HP_BONUS","is_daily":false,"chose_seed":false,"campfire_upgraded":2,"win_rate":0.0,"timestamp":1608626460,"path_taken":["M","M","M","?","M","R","M","M","T","M","M","R","?","?","R","BOSS","M","?","M","?","M"],"items_purchased_type":[],"build_version":"2020-12-13","purchased_purges":0,"victory":false,"max_hp_per_floor":[88,88,88,88,88,88,88,88,88,93,93,93,93,93,93,93,93,93,93,93,103,103,103],"card_choices":[{"not_picked":["Perfected Strike","Twin Strike"],"picked":"Thunderclap","floor":1},{"not_picked":["Clothesline","Body Slam"],"picked":"Barricade","floor":2},{"not_picked":["Entrench","Sword Boomerang"],"picked":"Power Through","floor":3},{"not_picked":["Searing Blow","Dark Embrace"],"picked":"Body Slam","floor":5},{"not_picked":["Hemokinesis","Feel No Pain"],"picked":"Spot Weakness","floor":7},{"not_picked":["Reckless Charge","Headbutt"],"picked":"Armaments","floor":8},{"not_picked":["Clothesline","Body Slam"],"picked":"Dropkick","floor":10},{"not_picked":["Perfected Strike","Carnage"],"picked":"Seeing Red","floor":11},{"not_picked":["Demon Form","Juggernaut"],"picked":"Limit Break","floor":16},{"not_picked":["Reckless Charge","Havoc","Warcry"],"picked":"SKIP","floor":18},{"not_picked":["Sever Soul+1","Spot Weakness+1"],"picked":"Cleave+1","floor":20}],"player_experience":174224,"relics_obtained":[{"floor":9,"key":"Ornamental Fan"},{"floor":19,"key":"Enchiridion"}],"event_choices":[{"damage_healed":0,"gold_gain":0,"player_choice":"Ignored","damage_taken":0,"max_hp_gain":0,"max_hp_loss":0,"event_name":"Golden Idol","floor":4,"gold_loss":0},{"damage_healed":0,"gold_gain":0,"player_choice":"Success","damage_taken":7,"relics_obtained":["Paper Frog"],"max_hp_gain":0,"max_hp_loss":0,"event_name":"Scrap Ooze","floor":13,"gold_loss":0},{"damage_healed":0,"gold_gain":0,"player_choice":"Entered Light","damage_taken":19,"max_hp_gain":0,"max_hp_loss":0,"event_name":"Shining Light","floor":14,"gold_loss":0,"cards_upgraded":["Defend_R","Bash"]},{"damage_healed":0,"gold_gain":0,"player_choice":"Obtained Book","damage_taken":16,"max_hp_gain":0,"max_hp_loss":0,"event_name":"Cursed Tome","floor":19,"gold_loss":0},{"damage_healed":0,"gold_gain":0,"player_choice":"Obtained Relic","damage_taken":0,"relics_obtained":["Pear"],"max_hp_gain":0,"max_hp_loss":0,"event_name":"Addict","floor":21,"gold_loss":85}],"is_beta":false,"boss_relics":[{"not_picked":["Velvet Choker","Cursed Key","Fusion Hammer"]}],"items_purged_floors":[],"is_endless":false,"potions_floor_spawned":[2,7,8,10,16],"killed_by":"Cultist and Chosen","ascension_level":0}}