{"host":"axqzpfaj96olobtx","time":1608661683,"event":{"mods":["BaseMod","Colored Map","Colored Powertips","Downfall","Minty Spire (QoL Compilation)","Relic Stats","StSLib"],"gold_per_floor":[116,116,132,142,162,162,187,207,280,294,294,294,294,311,311,407,407,427,446,465,477,477,477],"floor_reached":22,"playtime":502,"items_purged":[],"score":192,"play_id":"92d8a766-db6c-4f0b-b2ef-39f0b3c85fd8","local_time":"20201222182803","is_ascension_mode":false,"campfire_choices":[{"data":"EmptyFist","floor":6.0,"key":"SMITH"},{"data":"Eruption","floor":11.0,"key":"SMITH"},{"data":"Ragnarok","floor":13.0,"key":"SMITH"},{"data":"CutThroughFate","floor":15.0,"key":"SMITH"}],"circlet_count":0,"master_deck":["Strike_P","Strike_P","Strike_P","Strike_P","Defend_P","Defend_P","Defend_P","Defend_P","Eruption+1","Vigilance","BowlingBash","EmptyFist+1","CutThroughFate+1","Establishment","FlurryOfBlows","Ragnarok+1","DevaForm","Collect+1","FlurryOfBlows"],"relics":["PureWater","NeowsBlessing","TungstenRod","Mummified Hand","SacredBark"],"acts_visited":[],"potions_floor_usage":[],"damage_taken":[{"damage":0.0,"enemies":"Cultist","floor":1.0,"turns":1.0},{"damage":0.0,"enemies":"Small Slimes","floor":3.0,"turns":1.0},{"damage":0.0,"enemies":"2 Louse","floor":4.0,"turns":1.0},{"damage":0.0,"enemies":"Looter","floor":5.0,"turns":2.0},{"damage":10.0,"enemies":"Gremlin Nob","floor":7.0,"turns":4.0},{"damage":1.0,"enemies":"Blue Slaver","floor":8.0,"turns":3.0},{"damage":2.0,"enemies":"Red Slaver","floor":10.0,"turns":4.0},{"damage":0.0,"enemies":"Looter","floor":14.0,"turns":3.0},{"damage":41.0,"enemies":"Hexaghost","floor":16.0,"turns":6.0},{"damage":16.0,"enemies":"2 Thieves","floor":18.0,"turns":3.0},{"damage":10.0,"enemies":"Shell Parasite","floor":19.0,"turns":4.0},{"damage":17.0,"enemies":"3 Cultists","floor":20.0,"turns":4.0},{"damage":20.0,"enemies":"Snake Plant","floor":21.0,"turns":4.0},{"damage":0,"enemies":"Centurion and Healer","floor":22,"turns":1}],"seed_played":"-5018905124973314429","potions_obtained":[{"floor":2.0,"key":"Explosive Potion"},{"floor":2.0,"key":"BottledMiracle"},{"floor":2.0,"key":"Weak Potion"},{"floor":5.0,"key":"ColorlessPotion"},{"floor":14.0,"key":"Strength Potion"}],"is_trial":false,"path_per_floor":["M","?","M","M","M","R","E","M","T","M","R","?","R","M","R","B",null,"M","M","M","M","M"],"character_chosen":"WATCHER","items_purchased":[],"campfire_rested":0,"item_purchase_floors":[],"current_hp_per_floor":[72,72,72,72,72,72,62,61,61,59,59,59,59,59,59,18,72,56,46,29,9,9,9],"gold":477,"neow_bonus":"THREE_ENEMY_KILL","is_daily":false,"chose_seed":false,"campfire_upgraded":4,"win_rate":0.0,"timestamp":1608661683,"path_taken":["M","?","?","?","M","R","E","M","T","M","R","?","R","?","R","BOSS","M","M","M","M","?"],"items_purchased_type":[],"build_version":"2020-12-13","purchased_purges":0,"victory":false,"max_hp_per_floor":[72,72,72,72,72,72,72,72,72,72,72,72,72,72,72,72,72,72,72,72,72,72,72],"relic_stats":{"counters":[1,1],"Mummified Hand":[0],"obtain_stats":[{"NeowsBlessing":0,"Mummified Hand":0,"SacredBark":0,"PureWater":0,"TungstenRod":0},{"NeowsBlessing":0,"Mummified Hand":0,"SacredBark":0,"PureWater":0,"TungstenRod":0},{"NeowsBlessing":0,"Mummified Hand":0,"SacredBark":0,"PureWater":0,"TungstenRod":0}],"TungstenRod":0},"card_choices":[{"not_picked":["ClearTheMind","Conclude"],"picked":"BowlingBash","floor":1.0},{"not_picked":["Weave","ClearTheMind"],"picked":"EmptyFist","floor":3.0},{"not_picked":["ClearTheMind","Swivel"],"picked":"CutThroughFate","floor":4.0},{"not_picked":["BowlingBash","FollowUp","Consecrate"],"picked":"SKIP","floor":5.0},{"not_picked":["PathToVictory","JustLucky"],"picked":"Establishment","floor":7.0},{"not_picked":["ThirdEye","Evaluate"],"picked":"FlurryOfBlows","floor":8.0},{"not_picked":["FlyingSleeves","CrushJoints"],"picked":"Ragnarok","floor":10.0},{"not_picked":["Sanctity","Crescendo","FlyingSleeves"],"picked":"SKIP","floor":14.0},{"not_picked":["Vault","Scrawl"],"picked":"DevaForm","floor":16.0},{"not_picked":["Consecrate","Collect+1","BowlingBash"],"picked":"SKIP","floor":18.0},{"not_picked":["Consecrate","BowlingBash"],"picked":"Collect+1","floor":18.0},{"not_picked":["Consecrate+1","FlurryOfBlows","Swivel+1"],"picked":"SKIP","floor":19.0},{"not_picked":["Consecrate+1","Swivel+1"],"picked":"FlurryOfBlows","floor":19.0},{"not_picked":["Nirvana","Crescendo+1","JustLucky"],"picked":"SKIP","floor":20.0},{"not_picked":["FlyingSleeves+1","BowlingBash","Consecrate"],"picked":"SKIP","floor":21.0}],"player_experience":7576,"relics_obtained":[{"floor":7.0,"key":"TungstenRod"},{"floor":9.0,"key":"Mummified Hand"}],"event_choices":[{"damage_healed":0.0,"max_hp_gain":0.0,"max_hp_loss":0.0,"gold_gain":0.0,"event_name":"Lab","player_choice":"Got Potions","floor":2.0,"gold_loss":0.0,"damage_taken":0.0},{"damage_healed":0.0,"max_hp_gain":0.0,"max_hp_loss":0.0,"gold_gain":0.0,"event_name":"NoteForYourself","player_choice":"Ignored","floor":12.0,"gold_loss":0.0,"damage_taken":0.0}],"is_beta":false,"boss_relics":[{"not_picked":["Busted Crown","Velvet Choker"],"picked":"SacredBark"}],"items_purged_floors":[],"is_endless":false,"potions_floor_spawned":[3,5,14],"killed_by":"Centurion and Healer","ascension_level":0}}