{"host":"l2dnabsh5e0fsksb","time":1608655563,"event":{"mods":["2.2 Compatiblity","BaseMod","Downfall","Minty Spire (QoL Compilation)","Quick Restart","StSLib"],"gold_per_floor":[99,99,99,99,199,199,233,233,83,101,133,191,221,53,71,89,161,161,161,50,150,163,182,217,217,227,261,280,280,306,231,231,249,327,327,327,346,416,433,433,466,466,466,498,513,513,100,100,114,131,131,131,164,14,14,14],"floor_reached":56,"playtime":2733,"items_purged":["Slimebound:Tackle","Slimebound:Strike_Slimebound","Slimebound:Strike_Slimebound","Slimebound:Strike_Slimebound"],"score":2644,"play_id":"1fc6aff5-1efc-46d0-af30-c933094299bc","local_time":"20201223031603","is_ascension_mode":true,"campfire_choices":[{"floor":1.0,"key":"RECALL"},{"floor":8.0,"key":"REST"},{"data":"Slimebound:Nibble","floor":18.0,"key":"SMITH"},{"data":"Slimebound:OneTwoCombo","floor":30.0,"key":"SMITH"},{"data":"Slimebound:OneTwoCombo","floor":35.0,"key":"SMITH"},{"data":"Slimebound:SelfFormingGoo","floor":45.0,"key":"SMITH"},{"data":"Slimebound:LevelUp","floor":54,"key":"SMITH"}],"circlet_count":0,"master_deck":["AscendersBane","Slimebound:Defend_Slimebound","Slimebound:Defend_Slimebound","Slimebound:Defend_Slimebound","Slimebound:Split","Slimebound:CorrosiveSpit","Slimebound:SplitAcid","Slimebound:SplitBruiser","Slimebound:Nibble+1","Slimebound:HauntingLick","Slimebound:MegaLick","Slimebound:DisruptingSlam","Slimebound:OneTwoCombo+1","Slimebound:SamplingLick","Slimebound:SplitBruiser","Slimebound:OneTwoCombo+1","Slimebound:LevelUp","Slimebound:SplitMire","Slimebound:SplitMire","Slimebound:SelfFormingGoo+1","Slimebound:LeechingTouch+1","Slimebound:SplitLeeching","Slimebound:GoopSpray","Slimebound:LeadByExample","Slimebound:SplitLeeching","Slimebound:RainOfGoop","Slimebound:SplitBruiser","Slimebound:MinionMaster","Slimebound:SplitBruiser","Slimebound:LevelUp+1","Slimebound:SplitLeeching","Slimebound:AcidTongue","Slimebound:SplitMire+1","Slimebound:SplitAcid","Slimebound:MassFeed","Slimebound:SamplingLick+1","Slimebound:SlimeBarrage","Slimebound:SplitBruiser+1","Slimebound:SplitLeeching","Slimebound:SplitAcid","Slimebound:OneTwoCombo+1","Slimebound:SlimeTap","Slimebound:MassRepurpose","Slimebound:LeechEnergy+1","Slimebound:RejuvenatingLick+1"],"relics":["Slimebound:AbsorbEndCombat","downfall:HeartsMalice","Prayer Wheel","downfall:HeartBlessingBlue","downfall:HeartBlessingRed","InkBottle","Bottled Flame","Shuriken","expansioncontent:StudyCardRelic","TungstenRod","Torii","Ornamental Fan","Strawberry","HornCleat","PreservedInsect","Sundial","downfall:HeartBlessingGreen","Slimebound:TarBlob","Darkstone Periapt","Question Card","StrikeDummy","White Beast Statue","Singing Bowl","Vajra"],"acts_visited":["Exordium","TheCity","TheBeyond","TheEnding"],"potions_floor_usage":[55,55],"damage_taken":[{"damage":0.0,"enemies":"Cultist","floor":2.0,"turns":1.0},{"damage":0.0,"enemies":"2 Louse","floor":3.0,"turns":1.0},{"damage":0.0,"enemies":"Small Slimes","floor":5.0,"turns":1.0},{"damage":50.0,"enemies":"Lagavulin","floor":6.0,"turns":5.0},{"damage":9.0,"enemies":"3 Louse","floor":9.0,"turns":3.0},{"damage":25.0,"enemies":"3 Sentries","floor":10.0,"turns":5.0},{"damage":20.0,"enemies":"3 Sentries","floor":11.0,"turns":2.0},{"damage":26.0,"enemies":"Gremlin Nob","floor":12.0,"turns":3.0},{"damage":12.0,"enemies":"downfall:FleeingMerchant","floor":13.0,"turns":4.0},{"damage":8.0,"enemies":"2 Fungi Beasts","floor":14.0,"turns":1.0},{"damage":4.0,"enemies":"3 Louse","floor":15.0,"turns":1.0},{"damage":42.0,"enemies":"downfall:Ironclad","floor":16.0,"turns":3.0},{"damage":22.0,"enemies":"downfall:FleeingMerchant","floor":19.0,"turns":4.0},{"damage":18.0,"enemies":"downfall:Watcher","floor":20.0,"turns":4.0},{"damage":15.0,"enemies":"Shell Parasite","floor":21.0,"turns":2.0},{"damage":9.0,"enemies":"Chosen","floor":22.0,"turns":2.0},{"damage":12.0,"enemies":"Gremlin Leader","floor":23.0,"turns":3.0},{"damage":3.0,"enemies":"Snecko","floor":25.0,"turns":3.0},{"damage":15.0,"enemies":"Slavers","floor":26.0,"turns":2.0},{"damage":9.0,"enemies":"Cultist and Chosen","floor":27.0,"turns":3.0},{"damage":12.0,"enemies":"Book of Stabbing","floor":29.0,"turns":2.0},{"damage":18.0,"enemies":"Centurion and Healer","floor":32.0,"turns":2.0},{"damage":20.0,"enemies":"downfall:Silent","floor":33.0,"turns":4.0},{"damage":10.0,"enemies":"Orb Walker","floor":36.0,"turns":2.0},{"damage":15.0,"enemies":"3 Darklings","floor":38.0,"turns":3.0},{"damage":20.0,"enemies":"Nemesis","floor":40.0,"turns":3.0},{"damage":10.0,"enemies":"Reptomancer","floor":43.0,"turns":2.0},{"damage":23.0,"enemies":"Jaw Worm Horde","floor":44.0,"turns":2.0},{"damage":20.0,"enemies":"Writhing Mass","floor":48.0,"turns":2.0},{"damage":25.0,"enemies":"Maw","floor":49.0,"turns":1.0},{"damage":25.0,"enemies":"downfall:Defect","floor":50.0,"turns":3.0},{"damage":30,"enemies":"downfall:CharBossMerchant","floor":52,"turns":3},{"damage":75,"enemies":"downfall:NeowBoss","floor":55,"turns":11}],"seed_played":"5595163580000188934","potions_obtained":[{"floor":9.0,"key":"DistilledChaos"},{"floor":10.0,"key":"Fire Potion"},{"floor":11.0,"key":"LiquidMemories"},{"floor":20.0,"key":"Fire Potion"},{"floor":23.0,"key":"Strength Potion"},{"floor":32.0,"key":"DuplicationPotion"},{"floor":33.0,"key":"FearPotion"},{"floor":38.0,"key":"Strength Potion"},{"floor":44.0,"key":"Slimebound:SlimyTonguePotion"},{"floor":52,"key":"CultistPotion"}],"is_trial":false,"path_per_floor":["R","M","M","?","M","E","T","R","M","E","?","E","$","M","M","B",null,"R","$","?","M","M","E","T","M","E","M","?","E","R","?","M","B",null,"R","M","?","M","?","E","T","?","E","M","R","$","?","M","M","B",null,"E","$","R","B",null],"character_chosen":"SLIMEBOUND","items_purchased":["Slimebound:OneTwoCombo","TungstenRod","Singing Bowl"],"campfire_rested":1,"item_purchase_floors":[13,19,46],"current_hp_per_floor":[49,49,49,49,49,49,19,19,48,51,48,44,36,48,54,54,46,60,60,62,62,63,64,69,69,71,71,71,52,58,58,58,62,76,76,76,76,76,76,76,76,76,76,76,71,71,71,71,80,80,78,81,84,84,84,80],"gold":14,"neow_bonus":"THREE_ENEMY_KILL","is_daily":false,"chose_seed":false,"campfire_upgraded":5,"win_rate":0.0,"timestamp":1608655563,"path_taken":["R","M","?","?","M","E","T","R","M","E","?","E","$","M","M","BOSS","R","$","?","M","M","E","T","M","E","M","?","E","R","?","M","BOSS","R","M","?","M","?","E","T","?","E","?","R","?","?","M","M","BOSS","E","$","R","BOSS"],"items_purchased_type":["Card","Relic","Relic"],"build_version":"2020-12-13","purchased_purges":4,"victory":true,"max_hp_per_floor":[54,54,54,54,54,54,54,54,64,64,64,64,64,64,64,64,64,64,64,64,64,64,64,71,71,71,71,71,76,76,76,76,76,76,76,76,76,76,76,76,76,76,76,76,76,76,76,76,80,82,82,82,84,84,84,84],"card_choices":[{"not_picked":["Slimebound:FinishingTackle","Slimebound:SplitLeeching"],"picked":"Slimebound:SplitAcid","floor":2.0},{"not_picked":["Slimebound:DisruptingSlam","Slimebound:LeechingTouch"],"picked":"Slimebound:SplitBruiser","floor":3.0},{"not_picked":["Slimebound:GoopTackle","Slimebound:ComboTackle"],"picked":"Slimebound:Nibble","floor":5.0},{"not_picked":["Slimebound:ForwardTackle","Slimebound:Grow"],"picked":"Slimebound:HauntingLick","floor":6.0},{"not_picked":["Slimebound:FlameTackle","Slimebound:Schlurp"],"picked":"Slimebound:MegaLick","floor":9.0},{"not_picked":["Slimebound:FinishingTackle","Slimebound:FlameTackle"],"picked":"Slimebound:DisruptingSlam","floor":9.0},{"not_picked":["Slimebound:RollThrough","Slimebound:SamplingLick"],"picked":"Slimebound:OneTwoCombo","floor":10.0},{"not_picked":["Slimebound:PressTheAttack","Slimebound:ViciousTackle"],"picked":"Slimebound:SamplingLick","floor":11.0},{"not_picked":["Slimebound:ProtectTheBoss","Slimebound:ComboTackle","Slimebound:ForwardTackle"],"picked":"SKIP","floor":12.0},{"not_picked":["Slimebound:RollThrough","Slimebound:Equalize"],"picked":"Slimebound:SplitBruiser","floor":13.0},{"not_picked":["Slimebound:Teamwork","Slimebound:SplitMire"],"picked":"Slimebound:LevelUp","floor":14.0},{"not_picked":["Slimebound:GoopTackle","Slimebound:FinishingTackle"],"picked":"Slimebound:SplitMire","floor":14.0},{"not_picked":["Slimebound:PressTheAttack","Slimebound:ViciousTackle"],"picked":"Slimebound:SplitMire","floor":15.0},{"not_picked":["Slimebound:RollThrough","Slimebound:ItLooksTasty","Slimebound:ForwardTackle"],"picked":"SKIP","floor":15.0},{"not_picked":["Slimebound:WasteNot","Slimebound:DuplicatedForm"],"picked":"Slimebound:SelfFormingGoo","floor":16.0},{"not_picked":["Slimebound:Chomp","Slimebound:Replication"],"picked":"Slimebound:LeechingTouch+1","floor":19.0},{"not_picked":["Slimebound:SplitAcid","Slimebound:LeechingTouch"],"picked":"Slimebound:SplitLeeching","floor":20.0},{"not_picked":["Slimebound:WasteNot","Slimebound:FinishingTackle"],"picked":"Slimebound:GoopSpray","floor":21.0},{"not_picked":["Slimebound:SlimeBrawl","Slimebound:RollThrough+1","Slimebound:LeechingTouch"],"picked":"SKIP","floor":21.0},{"not_picked":["Slimebound:BestDefense","Slimebound:Schlurp"],"picked":"Slimebound:LeadByExample","floor":22.0},{"not_picked":["Slimebound:RollThrough","Slimebound:GrowthPunch"],"picked":"Slimebound:SplitLeeching","floor":22.0},{"not_picked":["Slimebound:ComboTackle","Slimebound:SamplingLick"],"picked":"Slimebound:RainOfGoop","floor":23.0},{"not_picked":["Slimebound:FirmFortitude","Slimebound:Grow"],"picked":"Slimebound:SplitBruiser","floor":25.0},{"not_picked":["Slimebound:SlimeSpikes","Slimebound:Prepare"],"picked":"Slimebound:MinionMaster","floor":25.0},{"not_picked":["Slimebound:Schlurp","Slimebound:MegaLick"],"picked":"Slimebound:SplitBruiser","floor":26.0},{"not_picked":["Slimebound:GrowthPunch","Slimebound:OozeBath"],"picked":"Slimebound:LevelUp","floor":27.0},{"not_picked":["Slimebound:Grow","Slimebound:FinishingTackle"],"picked":"Slimebound:SplitLeeching","floor":27.0},{"not_picked":["Slimebound:BestDefense","Slimebound:Dissolve"],"picked":"Slimebound:AcidTongue","floor":29.0},{"not_picked":["Slimebound:Prepare","Slimebound:ViciousTackle"],"picked":"Slimebound:SplitMire+1","floor":32.0},{"not_picked":["Slimebound:ViciousTackle","Slimebound:Prepare"],"picked":"Slimebound:SplitAcid","floor":32.0},{"not_picked":["Slimebound:Teamwork","Slimebound:LeechLife"],"picked":"Slimebound:MassFeed","floor":33.0},{"not_picked":["Slimebound:GrowthPunch","Slimebound:LeechingTouch"],"picked":"Slimebound:SamplingLick+1","floor":36.0},{"not_picked":["Slimebound:ViciousTackle+1","Slimebound:Schlurp+1"],"picked":"Slimebound:SlimeBarrage","floor":36.0},{"not_picked":["Slimebound:LivingWall","Slimebound:ViciousTackle"],"picked":"Slimebound:SplitBruiser+1","floor":38.0},{"not_picked":["Slimebound:Schlurp","Slimebound:FinishingTackle"],"picked":"Slimebound:SplitLeeching","floor":38.0},{"not_picked":["Slimebound:Schlurp","Slimebound:SplitBruiser"],"picked":"Slimebound:SplitAcid","floor":40.0},{"not_picked":["Slimebound:RejuvenatingLick","Slimebound:GrowthPunch+1","Slimebound:ItLooksTasty"],"picked":"Slimebound:SlimeTap","floor":43.0},{"not_picked":["Slimebound:SlimeSpikes","Slimebound:SplitSpecialist","Slimebound:FlameTackle"],"picked":"Slimebound:MassRepurpose","floor":44.0},{"not_picked":["Slimebound:Grow","Slimebound:TongueLash+1","Slimebound:SplitMire"],"picked":"Slimebound:LeechEnergy+1","floor":44.0},{"not_picked":["Slimebound:Grow","Slimebound:FlameTackle","Slimebound:HauntingLick","Slimebound:SlimeSpikes"],"picked":"Singing Bowl","floor":48.0},{"not_picked":["Slimebound:SplitBruiser+1","Slimebound:GrowthPunch","Slimebound:SlimeSpikes","Slimebound:Nibble"],"picked":"Singing Bowl","floor":48.0},{"not_picked":["Slimebound:FormOfPuddle+1","Slimebound:SlimeSpikes","Slimebound:Chomp"],"picked":"Slimebound:RejuvenatingLick+1","floor":49.0},{"not_picked":["Slimebound:ForwardTackle","Slimebound:Prepare","Slimebound:Gluttony","Slimebound:RejuvenatingLick+1"],"picked":"Singing Bowl","floor":49.0},{"not_picked":["Slimebound:LeechingTouch","Slimebound:RollThrough","Slimebound:BestDefense","Slimebound:AcidTongue"],"picked":"Singing Bowl","floor":52}],"player_experience":1701825,"relics_obtained":[{"floor":6.0,"key":"Prayer Wheel"},{"floor":10.0,"key":"InkBottle"},{"floor":11.0,"key":"Bottled Flame"},{"floor":12.0,"key":"Shuriken"},{"floor":20.0,"key":"Torii"},{"floor":20.0,"key":"Ornamental Fan"},{"floor":23.0,"key":"Strawberry"},{"floor":24.0,"key":"HornCleat"},{"floor":26.0,"key":"PreservedInsect"},{"floor":29.0,"key":"Sundial"},{"floor":37.0,"key":"Darkstone Periapt"},{"floor":40.0,"key":"Question Card"},{"floor":41.0,"key":"StrikeDummy"},{"floor":43.0,"key":"White Beast Statue"},{"floor":52,"key":"Vajra"}],"event_choices":[{"cards_removed":["Slimebound:Defend_Slimebound"],"damage_healed":0.0,"max_hp_gain":0.0,"max_hp_loss":0.0,"gold_gain":0.0,"event_name":"Falling","player_choice":"Removed Skill","floor":39.0,"gold_loss":0.0,"damage_taken":0.0},{"damage_healed":0.0,"max_hp_gain":0.0,"max_hp_loss":0.0,"gold_gain":0.0,"event_name":"Duplicator","player_choice":"Copied","floor":42.0,"gold_loss":0.0,"damage_taken":0.0,"cards_obtained":["Slimebound:OneTwoCombo"]}],"is_beta":false,"boss_relics":[{"not_picked":["Philosopher\u0027s Stone","SacredBark"],"picked":"expansioncontent:StudyCardRelic"},{"not_picked":["Runic Dome","Tiny House"],"picked":"Slimebound:TarBlob"}],"items_purged_floors":[13,19,46,53],"is_endless":false,"potions_floor_spawned":[9,10,11,12,20,23,32,33,38,43,44,48,49,52],"ascension_level":18}}