{"host":"tm3ghj8mno6gwywm","time":1608626807,"event":{"mods":["2.2 Compatiblity","AchievementEnabler","Bard","BaseMod","Beaked The Cultist","Better Third Choice","Colored Map","Colored Powertips","Conspire","Downfall","Glutton Mod","GungeonMod","Halation","Hermit","Hubris","Infinite Spire","Jorbs\u0027s Wanderer Trilogy","Lobotomy","Mad Scientist","Marisa????????","Marked Mod","Mimic Mod","Minty Spire (QoL Compilation)","Potionbrewer","Quick Restart","READ ME - Guardian Mod","Replay The Spire","Shade Mod","Shop Mod","Somnambulant","Spicy Shops","StSLib","SuperFastMode","The Bug Knight","The Construct","The Cursed","The Disciple","The Factory","The Hierophant","The IronCluck","The Judge","The Jungle","The Necromancer","The Runesmith","The Servant 0.9.4","egg"],"gold_per_floor":[116,116,131,131,142,172,172,199,272,291,306,306,323,352,352,458,458,477,477,494,494,494,521,521,551,551,551,563,107,122,122,122,226,226,245,264,127,127,145,276,155,155,155,165,193,41,0,15,15,15,15,15,15,12,43,43],"floor_reached":57,"playtime":1783,"items_purged":[],"score":1370,"play_id":"098f7f2f-2fd2-4cb1-86fe-093f8d20f646","local_time":"20201222034647","is_ascension_mode":false,"campfire_choices":[{"floor":7,"key":"RECALL"},{"floor":15,"key":"REST"},{"floor":24,"key":"REST"},{"floor":27,"key":"REST"},{"data":"Defend_R","floor":32,"key":"SMITH"},{"floor":42,"key":"REST"},{"floor":49,"key":"REST"},{"data":"Strike_R","floor":53,"key":"SMITH"}],"circlet_count":0,"master_deck":["Strike_R+1","Strike_R","Strike_R","Strike_R","Strike_R","Defend_R+1","Defend_R+1","Defend_R","Defend_R+1","Anger+1","hubris:SharpeningStone+1","Neutralize+1","Cleave+1","Havoc+1","Twin Strike+1","ReplayTheSpireMod:Muscle Training+1","Second Wind+1","Infernal Blade+1","Ghostly Armor+1","Power Through+1","Immolate+1","Flex+1","Feel No Pain+1","expansioncontent:YouAreMine+1","Juggernaut+1","conspire:ExplosiveBarrier+1","Body Slam+1","Rage+1","True Grit+1","Replay:Fractal Strike+1","Sever Soul+1","Feel No Pain+1","Wild Strike+1","Evolve+1","Flex+1","Shrug It Off+1","Wild Strike+1","Seeing Red+1","Fire Breathing+1"],"relics":["Burning Blood","Membership Card","Quantum Egg","Frozen Egg 2","Toxic Egg 2","Molten Egg 2","Black Star","Mummified Hand","Lizard Tail","Nunchaku","Lizard Tail","Unceasing Top","halation:AfternoonTea","DemoMod:WeirdEgg","Mark of Pain","hubris:Towel","MutagenicStrength","DemoMod:MeltedRock","Orichalcum","Guardian:PocketSentry","ReplayFunnel","Anchor","champ:DuelingGlove","potionbrewer:Torch","Toolbox","conspire:SpecialSausage","potionbrewer:BhaskarasWheel","potionbrewer:Keyblade","infinitespire:ShieldingShard","hubris:Icosahedron","Self Forming Clay","War Paint","MerchantsRug","Bag of Preparation","halation:LettersToHer","DemoMod:ClearGuonStone","Happy Flower","Akabeko","Boot","Red Mask","HandDrill","DemoMod:MonsterBlood","DemoMod:GlassGuonStoneRelic","DemoMod:WhiteGuonStone","ReplayTheSpireMod:Ninjato"],"acts_visited":["Exordium","TheCity","TheBeyond","TheEnding"],"potions_floor_usage":[14,14,16,33,56],"damage_taken":[{"damage":10,"enemies":"Small Slimes","floor":1,"turns":4},{"damage":5,"enemies":"Cultist","floor":3,"turns":4},{"damage":0,"enemies":"2 Louse","floor":5,"turns":1},{"damage":12,"enemies":"Replay:BlueRogue","floor":6,"turns":6},{"damage":28,"enemies":"3 Sentries","floor":8,"turns":6},{"damage":15,"enemies":"conspire:2 RoseBushes","floor":10,"turns":3},{"damage":12,"enemies":"Large Slime","floor":11,"turns":4},{"damage":21,"enemies":"Gremlin Gang","floor":13,"turns":4},{"damage":18,"enemies":"Lagavulin","floor":14,"turns":5},{"damage":17,"enemies":"Slime Boss","floor":16,"turns":9},{"damage":10,"enemies":"Chosen","floor":18,"turns":5},{"damage":3,"enemies":"conspire:FuzzyDice","floor":20,"turns":8},{"damage":26,"enemies":"Gremlin Leader","floor":23,"turns":8},{"damage":17,"enemies":"Slavers","floor":25,"turns":3},{"damage":1,"enemies":"Snake Plant","floor":28,"turns":3},{"damage":2,"enemies":"Centurion and Healer","floor":30,"turns":3},{"damage":1,"enemies":"hubris:MusketHawk","floor":33,"turns":5},{"damage":0,"enemies":"3 Shapes","floor":35,"turns":1},{"damage":0,"enemies":"Orb Walker","floor":36,"turns":1},{"damage":14,"enemies":"Spire Growth","floor":39,"turns":3},{"damage":15,"enemies":"Reptomancer","floor":40,"turns":5},{"damage":0,"enemies":"Maw","floor":44,"turns":5},{"damage":21,"enemies":"Nemesis","floor":45,"turns":4},{"damage":0,"enemies":"Transient","floor":48,"turns":5},{"damage":2,"enemies":"Awakened One","floor":50,"turns":5},{"damage":0,"enemies":"Shield and Spear","floor":55,"turns":5},{"damage":3,"enemies":"The Heart","floor":56,"turns":6}],"seed_played":"-1220762890065988323","potions_obtained":[{"floor":1,"key":"LiquidMemories"},{"floor":3,"key":"potionbrewer:BarricadePotion"},{"floor":8,"key":"ColorlessPotion"},{"floor":13,"key":"Adrenaline Potion"},{"floor":18,"key":"potionbrewer:CleansingPotion"},{"floor":44,"key":"potionbrewer:BoundlessPotion"},{"floor":48,"key":"potionbrewer:BoundlessPotion"}],"is_trial":false,"path_per_floor":["M","?","M","?","M","E","R","E","T","M","M","?","M","E","R","B",null,"M","?","M","?","?","E","R","E","T","R","M","$","M","AVR","R","B",null,"M","M","$","?","M","E","$","R","T","M","E","$","?","M","R","B",null,null,"R","$","E","B",null],"character_chosen":"IRONCLAD","items_purchased":["Rage+1","champ:DuelingGlove","potionbrewer:Torch","True Grit+1","Toolbox","Art of War","DemoMod:LeadSkinPotion","potionbrewer:Keyblade","infinitespire:ShieldingShard","MerchantsRug","Bag of Preparation","halation:LettersToHer","Akabeko","Boot","HandDrill","DemoMod:MonsterBlood","Seeing Red+1"],"campfire_rested":5,"item_purchase_floors":[29,29,29,29,29,29,29,37,37,41,41,41,46,46,54,54,54],"current_hp_per_floor":[76,76,77,77,80,74,74,52,52,43,37,61,46,34,58,62,80,76,76,79,79,67,47,71,69,69,80,80,80,80,80,80,80,80,80,80,80,80,72,63,63,80,80,80,65,65,65,71,80,80,80,80,80,87,87,87],"gold":43,"neow_bonus":"THREE_CARDS","is_daily":false,"chose_seed":false,"campfire_upgraded":2,"win_rate":0.0,"timestamp":1608626807,"path_taken":["M","?","M","?","?","E","R","E","T","M","M","?","M","E","R","BOSS","M","?","M","?","?","E","R","E","T","R","M","$","M","AVR","R","BOSS","M","?","?","?","M","E","$","R","T","M","E","$","?","M","R","BOSS","R","$","E","BOSS"],"items_purchased_type":["Card","Relic","Relic","Card","Relic","Relic","Potion","Relic","Relic","Relic","Relic","Relic","Relic","Relic","Relic","Relic","Card"],"build_version":"2020-12-13","purchased_purges":0,"victory":true,"max_hp_per_floor":[80,80,80,80,80,80,80,80,80,80,80,80,80,80,80,80,80,80,80,80,80,80,80,80,80,80,80,80,80,80,80,80,80,80,80,80,80,80,80,80,80,80,80,80,80,80,80,80,80,80,80,80,80,87,87,87],"card_choices":[{"not_picked":["Dual Wield","Disarm"],"picked":"Anger","floor":0},{"not_picked":["Warcry+1","Headbutt+1"],"picked":"hubris:SharpeningStone+1","floor":1},{"not_picked":["Anger+1","Flex+1"],"picked":"Cleave+1","floor":3},{"not_picked":["Heavy Blade+1","Armaments+1"],"picked":"Havoc+1","floor":5},{"not_picked":["hubris:StunningStrike+1","True Grit+1"],"picked":"Twin Strike+1","floor":6},{"not_picked":["Clash+1","Headbutt+1"],"picked":"ReplayTheSpireMod:Muscle Training+1","floor":8},{"not_picked":["Searing Blow+1","Dual Wield+1"],"picked":"Second Wind+1","floor":10},{"not_picked":["Run Through+1","Disarm+1"],"picked":"Infernal Blade+1","floor":11},{"not_picked":["Carnage+1","Twin Strike+1"],"picked":"Ghostly Armor+1","floor":13},{"not_picked":["Seeing Red+1","Barricade+1"],"picked":"Power Through+1","floor":14},{"not_picked":["hubris:StunningStrike+1","Barricade+1"],"picked":"Immolate+1","floor":16},{"not_picked":["Sword Boomerang+1","Pommel Strike+1"],"picked":"Flex+1","floor":18},{"not_picked":["Twin Strike+1","Thunderclap+1"],"picked":"Feel No Pain+1","floor":20},{"not_picked":["DemoMod:WhiteBlade+1","Sword Boomerang+1"],"picked":"Juggernaut+1","floor":23},{"not_picked":["Perfected Strike+1","Dropkick+1"],"picked":"conspire:ExplosiveBarrier+1","floor":25},{"not_picked":["DemoMod:WhiteBlade+1","Second Wind+1"],"picked":"Body Slam+1","floor":28},{"not_picked":["Entrench+1","ReplayTheSpireMod:Strike From Hell+1","Twin Strike+1"],"picked":"SKIP","floor":30},{"not_picked":["True Grit+1","Anger+1"],"picked":"Sever Soul+1","floor":35},{"not_picked":["Blood for Blood+1","Havoc+1"],"picked":"Feel No Pain+1","floor":36},{"not_picked":["Pommel Strike+1","Second Wind+1"],"picked":"Wild Strike+1","floor":39},{"not_picked":["Disarm+1","Feed+1"],"picked":"Evolve+1","floor":40},{"not_picked":["Disarm+1","Shrug It Off+1"],"picked":"Flex+1","floor":44},{"not_picked":["Hemokinesis+1","conspire:ExplosiveBarrier+1"],"picked":"Shrug It Off+1","floor":45},{"not_picked":["Dual Wield+1","ReplayTheSpireMod:Corrosion Curse+1"],"picked":"Wild Strike+1","floor":48},{"not_picked":["Cleave+1","hubris:StunningStrike+1"],"picked":"Fire Breathing+1","floor":55}],"player_experience":780870,"relics_obtained":[{"floor":6,"key":"Nunchaku"},{"floor":6,"key":"Lizard Tail"},{"floor":8,"key":"Unceasing Top"},{"floor":8,"key":"halation:AfternoonTea"},{"floor":14,"key":"potionbrewer:DrinkingBird"},{"floor":14,"key":"DemoMod:WeirdEgg"},{"floor":23,"key":"DemoMod:MeltedRock"},{"floor":23,"key":"Orichalcum"},{"floor":25,"key":"Guardian:PocketSentry"},{"floor":25,"key":"ReplayFunnel"},{"floor":26,"key":"Anchor"},{"floor":40,"key":"Self Forming Clay"},{"floor":40,"key":"War Paint"},{"floor":43,"key":"halation:LettersToHer"},{"floor":43,"key":"DemoMod:ClearGuonStone"},{"floor":45,"key":"Happy Flower"},{"floor":55,"key":"DemoMod:WhiteGuonStone"},{"floor":55,"key":"ReplayTheSpireMod:Ninjato"}],"event_choices":[{"cards_removed":["Survivor"],"damage_healed":0,"gold_gain":0,"player_choice":"Card Removal","damage_taken":0,"max_hp_gain":0,"max_hp_loss":0,"event_name":"Wheel of Change","floor":4,"gold_loss":0},{"damage_healed":0,"gold_gain":0,"player_choice":"Inject Mutagens","damage_taken":0,"relics_obtained":["MutagenicStrength"],"max_hp_gain":0,"max_hp_loss":0,"event_name":"Drug Dealer","floor":21,"gold_loss":0},{"damage_healed":0,"gold_gain":0,"player_choice":"CARD ","damage_taken":12,"max_hp_gain":0,"max_hp_loss":0,"event_name":"Knowing Skull","floor":22,"potions_obtained":[],"gold_loss":0,"cards_obtained":["expansioncontent:YouAreMine"]},{"damage_healed":0,"gold_gain":0,"player_choice":"Paid","damage_taken":0,"relics_obtained":["Red Mask"],"max_hp_gain":0,"max_hp_loss":0,"event_name":"Tomb of Lord Red Mask","floor":47,"gold_loss":41}],"is_beta":false,"boss_relics":[{"not_picked":["infinitespire:Cupcake","Honey Jar"],"picked":"Mark of Pain"},{"not_picked":["Snecko Heart","halation:SmartPhone"],"picked":"potionbrewer:BhaskarasWheel"}],"items_purged_floors":[],"is_endless":false,"potions_floor_spawned":[1,3,8,10,13,18,28,36,39,44,48],"ascension_level":0}}