{"host":"28bpuzdckreop5i0","time":1608644037,"event":{"mods":["Act Like it!","BaseMod","BetterRewards","Challenge The Spire","Defuse TimeMaze Blight","Downfall","Elementarium","Energized Spire","Googly Eyes","Hubris","Lobotomy","Menagerie","Mimic Mod","Minty Spire (QoL Compilation)","Relic Stats","Replay The Spire","Spicy Shops","StSLib","The Awakened One except there are too many feathers","The Cursed","The Hierophant","The IronCluck","The Jungle","Thieving Mod","Transform Curses","Wandering Minibosses","slay the spire mod where everything is the same but ironclad has a cowboy hat"],"gold_per_floor":[110,130,51,61,61,95,95,95,120,120,54,74,91,106,106,204,204,216,67,78,94,94,94,94,193,220,36,36,67,67,67,67,162,162,176,195,195,208,3,3,20,20,47,75,86,86,86,11,11,28,28,28],"floor_reached":53,"playtime":3762,"items_purged":["TheCursedMod:Strike_TheCursed","TheCursedMod:Defend_TheCursed"],"score":628,"play_id":"8a8d6fac-e6c3-4372-b571-f0bc87ee2179","local_time":"20201222073357","is_ascension_mode":false,"campfire_choices":[{"data":"TheCursedMod:FleshFromBone","floor":7,"key":"SMITH"},{"data":"TheCursedMod:CleanUpWorkshop","floor":10,"key":"SMITH"},{"data":"TheCursedMod:SpitefulPlan","floor":15,"key":"SMITH"},{"data":"TheCursedMod:Grudge","floor":23,"key":"SMITH"},{"data":"TheCursedMod:CollectTribute","floor":28,"key":"SMITH"},{"data":"TheCursedMod:ReleasedKnowledge","floor":32,"key":"SMITH"},{"data":"TheCursedMod:SmokeScreen","floor":40,"key":"SMITH"},{"floor":49,"key":"REST"},{"data":"TheCursedMod:FleshFromBone","floor":51,"key":"SMITH"}],"circlet_count":0,"master_deck":["TheCursedMod:Strike_TheCursed","TheCursedMod:Strike_TheCursed","TheCursedMod:Defend_TheCursed+1","TheCursedMod:Defend_TheCursed","TheCursedMod:Defend_TheCursed","TheCursedMod:CursedWand+1","TheCursedMod:CleanUpWorkshop+1","TheCursedMod:Dregs","TheCursedMod:CursedShiv","TheCursedMod:SurpriseAttack","TheCursedMod:Wield","TheCursedMod:FleshFromBone+1","Menagerie:Languish","TheCursedMod:SurpriseAttack","Decay","Guardian:Aged","TheCursedMod:FleshFromBone+1","TheCursedMod:ShockAndAwe","TheCursedMod:CircleOfCorruption","TheCursedMod:SpitefulPlan+1","TheCursedMod:CollectTribute+1","TheCursedMod:CircleOfFlame+1","TheCursedMod:FleshFromBone+1","TheCursedMod:SmokeScreen+1","TheCursedMod:Grudge+1","TheCursedMod:HellfireBreathing","TheCursedMod:ReleasedKnowledge+1","TheCursedMod:BlessingInDisguise","TheCursedMod:DemonicPact+1","TheCursedMod:FleshFromBone+1","Parasite","TheCursedMod:CursedStaff","TheCursedMod:CollectTribute+1","TheCursedMod:AshesToAshes"],"relics":["TheCursedMod:BlackMagic101","Gremlin Horn","Replay:Baseball","ReplayTheSpireMod:CursedCoin","TheCursedMod:FourLeafCloverCharm","hubris:HerbalPaste","Replay:Ringing Soul","Replay:Mystery Machine","ReplayTheSpireMod:Ninjato","Replay:Fungal Core","hubris:Icosahedron","Membership Card","PreservedInsect","Blood Vial","Guide Book"],"acts_visited":["Menagerie:Menagerie","TheCity","TheBeyond"],"potions_floor_usage":[33,33,33,33,45,52],"damage_taken":[{"damage":0,"enemies":"Menagerie:2_RABBITS","floor":1,"turns":4},{"damage":0,"enemies":"Menagerie:StygianBoar","floor":2,"turns":3},{"damage":0,"enemies":"Menagerie:MonstrousExperiment","floor":4,"turns":3},{"damage":2,"enemies":"Menagerie:Hydra","floor":6,"turns":8},{"damage":0,"enemies":"Menagerie:Hexasnake","floor":13,"turns":2},{"damage":1,"enemies":"Menagerie:BEAST_MAGE_AND_PROWLING_AMALGAM","floor":14,"turns":3},{"damage":5,"enemies":"Menagerie:Suneater","floor":16,"turns":11},{"damage":9,"enemies":"2 Thieves","floor":18,"turns":3},{"damage":5,"enemies":"Chosen","floor":20,"turns":3},{"damage":0,"enemies":"Centurion and Healer","floor":21,"turns":4},{"damage":0,"enemies":"Gremlin Leader","floor":29,"turns":5},{"damage":60,"enemies":"hubris:MusketHawk","floor":33,"turns":14},{"damage":0,"enemies":"3 Shapes","floor":35,"turns":3},{"damage":9,"enemies":"3 Darklings","floor":36,"turns":6},{"damage":28,"enemies":"Writhing Mass","floor":38,"turns":7},{"damage":30,"enemies":"Sphere and 2 Shapes","floor":41,"turns":6},{"damage":3,"enemies":"Giant Head","floor":44,"turns":8},{"damage":22,"enemies":"Transient","floor":45,"turns":5},{"damage":20,"enemies":"Jaw Worm Horde","floor":50,"turns":4},{"damage":46,"enemies":"Replay:Hell Engine","floor":52,"turns":24}],"seed_played":"8376615057499254413","potions_obtained":[{"floor":1,"key":"Adrenaline Potion"},{"floor":4,"key":"Toxic Potion"},{"floor":16,"key":"AttackPotion"},{"floor":33,"key":"Fruit Juice"},{"floor":36,"key":"Explosive Potion"},{"floor":38,"key":"sneckomod:MuddlingPotion"},{"floor":41,"key":"Ancient Potion"}],"is_trial":false,"path_per_floor":["M","M","$","M","?","E","R","?","T","R","$","?","M","M","R","B",null,"M","$","M","M","?","R","T","?","T","$","R","E","$","?","R","B",null,"M","M","?","M","$","R","M","?","T","E","M","PTL","PTL","$","R","M","R","B",null],"character_chosen":"THE_CURSED","items_purchased":["TheCursedMod:Wield","ReplayTheSpireMod:CursedCoin","TheCursedMod:FleshFromBone+1","TheCursedMod:ShockAndAwe","hubris:HerbalPaste","TheCursedMod:HellfireBreathing","TheCursedMod:ReleasedKnowledge","Membership Card","Guide Book"],"campfire_rested":1,"item_purchase_floors":[3,11,11,11,19,27,27,39,48],"current_hp_per_floor":[75,75,75,75,75,73,73,75,75,75,75,75,75,74,74,69,75,66,66,66,72,72,72,72,72,72,75,75,81,81,66,66,20,94,97,91,91,72,72,72,51,51,51,57,46,46,46,46,78,66,66,28],"gold":28,"neow_bonus":"UPGRADE_CARD","is_daily":false,"chose_seed":false,"campfire_upgraded":8,"win_rate":0.0,"timestamp":1608644037,"path_taken":["M","M","$","M","?","E","R","?","T","R","$","?","M","M","R","BOSS","M","$","?","M","?","R","?","?","T","$","R","E","$","?","R","BOSS","M","M","?","M","$","R","M","?","T","E","M","PTL","PTL","$","R","M","R","BOSS"],"items_purchased_type":["Card","Relic","Card","Card","Relic","Card","Card","Relic","Relic"],"build_version":"2020-12-13","purchased_purges":2,"victory":true,"max_hp_per_floor":[75,75,75,75,75,75,75,75,75,75,75,75,75,75,75,75,75,75,75,75,75,75,75,75,75,75,78,78,81,81,86,86,94,94,97,97,97,100,100,100,103,103,103,106,109,109,109,109,109,109,109,109],"relic_stats":{"Blood Vial":6,"Gremlin Horn":[17,20],"counters":[20,126],"PreservedInsect":125,"obtain_stats":[{"TheCursedMod:BlackMagic101":0,"TheCursedMod:FourLeafCloverCharm":17,"ReplayTheSpireMod:Ninjato":29,"Gremlin Horn":6,"Replay:Fungal Core":34,"ReplayTheSpireMod:CursedCoin":11,"Guide Book":48,"PreservedInsect":43,"Replay:Mystery Machine":26,"Blood Vial":44,"Replay:Ringing Soul":24,"Replay:Baseball":9,"hubris:HerbalPaste":19,"hubris:Icosahedron":37,"Membership Card":39},{"TheCursedMod:BlackMagic101":0,"TheCursedMod:FourLeafCloverCharm":7,"ReplayTheSpireMod:Ninjato":11,"Gremlin Horn":4,"Replay:Fungal Core":12,"ReplayTheSpireMod:CursedCoin":4,"Guide Book":18,"PreservedInsect":16,"Replay:Mystery Machine":10,"Blood Vial":17,"Replay:Ringing Soul":10,"Replay:Baseball":4,"hubris:HerbalPaste":8,"hubris:Icosahedron":14,"Membership Card":15},{"TheCursedMod:BlackMagic101":0,"TheCursedMod:FourLeafCloverCharm":34,"ReplayTheSpireMod:Ninjato":49,"Gremlin Horn":18,"Replay:Fungal Core":63,"ReplayTheSpireMod:CursedCoin":18,"Guide Book":98,"PreservedInsect":85,"Replay:Mystery Machine":44,"Blood Vial":93,"Replay:Ringing Soul":44,"Replay:Baseball":18,"hubris:HerbalPaste":37,"hubris:Icosahedron":72,"Membership Card":79}]},"card_choices":[{"not_picked":["TheCursedMod:DoubleShield","TheCursedMod:CircleOfBlood"],"picked":"TheCursedMod:CursedShiv","floor":1},{"not_picked":["TheCursedMod:Stretching","TheCursedMod:Torture"],"picked":"TheCursedMod:SurpriseAttack","floor":2},{"not_picked":["TheCursedMod:Wield","TheCursedMod:Obscuration"],"picked":"TheCursedMod:FleshFromBone","floor":4},{"not_picked":["TheCursedMod:BlessingInDisguise","TheCursedMod:PrepareRite"],"picked":"TheCursedMod:SurpriseAttack","floor":6},{"not_picked":["TheCursedMod:Stigma","TheCursedMod:Wield"],"picked":"TheCursedMod:CircleOfCorruption","floor":13},{"not_picked":["TheCursedMod:RapidMovement","TheCursedMod:Neurasthenia"],"picked":"TheCursedMod:SpitefulPlan","floor":14},{"not_picked":["TheCursedMod:StunningStrike","TheCursedMod:AntiAging"],"picked":"TheCursedMod:CollectTribute","floor":16},{"not_picked":["TheCursedMod:VitalStrike","TheCursedMod:AbyssShockwave"],"picked":"TheCursedMod:CircleOfFlame+1","floor":18},{"not_picked":["TheCursedMod:Torture","TheCursedMod:CursedMace"],"picked":"TheCursedMod:FleshFromBone+1","floor":20},{"not_picked":["TheCursedMod:CursedArmor+1","TheCursedMod:ReleasedStrength"],"picked":"TheCursedMod:SmokeScreen","floor":21},{"not_picked":["TheCursedMod:CircleOfAmplification","TheCursedMod:DoubleShield"],"picked":"TheCursedMod:BlessingInDisguise","floor":29},{"not_picked":["TheCursedMod:ManaCirculation","TheCursedMod:OutForBlood"],"picked":"TheCursedMod:DemonicPact","floor":33},{"not_picked":["TheCursedMod:CircleOfFlame+1","TheCursedMod:CursedAmulet"],"picked":"TheCursedMod:FleshFromBone","floor":35},{"not_picked":["TheCursedMod:CircleOfCorruption","TheCursedMod:CircleOfBlood","TheCursedMod:Obscuration"],"picked":"SKIP","floor":36},{"not_picked":["TheCursedMod:CircleOfFlame+1","TheCursedMod:Torture","TheCursedMod:TacticalStrike+1"],"picked":"SKIP","floor":38},{"not_picked":["TheCursedMod:SpreadPlague","TheCursedMod:CursedMace"],"picked":"TheCursedMod:CursedStaff","floor":41},{"not_picked":["TheCursedMod:FleshFromBone+1","TheCursedMod:Stigma+1"],"picked":"TheCursedMod:CollectTribute","floor":44},{"not_picked":["TheCursedMod:SmokeScreen","TheCursedMod:SoulReap"],"picked":"TheCursedMod:AshesToAshes","floor":45},{"not_picked":["TheCursedMod:Torture+1","TheCursedMod:Hemoplague","TheCursedMod:Stretching"],"picked":"SKIP","floor":50}],"player_experience":865542,"relics_obtained":[{"floor":6,"key":"Gremlin Horn"},{"floor":9,"key":"Replay:Baseball"},{"floor":24,"key":"Replay:Ringing Soul"},{"floor":26,"key":"Replay:Mystery Machine"},{"floor":29,"key":"ReplayTheSpireMod:Ninjato"},{"floor":43,"key":"PreservedInsect"},{"floor":44,"key":"Blood Vial"}],"event_choices":[{"damage_healed":0,"gold_gain":0,"cards_transformed":["TheCursedMod:Strike_TheCursed"],"player_choice":"Grasp","damage_taken":0,"max_hp_gain":0,"max_hp_loss":0,"event_name":"Menagerie:MagesHand","floor":5,"gold_loss":0,"cards_obtained":["Menagerie:Languish"]},{"damage_healed":0,"gold_gain":0,"player_choice":"Continue","damage_taken":0,"max_hp_gain":0,"max_hp_loss":0,"event_name":"Menagerie:MossyPath","floor":8,"gold_loss":0,"cards_obtained":["Decay"]},{"damage_healed":0,"gold_gain":20,"player_choice":"Cunning","damage_taken":0,"max_hp_gain":0,"max_hp_loss":0,"event_name":"Menagerie:CloudVision","floor":12,"gold_loss":0,"cards_upgraded":["TheCursedMod:Defend_TheCursed"]},{"damage_healed":0,"gold_gain":0,"player_choice":"Read","damage_taken":0,"max_hp_gain":0,"max_hp_loss":0,"event_name":"The Library","floor":22,"gold_loss":0,"cards_obtained":["TheCursedMod:Grudge"]},{"damage_healed":0,"gold_gain":99,"player_choice":"Stole From Cult","damage_taken":0,"max_hp_gain":0,"max_hp_loss":0,"event_name":"Nest","floor":25,"gold_loss":0},{"damage_healed":0,"gold_gain":0,"player_choice":"Shed Blood","damage_taken":20,"max_hp_gain":5,"max_hp_loss":0,"event_name":"Forgotten Altar","floor":31,"gold_loss":0},{"damage_healed":0,"gold_gain":0,"player_choice":"Memory 1","damage_taken":0,"max_hp_gain":0,"max_hp_loss":0,"event_name":"SensoryStone","floor":42,"gold_loss":0}],"is_beta":false,"boss_relics":[{"not_picked":["Snecko Heart","hubris:HollowSoul"],"picked":"TheCursedMod:FourLeafCloverCharm"},{"not_picked":["Runic Pyramid","energizedSpire:RedRose"],"picked":"Replay:Fungal Core"}],"items_purged_floors":[19,39],"is_endless":false,"potions_floor_spawned":[1,4,16,20,21,33,36,38,41],"ascension_level":0}}