{"host":"8fjsnt81u6xsmhji","time":1608625467,"event":{"mods":["BaseMod","Colored Powertips","Downfall","Glutton Mod","Minty Spire (QoL Compilation)","Quick Restart","Somnambulant","StSLib","The Bug Knight","The Construct","The Forsaken","The Hierophant","The Mystic"],"gold_per_floor":[114,114,114,129,84,119,119,129,180,180,198,198,210,210,210,314,314,334,350,550,550,567,567,581,600,624,624,641,41,114,133,133,233,233,243,256,268,268,268],"floor_reached":38,"playtime":1981,"items_purged":[],"score":479,"play_id":"bc188118-e14b-40d7-bc5c-0c89c20f6ca9","local_time":"20201222022427","is_ascension_mode":true,"campfire_choices":[{"floor":7.0,"key":"REST"},{"floor":10.0,"key":"REST"},{"floor":15.0,"key":"RECALL"},{"floor":23.0,"key":"REST"},{"floor":27.0,"key":"REST"},{"data":"theForsaken:CreepingInfection","floor":32.0,"key":"SMITH"}],"circlet_count":0,"master_deck":["theForsaken:TheForsaken_Strike","theForsaken:TheForsaken_Strike","theForsaken:TheForsaken_Strike","theForsaken:TheForsaken_Defend","theForsaken:TheForsaken_Defend","theForsaken:TheForsaken_Defend","theForsaken:TheForsaken_Defend+1","theForsaken:Smite","theForsaken:Penitence","theForsaken:BindingThorns","theForsaken:PlagueCurse","theForsaken:CreepingInfection+1","theForsaken:Enfeeble","theForsaken:Enfeeble","theForsaken:Eulogy","theForsaken:Devotion+1","theForsaken:CorruptedForm","theForsaken:DarkBargain","theForsaken:BindingThorns+1","theForsaken:QuickAttack","theForsaken:CreepingInfection+1","theForsaken:QuickAttack+1","theForsaken:Riposte","expansioncontent:QuickStudy","theForsaken:Devotion","theForsaken:StoreUp","theForsaken:Horror","theForsaken:RainingSunlight+1","theForsaken:HymnOfRest","theForsaken:HymnOfPatience+1"],"relics":["theForsaken:JudgementScales","theForsaken:PlagueMask","Omamori","Guardian:PocketSentry","construct:WeddingRing","HollowMod:StagPassRelic","Eternal Feather","Calling Bell","War Paint","Kunai","Turnip"],"acts_visited":["Exordium","TheCity","TheBeyond"],"potions_floor_usage":[38],"damage_taken":[{"damage":3.0,"enemies":"Cultist","floor":1.0,"turns":5.0},{"damage":5.0,"enemies":"2 Louse","floor":4.0,"turns":4.0},{"damage":41.0,"enemies":"Gremlin Nob","floor":6.0,"turns":5.0},{"damage":3.0,"enemies":"Small Slimes","floor":8.0,"turns":3.0},{"damage":0.0,"enemies":"Exordium Wildlife","floor":11.0,"turns":3.0},{"damage":29.0,"enemies":"2 Fungi Beasts","floor":13.0,"turns":3.0},{"damage":59.0,"enemies":"The Guardian","floor":16.0,"turns":8.0},{"damage":35.0,"enemies":"Chosen","floor":18.0,"turns":4.0},{"damage":39.0,"enemies":"Spheric Guardian","floor":19.0,"turns":5.0},{"damage":11.0,"enemies":"Cultist and Chosen","floor":21.0,"turns":4.0},{"damage":30.0,"enemies":"Shelled Parasite and Fungi","floor":22.0,"turns":3.0},{"damage":10.0,"enemies":"Chosen and Byrds","floor":24.0,"turns":5.0},{"damage":20.0,"enemies":"Snake Plant","floor":25.0,"turns":4.0},{"damage":28.0,"enemies":"Centurion and Healer","floor":28.0,"turns":7.0},{"damage":44.0,"enemies":"Cultist and Chosen","floor":31.0,"turns":5.0},{"damage":76.0,"enemies":"Champ","floor":33.0,"turns":11.0},{"damage":63.0,"enemies":"3 Darklings","floor":35.0,"turns":5.0},{"damage":21.0,"enemies":"3 Shapes","floor":36.0,"turns":5.0},{"damage":44,"enemies":"Transient","floor":37,"turns":5},{"damage":15,"enemies":"Spire Growth","floor":38,"turns":2}],"seed_played":"-2612860008674806464","potions_obtained":[{"floor":1.0,"key":"SmokeBomb"},{"floor":8.0,"key":"Dexterity Potion"},{"floor":13.0,"key":"SmokeBomb"},{"floor":16.0,"key":"Strength Potion"},{"floor":25.0,"key":"Weak Potion"},{"floor":36.0,"key":"AttackPotion"}],"is_trial":false,"path_per_floor":["M","?","?","M","?","E","R","M","T","R","M","?","M","?","R","B",null,"M","M","?","M","M","R","M","M","T","R","M","$","T","M","R","B",null,"M","M","M","M"],"character_chosen":"THE_FORSAKEN","items_purchased":["HollowMod:StagPassRelic","expansioncontent:QuickStudy","CultistPotion","theForsaken:Devotion"],"campfire_rested":4,"item_purchase_floors":[29,29,29,29],"current_hp_per_floor":[69,69,62,57,57,30,51,51,51,71,71,71,64,81,81,28,81,58,37,37,38,27,51,47,48,48,72,56,56,56,47,62,45,81,61,48,12,0,0],"gold":268,"neow_bonus":"TEN_PERCENT_HP_BONUS","is_daily":false,"chose_seed":false,"campfire_upgraded":1,"win_rate":0.0,"timestamp":1608625467,"path_taken":["M","?","?","M","?","E","R","M","T","R","?","?","?","?","R","BOSS","M","?","?","M","M","R","M","M","T","R","M","$","?","M","R","BOSS","M","M","M","M"],"items_purchased_type":["Relic","Card","Potion","Card"],"build_version":"2020-12-13","purchased_purges":0,"victory":false,"max_hp_per_floor":[71,71,71,71,71,71,71,71,71,71,71,71,71,81,81,81,81,81,81,81,81,81,81,81,81,81,81,81,81,81,81,81,81,81,81,81,81,81,81],"card_choices":[{"not_picked":["theForsaken:Thunderbolt","theForsaken:FuryStrikes"],"picked":"theForsaken:BindingThorns","floor":1.0},{"not_picked":["theForsaken:WordsOfMight","theForsaken:RainingSunlight"],"picked":"theForsaken:CreepingInfection","floor":4.0},{"not_picked":["theForsaken:PanicDive","theForsaken:FuryStrikes"],"picked":"theForsaken:Enfeeble","floor":6.0},{"not_picked":["theForsaken:SiphonStrike","theForsaken:Terrorize"],"picked":"theForsaken:Enfeeble","floor":8.0},{"not_picked":["theForsaken:PanicDive","theForsaken:ChargeAttack"],"picked":"theForsaken:Eulogy","floor":11.0},{"not_picked":["theForsaken:SacrificeSoul","theForsaken:FuryStrikes"],"picked":"theForsaken:Devotion","floor":13.0},{"not_picked":["theForsaken:Horror","theForsaken:DarkRift"],"picked":"theForsaken:CorruptedForm","floor":16.0},{"not_picked":["theForsaken:ShieldCharge","theForsaken:Backlash"],"picked":"theForsaken:DarkBargain","floor":18.0},{"not_picked":["theForsaken:HorrifyingStrike","theForsaken:ShieldCharge+1"],"picked":"theForsaken:BindingThorns+1","floor":19.0},{"not_picked":["theForsaken:Backlash","theForsaken:ChargeAttack+1"],"picked":"theForsaken:QuickAttack","floor":22.0},{"not_picked":["theForsaken:ShieldBash+1","theForsaken:Backlash"],"picked":"theForsaken:CreepingInfection+1","floor":24.0},{"not_picked":["theForsaken:Enfeeble+1","theForsaken:HymnOfPatience+1"],"picked":"theForsaken:QuickAttack+1","floor":25.0},{"not_picked":["theForsaken:BountifulSunlight","theForsaken:ShieldBash"],"picked":"theForsaken:Riposte","floor":28.0},{"not_picked":["theForsaken:HymnOfPatience","theForsaken:Preservation"],"picked":"theForsaken:StoreUp","floor":31.0},{"not_picked":["theForsaken:SpreadingPlague","theForsaken:FountainOfLife"],"picked":"theForsaken:Horror","floor":33.0},{"not_picked":["theForsaken:ChargeAttack+1","theForsaken:DefensiveStance"],"picked":"theForsaken:RainingSunlight+1","floor":35.0},{"not_picked":["theForsaken:RainingSunlight+1","theForsaken:ShieldCharge+1"],"picked":"theForsaken:HymnOfRest","floor":36.0},{"not_picked":["theForsaken:ShieldCharge+1","theForsaken:DefensiveStance"],"picked":"theForsaken:HymnOfPatience+1","floor":37}],"player_experience":629024,"relics_obtained":[{"floor":6.0,"key":"Omamori"},{"floor":9.0,"key":"Guardian:PocketSentry"},{"floor":30.0,"key":"Eternal Feather"},{"floor":34.0,"key":"War Paint"},{"floor":34.0,"key":"Kunai"},{"floor":34.0,"key":"Turnip"}],"event_choices":[{"damage_healed":0.0,"max_hp_gain":0.0,"max_hp_loss":0.0,"gold_gain":0.0,"event_name":"Plague Doctor","player_choice":"Obtain Plague Curse","floor":2.0,"gold_loss":0.0,"damage_taken":0.0,"cards_obtained":["theForsaken:PlagueCurse"]},{"cards_removed":["theForsaken:TheForsaken_Strike"],"damage_healed":0.0,"max_hp_gain":0.0,"max_hp_loss":0.0,"gold_gain":0.0,"event_name":"Golden Wing","player_choice":"Card Removal","floor":3.0,"gold_loss":0.0,"damage_taken":7.0},{"damage_healed":0.0,"max_hp_gain":0.0,"max_hp_loss":0.0,"gold_gain":0.0,"event_name":"World of Goop","player_choice":"Left Gold","floor":5.0,"gold_loss":45.0,"damage_taken":0.0},{"damage_healed":0.0,"max_hp_gain":0.0,"max_hp_loss":0.0,"gold_gain":0.0,"event_name":"Match and Keep!","player_choice":"1 cards matched","floor":12.0,"gold_loss":0.0,"damage_taken":0.0,"cards_obtained":["theForsaken:DarkRift"]},{"cards_removed":["theForsaken:DarkRift"],"damage_healed":7.0,"max_hp_gain":10.0,"max_hp_loss":0.0,"gold_gain":0.0,"event_name":"Bonfire Elementals","player_choice":"Offered Rare","floor":14.0,"gold_loss":0.0,"damage_taken":0.0},{"damage_healed":0.0,"max_hp_gain":0.0,"max_hp_loss":0.0,"gold_gain":200.0,"event_name":"Wheel of Change","player_choice":"Gold","floor":20.0,"gold_loss":0.0,"damage_taken":0.0}],"is_beta":false,"boss_relics":[{"not_picked":["Tiny House","theForsaken:ScalesOfTruth"],"picked":"construct:WeddingRing"},{"not_picked":["Velvet Choker","construct:ClawGrip"],"picked":"Calling Bell"}],"items_purged_floors":[],"is_endless":false,"potions_floor_spawned":[1,8,13,16,18,21,25,28,36],"killed_by":"Spire Growth","ascension_level":1}}