{"host":"21h5e52imz35vo8g","time":1608610082,"event":{"mods":["AchievementEnabler","BaseMod","Colored Map","Colored Powertips","Googly Eyes","Minty Spire (QoL Compilation)","Quick Restart","Rare Cards Sparkle","Replay The Spire","StSLib"],"gold_per_floor":[118,118,293,293,311,311,351,351,421,456,456,456,127,140,140,140,140],"floor_reached":16,"playtime":567,"items_purged":["Parasite"],"score":177,"play_id":"7c697bff-9191-4a63-94f7-67d6c3ec86fd","local_time":"20201222120802","is_ascension_mode":true,"campfire_choices":[{"data":"Bash","floor":6,"key":"SMITH"},{"data":"Barricade","floor":8,"key":"SMITH"},{"floor":15,"key":"RECALL"}],"circlet_count":0,"master_deck":["Strike_R","Strike_R","Strike_R","Strike_R","Strike_R","Defend_R","Defend_R","Defend_R","Defend_R","Bash+1","Shrug It Off+1","Doubt","Barricade+1"],"relics":["Burning Blood","NeowsBlessing","Golden Idol","Oddly Smooth Stone","Bottled Lightning","Blood Vial","ReplayTheSpireMod:Ring of Collecting","ReplayTheSpireMod:Ring of Challenge","Matryoshka"],"acts_visited":["Exordium"],"potions_floor_usage":[16],"damage_taken":[{"damage":0,"enemies":"2 Louse","floor":1,"turns":1},{"damage":0,"enemies":"Small Slimes","floor":5,"turns":1},{"damage":0,"enemies":"3 Sentries","floor":7,"turns":2},{"damage":56,"enemies":"Gremlin Nob","floor":10,"turns":6},{"damage":8,"enemies":"Cultist","floor":14,"turns":6},{"damage":15,"enemies":"Slime Boss","floor":16,"turns":13}],"seed_played":"-1000689095990066921","potions_obtained":[{"floor":14,"key":"Flashbang"}],"is_trial":false,"path_per_floor":["M","?","?","?","M","R","E","R","T","E","?","T","$","M","R","B"],"character_chosen":"IRONCLAD","items_purchased":["Matryoshka"],"campfire_rested":0,"item_purchase_floors":[13],"current_hp_per_floor":[78,58,58,58,64,64,70,70,70,20,20,20,20,20,20,7,7],"gold":140,"neow_bonus":"THREE_ENEMY_KILL","is_daily":false,"chose_seed":false,"campfire_upgraded":2,"win_rate":0.0,"timestamp":1608610082,"path_taken":["M","?","?","?","M","R","E","R","T","E","?","?","$","M","R","BOSS"],"items_purchased_type":["Relic"],"build_version":"2020-12-13","purchased_purges":1,"victory":false,"max_hp_per_floor":[80,80,80,80,80,80,80,80,80,80,80,80,77,77,77,77,77],"card_choices":[{"not_picked":["Run Through","Metallicize"],"picked":"Shrug It Off","floor":1},{"not_picked":["Cleave","ReplayTheSpireMod:Strike From Hell","Whirlwind"],"picked":"SKIP","floor":5},{"not_picked":["Heavy Blade","Uppercut"],"picked":"Barricade","floor":7},{"not_picked":["Perfected Strike","Clash","Iron Wave"],"picked":"SKIP","floor":10},{"not_picked":["Iron Wave","Thunderclap","Shrug It Off"],"picked":"SKIP","floor":14}],"player_experience":313030,"relics_obtained":[{"floor":7,"key":"Oddly Smooth Stone"},{"floor":9,"key":"Bottled Lightning"},{"floor":10,"key":"Blood Vial"},{"floor":11,"key":"ReplayTheSpireMod:Ring of Collecting"},{"floor":12,"key":"ReplayTheSpireMod:Ring of Challenge"}],"event_choices":[{"damage_healed":0,"gold_gain":0,"player_choice":"Take Damage","damage_taken":20,"relics_obtained":["Golden Idol"],"max_hp_gain":0,"max_hp_loss":0,"event_name":"Golden Idol","floor":2,"gold_loss":0},{"damage_healed":0,"gold_gain":175,"player_choice":"AGREE","damage_taken":0,"max_hp_gain":0,"max_hp_loss":0,"event_name":"Liars Game","floor":3,"gold_loss":0,"cards_obtained":["Doubt"]}],"is_beta":false,"boss_relics":[],"items_purged_floors":[13],"is_endless":false,"potions_floor_spawned":[14],"killed_by":"Slime Boss","ascension_level":7}}