{"host":"ue7jlgf7uv134an9","time":1608598944,"event":{"mods":["BaseMod","Better Third Choice","Defuse TimeMaze Blight","Minty Spire (QoL Compilation)","Quick Restart","Rare Cards Sparkle","Relic Stats","StSLib","UnlockEverythingMod"],"gold_per_floor":[109,119,269,70,70,101,115,141,141,141,171,186,7,20,20,20,20],"floor_reached":16,"playtime":805,"items_purged":["Doubt","Strike_G"],"score":240,"play_id":"8f05485e-7cb9-4754-968d-ac4606583efc","local_time":"20201221200224","is_ascension_mode":true,"campfire_choices":[{"floor":15,"key":"REST"}],"circlet_count":0,"master_deck":["AscendersBane","Strike_G","Strike_G","Strike_G","Defend_G","Defend_G","Defend_G","Defend_G","Survivor","Neutralize","Well Laid Plans","Dagger Throw","Flash of Steel","Sucker Punch","Apotheosis","Footwork","Blade Dance","Terror","Leg Sweep","Backstab","Dash"],"relics":["Ring of the Snake","Toy Ornithopter","White Beast Statue","Pear","Blue Candle"],"acts_visited":["Exordium"],"potions_floor_usage":[7,8,12,12,12,16],"damage_taken":[{"damage":7,"enemies":"Jaw Worm","floor":1,"turns":7},{"damage":0,"enemies":"2 Louse","floor":2,"turns":4},{"damage":4,"enemies":"Lagavulin","floor":6,"turns":7},{"damage":2,"enemies":"Small Slimes","floor":7,"turns":3},{"damage":22,"enemies":"3 Sentries","floor":8,"turns":8},{"damage":25,"enemies":"Gremlin Nob","floor":11,"turns":4},{"damage":29,"enemies":"Exordium Thugs","floor":12,"turns":6},{"damage":4,"enemies":"Blue Slaver","floor":14,"turns":2},{"damage":46,"enemies":"Slime Boss","floor":16,"turns":10}],"seed_played":"-5462966571363147275","potions_obtained":[{"floor":6,"key":"Explosive Potion"},{"floor":7,"key":"SkillPotion"},{"floor":8,"key":"DuplicationPotion"},{"floor":11,"key":"Poison Potion"},{"floor":12,"key":"Fruit Juice"},{"floor":14,"key":"FearPotion"}],"is_trial":false,"path_per_floor":["M","M","?","$","?","E","M","E","T","?","E","M","$","M","R","B"],"character_chosen":"THE_SILENT","items_purchased":["Flash of Steel","Sucker Punch","Dash"],"campfire_rested":1,"item_purchase_floors":[4,4,13],"current_hp_per_floor":[37,37,37,37,37,33,36,19,29,54,29,20,20,16,40,0,0],"gold":20,"neow_bonus":"REMOVE_TWO","is_daily":false,"chose_seed":false,"campfire_upgraded":0,"win_rate":0.0,"timestamp":1608598944,"path_taken":["M","M","?","$","?","E","M","E","T","?","E","M","$","M","R","BOSS"],"items_purchased_type":["Card","Card","Card"],"build_version":"2020-12-13","purchased_purges":2,"victory":false,"max_hp_per_floor":[66,66,66,66,66,66,66,66,76,76,76,81,81,81,81,81,81],"relic_stats":{"counters":[9,51],"Blue Candle":[0],"obtain_stats":[{"Pear":9,"Blue Candle":11,"Toy Ornithopter":6,"White Beast Statue":8,"Ring of the Snake":0},{"Pear":5,"Blue Candle":6,"Toy Ornithopter":3,"White Beast Statue":5,"Ring of the Snake":0},{"Pear":29,"Blue Candle":33,"Toy Ornithopter":18,"White Beast Statue":29,"Ring of the Snake":0}],"Toy Ornithopter":30,"Ring of the Snake":[18]},"card_choices":[{"not_picked":["Prepared","Dagger Throw"],"picked":"Well Laid Plans","floor":1},{"not_picked":["Calculated Gamble","Outmaneuver"],"picked":"Dagger Throw","floor":2},{"not_picked":["Backflip","Envenom"],"picked":"Footwork","floor":6},{"not_picked":["Footwork","Bane"],"picked":"Blade Dance","floor":7},{"not_picked":["Setup","Cloak And Dagger"],"picked":"Terror","floor":8},{"not_picked":["Blur","Backflip"],"picked":"Leg Sweep","floor":11},{"not_picked":["Crippling Poison","Well Laid Plans"],"picked":"Backstab","floor":12},{"not_picked":["Noxious Fumes","Flying Knee","Eviscerate"],"picked":"SKIP","floor":14}],"player_experience":19406,"relics_obtained":[{"floor":6,"key":"Toy Ornithopter"},{"floor":8,"key":"White Beast Statue"},{"floor":9,"key":"Pear"},{"floor":11,"key":"Blue Candle"}],"event_choices":[{"damage_healed":0,"gold_gain":150,"player_choice":"AGREE","damage_taken":119,"max_hp_gain":0,"max_hp_loss":0,"event_name":"betterThird:BetterSerpent","floor":3,"gold_loss":0},{"damage_healed":37,"gold_gain":0,"player_choice":"Embrace","damage_taken":0,"max_hp_gain":0,"max_hp_loss":66,"event_name":"betterThird:BetterShining","floor":5,"gold_loss":0},{"damage_healed":25,"gold_gain":0,"player_choice":"Banana","damage_taken":0,"max_hp_gain":0,"max_hp_loss":0,"event_name":"Big Fish","floor":10,"gold_loss":0}],"is_beta":false,"boss_relics":[],"items_purged_floors":[4,13],"is_endless":false,"potions_floor_spawned":[6,7,8,11,12,14],"killed_by":"Slime Boss","ascension_level":20}}