{"host":"ipcfr4ajj2jkxvg7","time":1608643467,"event":{"mods":["BaseMod","Colored Powertips","GifTheSpireLib","Marisa（F雨　魔理沙）","Minty Spire (QoL Compilation)","Quick Restart","Remilia（蕾米莉亚）","Replay The Spire","RumiaBox-露米娅的神秘盒子","StSLib"],"gold_per_floor":[109,120,70,85,101,129,142,142,166,166,166,186,196,214,214,286,286,297,222,234,234,283,283,120,149,173,93,93,25,41,54,54,126,126,143,200,213,232,277,302,322,333,333,359,386,386,417,433,433,433],"floor_reached":51,"playtime":1246,"items_purged":["Strike_MRS"],"score":1173,"play_id":"e75a7fe7-9fbc-448a-86de-7154e24a86b2","local_time":"20201222212427","is_ascension_mode":true,"campfire_choices":[{"floor":10.0,"key":"REST"},{"floor":15.0,"key":"REST"},{"data":"OrrerysSun","floor":23.0,"key":"SMITH"},{"floor":28.0,"key":"REST"},{"floor":32.0,"key":"REST"},{"floor":46.0,"key":"REST"},{"floor":49.0,"key":"REST"}],"circlet_count":0,"master_deck":["AscendersBane","Strike_MRS","Strike_MRS","Strike_MRS","Defend_MRS","MasterSpark","UpSweep","MilkyWay+1","PowerUp","PropBag","PulseMagic","OrrerysSun+1","Acceleration","Acceleration","PulseMagic","EnergyFlow","StarBarrage","MachineGunSpark","FairyDestructionRay","AlicesGift","MilkyWay","SuperPerseids+1","PowerUp+1"],"relics":["MiniHakkero","NeowsBlessing","AddBug","SecretRecord","SecretRecord","SecretRecord","SecretRecord","SecretRecord","SecretRecord","SecretRecord","SecretRecord","SecretRecord","SecretRecord","SecretRecord","SecretRecord"],"acts_visited":["Exordium","TheCity","TheBeyond"],"potions_floor_usage":[50],"damage_taken":[{"damage":0.0,"enemies":"2 Louse","floor":1.0,"turns":1.0},{"damage":0.0,"enemies":"Small Slimes","floor":2.0,"turns":1.0},{"damage":0.0,"enemies":"Cultist","floor":4.0,"turns":1.0},{"damage":13.0,"enemies":"Large Slime","floor":5.0,"turns":5.0},{"damage":33.0,"enemies":"Gremlin Nob","floor":6.0,"turns":4.0},{"damage":0.0,"enemies":"2 Fungi Beasts","floor":7.0,"turns":2.0},{"damage":13.0,"enemies":"Blue Slaver","floor":12.0,"turns":2.0},{"damage":0.0,"enemies":"Exordium Wildlife","floor":13.0,"turns":3.0},{"damage":4.0,"enemies":"Looter","floor":14.0,"turns":2.0},{"damage":28.0,"enemies":"The Guardian","floor":16.0,"turns":8.0},{"damage":6.0,"enemies":"Spheric Guardian","floor":18.0,"turns":3.0},{"damage":12.0,"enemies":"Shell Parasite","floor":20.0,"turns":3.0},{"damage":9.0,"enemies":"Slavers","floor":25.0,"turns":3.0},{"damage":11.0,"enemies":"Chosen and Byrds","floor":30.0,"turns":2.0},{"damage":10.0,"enemies":"Shelled Parasite and Fungi","floor":31.0,"turns":3.0},{"damage":0.0,"enemies":"Collector","floor":33.0,"turns":4.0},{"damage":0.0,"enemies":"3 Darklings","floor":35.0,"turns":2.0},{"damage":0.0,"enemies":"Orb Walker","floor":37.0,"turns":1.0},{"damage":0.0,"enemies":"Sphere and 2 Shapes","floor":38.0,"turns":1.0},{"damage":0.0,"enemies":"2 Orb Walkers","floor":39.0,"turns":1.0},{"damage":0.0,"enemies":"Mind Bloom Boss Battle","floor":40.0,"turns":2.0},{"damage":0.0,"enemies":"Transient","floor":41.0,"turns":3.0},{"damage":0.0,"enemies":"4 Shapes","floor":42.0,"turns":1.0},{"damage":21.0,"enemies":"Nemesis","floor":45.0,"turns":3.0},{"damage":0.0,"enemies":"Giant Head","floor":47.0,"turns":2.0},{"damage":0.0,"enemies":"Maw","floor":48.0,"turns":3.0},{"damage":0,"enemies":"Replay:Hell Engine","floor":50,"turns":1}],"seed_played":"-8443078531301070394","potions_obtained":[{"floor":4.0,"key":"Dexterity Potion"},{"floor":5.0,"key":"Explosive Potion"},{"floor":6.0,"key":"Swift Potion"},{"floor":12.0,"key":"Milkshake"},{"floor":14.0,"key":"Dexterity Potion"},{"floor":39.0,"key":"Adrenaline Potion"},{"floor":45.0,"key":"SteroidPotion"}],"is_trial":false,"path_per_floor":["M","M","?","M","M","E","M","?","T","R","?","M","M","M","R","B",null,"M","?","M","?","T","R","$","E","T","$","R","$","M","M","R","B",null,"M","?","M","M","?","?","M","M","T","T","E","R","E","M","R","B",null],"character_chosen":"MARISA","items_purchased":["Acceleration","PulseMagic","StarBarrage","MachineGunSpark"],"campfire_rested":6,"item_purchase_floors":[24,24,27,29],"current_hp_per_floor":[63,63,63,63,50,17,17,17,17,38,38,25,25,21,42,14,56,50,50,38,38,38,38,38,29,29,29,50,50,39,29,50,50,65,65,48,48,48,48,48,48,48,48,48,27,48,48,48,69,69],"gold":433,"neow_bonus":"THREE_ENEMY_KILL","is_daily":false,"chose_seed":false,"campfire_upgraded":1,"win_rate":0.0,"timestamp":1608643467,"path_taken":["M","M","?","M","M","E","M","?","T","R","?","M","?","M","R","BOSS","M","?","M","?","?","R","$","E","T","$","R","?","M","M","R","BOSS","M","?","M","M","?","?","M","M","T","?","E","R","E","M","R","BOSS"],"items_purchased_type":["Card","Card","Card","Card"],"build_version":"2020-12-13","purchased_purges":1,"victory":true,"max_hp_per_floor":[70,70,70,70,70,70,70,70,70,70,70,70,70,70,70,70,70,70,70,70,70,70,70,70,70,70,70,70,70,70,70,70,70,70,70,70,70,70,70,70,70,70,70,70,70,70,70,70,70,70],"card_choices":[{"not_picked":["IllusionStar","EarthLightRay"],"picked":"MilkyWay","floor":1.0},{"not_picked":["RefractionSpark","DoubleSpark","MagicChant"],"picked":"SKIP","floor":2.0},{"not_picked":["MysteriousBeam","OortCloud","DoubleSpark"],"picked":"SKIP","floor":4.0},{"not_picked":["WitchLeyline","DarkMatter"],"picked":"PowerUp","floor":5.0},{"not_picked":["DeepEcoloBomb","Occultation"],"picked":"PropBag","floor":6.0},{"not_picked":["ManaRampage","Singularity"],"picked":"PulseMagic","floor":7.0},{"not_picked":["Orbital","OneTimeOff"],"picked":"OrrerysSun","floor":12.0},{"not_picked":["GravityBeat","GalacticHalo","ShootTheMoon"],"picked":"SKIP","floor":13.0},{"not_picked":["DoubleSpark","MagicChant"],"picked":"Acceleration","floor":14.0},{"not_picked":["DoubleSpark","OpenUniverse","Orbital"],"picked":"SKIP","floor":18.0},{"not_picked":["LuminesStrike","UnstableBomb","MysteriousBeam"],"picked":"SKIP","floor":20.0},{"not_picked":["MagicAbsorber","WitchLeyline"],"picked":"EnergyFlow","floor":25.0},{"not_picked":["Occultation","DragonMeteor"],"picked":"FairyDestructionRay","floor":30.0},{"not_picked":["SporeBomb","OneTimeOff","UnstableBomb+1"],"picked":"SKIP","floor":31.0},{"not_picked":["MeteoricShower","NonDirectionalLaser","SprinkleStarSeal+1"],"picked":"SKIP","floor":35.0},{"not_picked":["GalacticHalo","StarlightTyphoon"],"picked":"AlicesGift","floor":37.0},{"not_picked":["ChargeUpSpray","EnergyRecoil","AsteroidBelt+1"],"picked":"SKIP","floor":38.0},{"not_picked":["PulseMagic","UnstableBomb+1"],"picked":"MilkyWay","floor":40.0},{"not_picked":["IllusionStar","SporeBomb+1","MysteriousBeam"],"picked":"SKIP","floor":41.0},{"not_picked":["WitchLeyline","GrandCross+1"],"picked":"SuperPerseids+1","floor":42.0},{"not_picked":["NonDirectionalLaser","JA"],"picked":"PowerUp+1","floor":45.0},{"not_picked":["AsteroidBelt","OortCloud","WitchOfGreed"],"picked":"SKIP","floor":47.0},{"not_picked":["WitchOfGreed","OortCloud","IllusionStar"],"picked":"SKIP","floor":48.0}],"player_experience":409332,"relics_obtained":[{"floor":1.0,"key":"AddBug"},{"floor":6.0,"key":"Tiny Chest"},{"floor":12.0,"key":"SecretRecord"},{"floor":18.0,"key":"SecretRecord"},{"floor":22.0,"key":"Gremlin Food"},{"floor":25.0,"key":"SecretRecord"},{"floor":25.0,"key":"Replay:Baseball"},{"floor":26.0,"key":"Replay:Bandana"},{"floor":30.0,"key":"SecretRecord"},{"floor":33.0,"key":"SecretRecord"},{"floor":36.0,"key":"Meat on the Bone"},{"floor":38.0,"key":"SecretRecord"},{"floor":39.0,"key":"MoreBug"},{"floor":39.0,"key":"SecretRecord"},{"floor":40.0,"key":"Peace Pipe"},{"floor":40.0,"key":"SecretRecord"},{"floor":42.0,"key":"SecretRecord"},{"floor":43.0,"key":"Thread and Needle"},{"floor":44.0,"key":"Bag of Preparation"},{"floor":45.0,"key":"SecretRecord"},{"floor":45.0,"key":"Pen Nib"},{"floor":47.0,"key":"Nunchaku"},{"floor":48.0,"key":"SecretRecord"}],"event_choices":[{"cards_removed":["Defend_MRS"],"damage_healed":0.0,"max_hp_gain":0.0,"max_hp_loss":0.0,"gold_gain":0.0,"event_name":"The Cleric","player_choice":"Card Removal","floor":3.0,"gold_loss":50.0,"damage_taken":0.0},{"cards_removed":["Defend_MRS"],"damage_healed":0.0,"max_hp_gain":0.0,"max_hp_loss":0.0,"gold_gain":0.0,"event_name":"Living Wall","player_choice":"Forget","floor":8.0,"gold_loss":0.0,"damage_taken":0.0},{"damage_healed":0.0,"max_hp_gain":0.0,"max_hp_loss":0.0,"gold_gain":0.0,"event_name":"Upgrade Shrine","player_choice":"Upgraded","floor":11.0,"gold_loss":0.0,"damage_taken":0.0,"cards_upgraded":["MilkyWay"]},{"cards_removed":["Defend_MRS"],"damage_healed":0.0,"max_hp_gain":0.0,"max_hp_loss":0.0,"gold_gain":0.0,"event_name":"Beggar","player_choice":"Gave Gold","floor":19.0,"gold_loss":75.0,"damage_taken":0.0},{"damage_healed":0.0,"max_hp_gain":0.0,"max_hp_loss":0.0,"gold_gain":0.0,"event_name":"Drug Dealer","player_choice":"Inject Mutagens","floor":21.0,"gold_loss":0.0,"damage_taken":0.0,"relics_obtained":["MutagenicStrength"]},{"damage_healed":0.0,"max_hp_gain":0.0,"max_hp_loss":0.0,"gold_gain":0.0,"event_name":"Mysterious Sphere","player_choice":"Fight","floor":39.0,"gold_loss":0.0,"damage_taken":0.0},{"damage_healed":0.0,"max_hp_gain":0.0,"max_hp_loss":0.0,"gold_gain":0.0,"event_name":"MindBloom","player_choice":"Fight","floor":40.0,"gold_loss":0.0,"damage_taken":0.0}],"is_beta":false,"boss_relics":[{"not_picked":["Velvet Choker","ReplayTheSpireMod:DimensionalGlitch"],"picked":"SoulBox"},{"not_picked":["Sozu","Runic Dome"],"picked":"SacredBark"}],"items_purged_floors":[24],"is_endless":false,"potions_floor_spawned":[4,5,6,12,14,20,31,37,38,39,45,48],"ascension_level":14}}