{"host":"51b3tsslnntndamg","time":1608615014,"event":{"mods":["BaseMod","BetterRewards","Colored Map","Colored Powertips","Downfall","Hermit","Highlight Path","Hubris","Infinite Spire","Jorbs\u0027s Wanderer Trilogy","Key Reminder","Lobotomy","Minty Spire (QoL Compilation)","Quick Restart","READ ME - Guardian Mod","Rare Cards Sparkle","Replay The Spire","Shop Mod","StSLib","SuperFastMode","The Animator","The Cursed","The Hierophant","The Jungle","The Poker Player","The Runesmith","The Servant 0.9.4"],"gold_per_floor":[99,110,60,60,60,45,70,83,83,98,98,109,109,109,121,121,121,121],"floor_reached":16,"playtime":1689,"items_purged":[],"score":95,"play_id":"863f78d4-98bf-4c0d-b69c-6f5d2bd53f41","local_time":"20201221213014","is_ascension_mode":true,"campfire_choices":[{"data":"Guardian:TwinSlam","floor":1,"key":"SMITH"},{"data":"Guardian:CurlUp","floor":9,"key":"SMITH"},{"data":"Guardian:SpikerProtocol","floor":11,"key":"SMITH"},{"data":"Guardian:Recover","floor":13,"key":"SMITH"}],"circlet_count":0,"master_deck":["Guardian:Strike_Guardian","Guardian:Strike_Guardian","Guardian:Strike_Guardian","Guardian:Defend_Guardian","Guardian:Defend_Guardian","Guardian:Defend_Guardian","Guardian:Defend_Guardian","Guardian:CurlUp+1","Guardian:FloatingOrbs","Guardian:ShieldCharger","Guardian:Emergency+1","Guardian:Preprogram","Guardian:SpikerProtocol+1","Guardian:ChargeCore","Guardian:Recover+1","Survivor+1","Neutralize+1","Guardian:Gem_Yellow"],"relics":["Guardian:ModeShifter","Gremlin Food"],"acts_visited":["Exordium"],"potions_floor_usage":[],"damage_taken":[{"damage":6,"enemies":"Jaw Worm","floor":2,"turns":4},{"damage":3,"enemies":"downfall:FleeingMerchant","floor":3,"turns":4},{"damage":0,"enemies":"downfall:FleeingMerchant","floor":6,"turns":4},{"damage":0,"enemies":"Cultist","floor":8,"turns":4},{"damage":8,"enemies":"2 Louse","floor":10,"turns":4},{"damage":6,"enemies":"2 Fungi Beasts","floor":12,"turns":3},{"damage":10,"enemies":"3 Louse","floor":15,"turns":5},{"damage":57,"enemies":"downfall:Defect","floor":16,"turns":16}],"seed_played":"-5758403807680950626","potions_obtained":[{"floor":8,"key":"champ:CounterPotion"},{"floor":12,"key":"Strength Potion"}],"is_trial":false,"path_per_floor":["R","M","$","?","?","$","T","M","R","M","R","M","R","?","M","B"],"character_chosen":"GUARDIAN","items_purchased":["Guardian:Emergency"],"campfire_rested":0,"item_purchase_floors":[3],"current_hp_per_floor":[88,82,79,79,79,79,79,79,79,71,71,65,65,65,55,0,0,0],"gold":121,"neow_bonus":"TEN_PERCENT_HP_BONUS","is_daily":false,"chose_seed":false,"campfire_upgraded":4,"win_rate":0.0,"timestamp":1608615014,"path_taken":["R","M","$","?","?","$","T","M","R","M","R","?","R","?","M","BOSS"],"items_purchased_type":["Card"],"build_version":"2020-12-13","purchased_purges":0,"victory":false,"max_hp_per_floor":[88,88,88,88,88,88,88,88,88,88,88,88,88,88,88,88,88,88],"card_choices":[{"not_picked":["Guardian:ShieldSpikes","Guardian:PiercingHide"],"picked":"Guardian:FloatingOrbs","floor":2},{"not_picked":["Guardian:VentSteam","Guardian:CrystalBeam"],"picked":"Guardian:ShieldCharger","floor":3},{"not_picked":["Guardian:TemporalShield","Guardian:PrismaticBarrier"],"picked":"Guardian:Preprogram","floor":6},{"not_picked":["Guardian:PrimingBeam","Guardian:Harden"],"picked":"Guardian:SpikerProtocol","floor":8},{"not_picked":["Guardian:Suspension","Guardian:Preprogram"],"picked":"Guardian:ChargeCore","floor":10},{"not_picked":["Guardian:Gem_Green","Guardian:Gem_Crimson"],"picked":"Guardian:Recover","floor":12},{"not_picked":["Guardian:WalkerClaw","Guardian:Orbwalk"],"picked":"Guardian:Gem_Yellow","floor":15}],"player_experience":815358,"relics_obtained":[{"floor":7,"key":"Gremlin Food"}],"event_choices":[{"cards_removed":["Guardian:Strike_Guardian"],"damage_healed":0,"gold_gain":0,"player_choice":"Purged","damage_taken":0,"max_hp_gain":0,"max_hp_loss":0,"event_name":"Purifier","floor":5,"gold_loss":0}],"is_beta":false,"boss_relics":[],"items_purged_floors":[],"is_endless":false,"potions_floor_spawned":[8,12],"killed_by":"downfall:Defect","ascension_level":1}}