{"host":"0gy90rl0ccnvdufw","time":1608612960,"event":{"mods":["AchievementEnabler","Act Like it!","Aspiration","Bard","BaseMod","Better Third Choice","Better Vampires","BetterRewards","ChefMod","Colored Map","Colored Powertips","Conspire","Decade(???)","Downfall","Ekko","Gensokyo","GungeonMod","Halation","Hubris","Infinite Spire","Jedi Mod","KomeijiMod","Luminous","Minty Spire (QoL Compilation)","Quick Restart","Rare Cards Sparkle","Replay The Spire","Robot Space Explorer","StSLib","SuperFastMode","The Cursed","The Disciple","The Dragon Tamer","The Forsaken","The Jungle","[IsaacMod]????","??????REMEMod"],"gold_per_floor":[114,114,131,306,319,319,354,354,354,374,424,424,424,438,438,541,541,553,553,571,590,604,604,618,618,618,673,673,673,673,696,696,828,828,874,893,931,945,945],"floor_reached":38,"playtime":1268,"items_purged":[],"score":380,"play_id":"084d763c-b3b2-46a4-82d8-ef0d2339a485","local_time":"20201221225600","is_ascension_mode":false,"campfire_choices":[{"data":"Luminous:Phantom_Treasure_Luminous","floor":6,"key":"SMITH"},{"floor":8,"key":"REST"},{"floor":13,"key":"REST"},{"floor":15,"key":"REST"},{"floor":23,"key":"REST"},{"floor":25,"key":"REST"},{"floor":30,"key":"REST"},{"floor":32,"key":"REST"}],"circlet_count":0,"master_deck":["Luminous:Light_Flash_Shower","Luminous:Light_Flash_Shower","Luminous:Light_Flash_Shower","Luminous:Dark_Abyssal_Drop","Luminous:Dark_Abyssal_Drop","Luminous:Dark_Abyssal_Drop","Luminous:Defend_Luminous","Luminous:Defend_Luminous","Luminous:Defend_Luminous","Luminous:Defend_Luminous","Luminous:Switch_Luminous","EpicFetus","DTMod:OpeningTactic","Luminous:Phantom_Treasure_Luminous+1","Doubt","Luminous:Dark_Dim_Erosion","Luminous:Balance_Death_Scythe","Luminous:Dark_Arcane_Pitch","Luminous:Magic_Guard_Luminous","Luminous:Concentrate_Luminous","Luminous:Lania_Blessing_Luminous","Redo","Luminous:Equalize_Luminous","Buffer","Luminous:Photic_Meditation_Luminous+1"],"relics":["Luminous:MirrorRelic","REME_ComplimentaryCards","HushsDoor","TuHaoJin","NeowsBlessing","Dream Catcher","hubris:ToyBattleship","GuppysPaw","halation:PromiseList","DemoMod:LamentConfigurum","aspiration:DefectSkillbook","SalivaCoin","CaptainsWheel","MutagenicStrength","Painkiller Herb"],"acts_visited":["Exordium","TheCity","TheBeyond"],"potions_floor_usage":[11,14,22],"damage_taken":[{"damage":0,"enemies":"Jaw Worm","floor":1,"turns":1},{"damage":0,"enemies":"Cultist","floor":3,"turns":1},{"damage":0,"enemies":"2 Louse","floor":5,"turns":1},{"damage":34,"enemies":"3 Sentries","floor":7,"turns":7},{"damage":6,"enemies":"Looter","floor":10,"turns":2},{"damage":55,"enemies":"Hiden Room Battle","floor":11,"turns":5},{"damage":7,"enemies":"Red Slaver","floor":14,"turns":4},{"damage":38,"enemies":"The Guardian","floor":16,"turns":16},{"damage":26,"enemies":"Shell Parasite","floor":18,"turns":5},{"damage":15,"enemies":"conspire:FuzzyDice","floor":20,"turns":4},{"damage":27,"enemies":"Centurion and Healer","floor":21,"turns":7},{"damage":16,"enemies":"Sentry and Sphere","floor":22,"turns":5},{"damage":0,"enemies":"3 Cultists","floor":24,"turns":4},{"damage":35,"enemies":"Snake Plant","floor":27,"turns":4},{"damage":0,"enemies":"Snecko","floor":31,"turns":3},{"damage":52,"enemies":"hubris:MusketHawk","floor":33,"turns":9},{"damage":32,"enemies":"3 Darklings","floor":35,"turns":5},{"damage":8,"enemies":"Orb Walker","floor":36,"turns":4},{"damage":32,"enemies":"Jaw Worm Horde","floor":37,"turns":3},{"damage":19,"enemies":"conspire:MimicChest","floor":38,"turns":5}],"seed_played":"7577376570899463842","potions_obtained":[{"floor":1,"key":"Fire Potion"},{"floor":7,"key":"LiquidMemories"},{"floor":10,"key":"Weak Potion"},{"floor":14,"key":"Milkshake"},{"floor":20,"key":"jedi:StrikingPotion"},{"floor":22,"key":"CalmPotion"},{"floor":27,"key":"Strength Potion"},{"floor":31,"key":"LiquidBronze"}],"is_trial":false,"path_per_floor":["M","?","M","?","M","R","E","R","T","M","?","T","R","M","R","B",null,"M","?","M","M","M","R","M","R","T","M","AVR","?","R","M","R","B",null,"?","?","?","?"],"character_chosen":"LuminousClass","items_purchased":[],"campfire_rested":7,"item_purchase_floors":[],"current_hp_per_floor":[75,75,75,75,75,75,41,63,63,57,2,2,24,17,39,1,75,54,54,44,27,16,38,38,60,60,25,25,25,47,47,69,27,75,48,45,13,0,0],"gold":945,"neow_bonus":"THREE_ENEMY_KILL","is_daily":false,"chose_seed":false,"campfire_upgraded":1,"win_rate":0.0,"timestamp":1608612960,"path_taken":["M","?","?","?","M","R","E","R","T","M","?","?","R","?","R","BOSS","M","?","M","?","?","R","M","R","T","M","AVR","?","R","M","R","BOSS","?","?","?","?"],"items_purchased_type":[],"build_version":"2020-12-13","purchased_purges":0,"victory":false,"max_hp_per_floor":[75,75,75,75,75,75,75,75,75,75,75,75,75,75,75,75,75,75,75,75,75,75,75,75,75,75,75,75,75,75,75,75,75,75,75,75,75,75,75],"card_choices":[{"not_picked":[],"picked":"EpicFetus","floor":0},{"not_picked":["Luminous:Light_Glare","Luminous:Light_Spectral_Light"],"picked":"Luminous:Phantom_Treasure_Luminous","floor":1},{"not_picked":["Luminous:Blinding_Pillar_Luminous","Luminous:Light_Wash_Luminous","Luminous:Accumulation_Luminous"],"picked":"SKIP","floor":3},{"not_picked":["Luminous:Light_Spectral_Light","Luminous:Sympathy_Luminous"],"picked":"Luminous:Dark_Dim_Erosion","floor":5},{"not_picked":["Luminous:Shadow_Shell_Luminous","Luminous:Tune_Luminous"],"picked":"Luminous:Balance_Death_Scythe","floor":7},{"not_picked":["Luminous:Dark_Dim_Erosion","Luminous:Accumulation_Luminous"],"picked":"Luminous:Dark_Arcane_Pitch","floor":8},{"not_picked":["Luminous:Dark_Arcane_Pitch","Luminous:Light_Reflection","Luminous:Dark_Extract"],"picked":"SKIP","floor":10},{"not_picked":["Luminous:Light_Wash_Luminous","Luminous:Darks_Surge_Luminous"],"picked":"Luminous:Magic_Guard_Luminous","floor":14},{"not_picked":["Luminous:Light_Glare","Luminous:Dark_Pressure_Void"],"picked":"Luminous:Concentrate_Luminous","floor":15},{"not_picked":["Luminous:Armageddon_Luminous","Luminous:Arcane_Rage_Luminous"],"picked":"Luminous:Lania_Blessing_Luminous","floor":16},{"not_picked":["Leap","Luminous:Light_Disperse","hubris:Ukulele+1","ReplayTheSpireMod:Dual Polarity"],"picked":"SKIP","floor":18},{"not_picked":["Luminous:Light_Disperse","Barrage","Rebound+1","jedi:reiji"],"picked":"SKIP","floor":20},{"not_picked":["Barrage+1","Luminous:Shadow_Shell_Luminous+1","Turbo"],"picked":"Redo","floor":21},{"not_picked":["Luminous:Chase_Spell_Luminous","Cold Snap+1","Redo","Luminous:Concentrate_Luminous+1"],"picked":"SKIP","floor":22},{"not_picked":["Luminous:Blinding_Pillar_Luminous","Loop","Luminous:Reverse_Spell_Luminous"],"picked":"Luminous:Equalize_Luminous","floor":24},{"not_picked":["jedi:bruteforce","Go for the Eyes+1","Self Repair","jedi:BurstFrost"],"picked":"SKIP","floor":27},{"not_picked":["Rebound","Luminous:Light_Glare+1","Distribution","Chaos"],"picked":"SKIP","floor":31},{"not_picked":["Hyperbeam","Luminous:Mirror_Force_Luminous","Biased Cognition"],"picked":"Buffer","floor":33},{"not_picked":["Steam+1","ReplayTheSpireMod:GoodbyeWorld","BasicCrystalCard+1","jedi:spotbugs"],"picked":"SKIP","floor":35},{"not_picked":["Steam Power","Luminous:Concentrate_Luminous","Blizzard+1","Panic Button"],"picked":"SKIP","floor":36},{"not_picked":["Luminous:Light_Gather","Luminous:Concentrate_Luminous+1","Luminous:Dark_Pressure_Void+1"],"picked":"Luminous:Photic_Meditation_Luminous+1","floor":37}],"player_experience":312920,"relics_obtained":[{"floor":7,"key":"Dream Catcher"},{"floor":9,"key":"hubris:ToyBattleship"},{"floor":11,"key":"GuppysPaw"},{"floor":11,"key":"halation:PromiseList"},{"floor":12,"key":"DemoMod:LamentConfigurum"},{"floor":26,"key":"SalivaCoin"}],"event_choices":[{"damage_healed":0,"gold_gain":0,"player_choice":"Leave","damage_taken":0,"max_hp_gain":0,"max_hp_loss":0,"event_name":"conspire:Investor","floor":2,"gold_loss":0},{"damage_healed":0,"gold_gain":175,"player_choice":"AGREE","damage_taken":131,"max_hp_gain":0,"max_hp_loss":0,"event_name":"betterThird:BetterSerpent","floor":4,"gold_loss":0},{"damage_healed":0,"gold_gain":0,"player_choice":"Fight","damage_taken":0,"max_hp_gain":0,"max_hp_loss":0,"event_name":"HidenRoomEvent","floor":11,"gold_loss":0},{"damage_healed":0,"gold_gain":0,"player_choice":"Bought 0 Potions","damage_taken":0,"max_hp_gain":0,"max_hp_loss":0,"event_name":"The Woman in Blue","floor":19,"gold_loss":0},{"damage_healed":0,"gold_gain":0,"player_choice":"Inject Mutagens","damage_taken":0,"relics_obtained":["MutagenicStrength"],"max_hp_gain":0,"max_hp_loss":0,"event_name":"Drug Dealer","floor":29,"gold_loss":0}],"is_beta":false,"boss_relics":[{"not_picked":["halation:Yufonium","Cursed Key"],"picked":"aspiration:DefectSkillbook"},{"not_picked":[]},{"not_picked":["Replay:Bronze Core","Replay:Drink Me"],"picked":"Painkiller Herb"},{"not_picked":[]}],"items_purged_floors":[],"is_endless":false,"potions_floor_spawned":[1,7,10,14,20,22,27,31,36],"killed_by":"conspire:MimicChest","ascension_level":0}}