{"host":"xx5zt3jtdyh8iun7","time":1608648260,"event":{"mods":["AchievementEnabler","Act Like it!","BaseMod","Bestiary","Downfall","Minty Spire (QoL Compilation)","Replay The Spire","StSLib"],"gold_per_floor":[99,99,99,24,39,50,50,64,49,49,499,499,424,457,468,565,565,490,509,509,520,620,639,639,0,0,23,38,38,54,87,102,206,206,131,148,148,168,183,209,209,28,61,75,100,100,100,100],"floor_reached":46,"playtime":9428,"items_purged":["champ:Defend","Regret","Slimebound:Icky"],"score":628,"play_id":"a50746b3-4e02-4d82-bbaa-49a5cbbe3e69","local_time":"20201222154420","is_ascension_mode":false,"campfire_choices":[{"data":"champ:FocusedDefense","floor":10,"key":"SMITH"},{"data":"champ:IronFortress","floor":13,"key":"SMITH"},{"floor":18,"key":"DIG"},{"floor":29,"key":"RECALL"},{"data":"Slimebound:Icky","floor":35,"key":"PURGE"}],"circlet_count":0,"master_deck":["champ:Strike+1","champ:Strike+1","champ:Execute","champ:Taunt+1","champ:PerfectedStrike","champ:Riposte+1","champ:ArenaPreparation","champ:SkillfulDodge","champ:BerserkersShout","champ:FocusedDefense+1","champ:IronFortress+1","champ:DeathBlow","Slimebound:Icky","champ:BringItOn","champ:Circumvent","champ:ShieldThrow+1","champ:HeartStrike","champ:StanceDance","champ:BerserkerStyle","champ:RapidStrikes","J.A.X.","champ:DefensiveShout","champ:BringItOn","champ:GutPunch","champ:Circumvent","champ:EndlessRage","champ:StanceDance","champ:FaceSlap","champ:LastStand","champ:SteelEdge","champ:GladiatorsShout+1","champ:AdrenalArmor","Parasite","champ:MurderStrike","champ:IronFortress+1","Pot Of Greed","Pot Of Greed","Pot Of Greed","champ:FalseCounter","Pot Of Greed","champ:CalledShot+1"],"relics":["champ:ChampionCrown","downfall:HeartsMalice","downfall:HeartBlessingBlue","Replay:Baseball","Black Star","downfall:HeartBlessingGreen","Replay:Mystery Machine","MutagenicStrength","Anchor","Lee\u0027s Waffle","Pet Ghost","Whetstone","Toy Ornithopter","Iron Hammer","Counterbalance","Replay:Bronze Core","downfall:HeartBlessingRed","Blue Doll","Replay:WaspNest","Singing Bowl","Regal Pillow","Grinning Jar","Bag of Marbles","Vajra"],"acts_visited":["Exordium","TheCity","TheBeyond"],"potions_floor_usage":[16,16,22,22,23,28,31,39,40,42,45,45],"damage_taken":[{"damage":0,"enemies":"Cultist","floor":2,"turns":1},{"damage":0,"enemies":"Jaw Worm","floor":3,"turns":1},{"damage":0,"enemies":"downfall:FleeingMerchant","floor":4,"turns":1},{"damage":0,"enemies":"2 Louse","floor":5,"turns":2},{"damage":24,"enemies":"Blue Slaver","floor":6,"turns":3},{"damage":14,"enemies":"Red Slaver","floor":8,"turns":2},{"damage":10,"enemies":"downfall:FleeingMerchant","floor":9,"turns":4},{"damage":50,"enemies":"Replay:BlueRogue","floor":14,"turns":7},{"damage":22,"enemies":"2 Fungi Beasts","floor":15,"turns":3},{"damage":72,"enemies":"downfall:Ironclad","floor":16,"turns":7},{"damage":22,"enemies":"Spheric Guardian","floor":19,"turns":3},{"damage":18,"enemies":"Chosen and Byrds","floor":21,"turns":5},{"damage":36,"enemies":"downfall:Augmenter","floor":22,"turns":6},{"damage":28,"enemies":"Centurion and Healer","floor":23,"turns":6},{"damage":31,"enemies":"downfall:FleeingMerchant","floor":25,"turns":4},{"damage":40,"enemies":"Snake Plant","floor":28,"turns":3},{"damage":15,"enemies":"Chosen and Byrds","floor":30,"turns":6},{"damage":38,"enemies":"Slavers","floor":31,"turns":6},{"damage":44,"enemies":"Snecko","floor":32,"turns":6},{"damage":38,"enemies":"downfall:Defect","floor":33,"turns":7},{"damage":26,"enemies":"3 Shapes","floor":36,"turns":10},{"damage":8,"enemies":"Orb Walker","floor":38,"turns":3},{"damage":41,"enemies":"Writhing Mass","floor":39,"turns":6},{"damage":91,"enemies":"R_Hoarder","floor":40,"turns":8},{"damage":43,"enemies":"downfall:FleeingMerchant","floor":42,"turns":5},{"damage":68,"enemies":"Reptomancer","floor":43,"turns":6},{"damage":49,"enemies":"3 Darklings","floor":44,"turns":3},{"damage":30,"enemies":"Giant Head","floor":45,"turns":5},{"damage":46,"enemies":"Transient","floor":46,"turns":3}],"seed_played":"8134560710772962907","potions_obtained":[{"floor":6,"key":"SteroidPotion"},{"floor":8,"key":"champ:TechniquePotion"},{"floor":14,"key":"champ:CounterPotion"},{"floor":16,"key":"Adrenaline Potion"},{"floor":21,"key":"DuplicationPotion"},{"floor":23,"key":"Energy Potion"},{"floor":28,"key":"SteroidPotion"},{"floor":32,"key":"sneckomod:MuddlingPotion"},{"floor":33,"key":"Weak Potion"},{"floor":38,"key":"GamblersBrew"},{"floor":43,"key":"SteroidPotion"},{"floor":45,"key":"Fruit Juice"}],"is_trial":false,"path_per_floor":["R","M","M","$","M","M","T","M","$","R","?","?","R","E","M","B",null,"R","M","?","M","?","M","T","$","?","T","M","R","M","E","M","B",null,"R","M","?","M","M","E","T","$","E","M","E","M"],"character_chosen":"THE_CHAMP","items_purchased":["Lee\u0027s Waffle","champ:EndlessRage","Pet Ghost","Whetstone","champ:IronFortress+1"],"campfire_rested":0,"item_purchase_floors":[25,25,25,25,42],"current_hp_per_floor":[90,90,90,90,90,71,71,67,67,67,67,67,77,58,54,17,100,100,99,99,96,75,59,59,107,107,107,94,94,94,85,60,48,107,107,107,107,107,102,88,88,90,61,34,45,0,0,0],"gold":100,"neow_bonus":"THREE_ENEMY_KILL","is_daily":false,"chose_seed":false,"campfire_upgraded":2,"win_rate":0.0,"timestamp":1608648260,"path_taken":["R","M","M","$","M","?","T","M","$","R","?","?","R","E","M","BOSS","R","M","?","?","?","M","T","$","?","?","M","R","M","E","M","BOSS","R","M","?","M","M","E","T","?","E","M","E","M"],"items_purchased_type":["Relic","Card","Relic","Relic","Card"],"build_version":"2020-12-13","purchased_purges":3,"victory":false,"max_hp_per_floor":[90,90,90,90,90,90,90,90,90,90,90,90,100,100,100,100,100,100,100,100,100,100,100,100,107,107,107,107,107,107,107,107,107,107,107,107,107,107,107,107,107,112,114,114,119,119,119,119],"card_choices":[{"not_picked":["champ:IronFortress","champ:FanOfKnives"],"picked":"champ:Riposte","floor":2},{"not_picked":["champ:CrookedStrike","champ:StanceDance"],"picked":"champ:ArenaPreparation","floor":3},{"not_picked":["champ:BladeFlurry","champ:DefensiveShout"],"picked":"champ:SkillfulDodge","floor":4},{"not_picked":["champ:BladeFlurry","champ:Haymaker"],"picked":"champ:BerserkersShout","floor":5},{"not_picked":["champ:SkillfulDodge","champ:Encircle"],"picked":"champ:FocusedDefense","floor":6},{"not_picked":["champ:Shatter","champ:PerfectedStrike"],"picked":"champ:IronFortress","floor":8},{"not_picked":["champ:Haymaker","champ:BringItOn"],"picked":"champ:DeathBlow","floor":9},{"not_picked":["champ:Riposte","champ:EnragedBash"],"picked":"champ:BringItOn","floor":14},{"not_picked":["champ:PerfectedStrike","champ:BerserkerStyle"],"picked":"champ:Circumvent","floor":15},{"not_picked":["champ:ShieldSlam","champ:Devastate"],"picked":"champ:ShieldThrow","floor":16},{"not_picked":["champ:BringItOn","champ:GladiatorsShout"],"picked":"champ:HeartStrike","floor":19},{"not_picked":["champ:GladiatorStyle","champ:EnragedBash"],"picked":"champ:BerserkerStyle","floor":21},{"not_picked":[],"picked":"J.A.X.","floor":22},{"not_picked":["champ:BringItOn","champ:DeathBlow"],"picked":"champ:DefensiveShout","floor":22},{"not_picked":["champ:TornadoPunch+1","champ:SkillfulDodge"],"picked":"champ:GutPunch","floor":23},{"not_picked":["champ:CrookedStrike","champ:Haymaker"],"picked":"champ:Circumvent","floor":25},{"not_picked":["champ:Circumvent","champ:Haymaker"],"picked":"champ:StanceDance","floor":28},{"not_picked":["champ:StanceDance","champ:BerserkersShout+1"],"picked":"champ:FaceSlap","floor":30},{"not_picked":["champ:PerfectedStrike","champ:ArenaPreparation"],"picked":"champ:LastStand","floor":31},{"not_picked":["champ:Circumvent+1","champ:Haymaker","champ:FaceSlap"],"picked":"SKIP","floor":32},{"not_picked":["champ:ShieldThrow","champ:PerfectForm"],"picked":"champ:SteelEdge","floor":33},{"not_picked":["champ:RisingSlash+1","champ:BladeFlurry"],"picked":"champ:GladiatorsShout+1","floor":36},{"not_picked":["champ:BladeFlurry","champ:FocusedDefense","champ:Haymaker"],"picked":"SKIP","floor":38},{"not_picked":["champ:Haymaker","champ:FlashCut","champ:AdrenalArmor"],"picked":"SKIP","floor":39},{"not_picked":["champ:GladiatorsShout+1","champ:BringItOn"],"picked":"champ:FightOn","floor":40},{"not_picked":["champ:Shatter","champ:FanOfKnives"],"picked":"champ:MurderStrike","floor":42},{"not_picked":["champ:PerfectedStrike+1","champ:EnragedBash","champ:BerserkersShout"],"picked":"Singing Bowl","floor":43},{"not_picked":["champ:DefensiveShout","champ:GladiatorsShout"],"picked":"champ:FalseCounter","floor":44},{"not_picked":["champ:Encircle","champ:FanOfKnives"],"picked":"champ:CalledShot+1","floor":45}],"player_experience":706974,"relics_obtained":[{"floor":14,"key":"Replay:Baseball"},{"floor":18,"key":"Replay:Mystery Machine"},{"floor":22,"key":"MutagenicStrength"},{"floor":24,"key":"Anchor"},{"floor":27,"key":"Toy Ornithopter"},{"floor":31,"key":"Iron Hammer"},{"floor":31,"key":"Counterbalance"},{"floor":40,"key":"Blue Doll"},{"floor":40,"key":"Replay:WaspNest"},{"floor":41,"key":"Singing Bowl"},{"floor":43,"key":"Regal Pillow"},{"floor":43,"key":"Grinning Jar"},{"floor":45,"key":"Bag of Marbles"},{"floor":45,"key":"Vajra"}],"event_choices":[{"damage_healed":0,"gold_gain":0,"cards_transformed":["champ:Defend"],"player_choice":"Transformed","damage_taken":0,"max_hp_gain":0,"max_hp_loss":0,"event_name":"Transmorgrifier","floor":20,"gold_loss":0,"cards_obtained":["champ:StanceDance"]},{"damage_healed":0,"gold_gain":0,"player_choice":"Ignored","damage_taken":0,"max_hp_gain":0,"max_hp_loss":0,"event_name":"Vampires","floor":26,"gold_loss":0},{"damage_healed":0,"gold_gain":0,"cards_transformed":["champ:Strike"],"player_choice":"Transformed","damage_taken":0,"max_hp_gain":0,"max_hp_loss":0,"event_name":"Transmorgrifier","floor":37,"gold_loss":0,"cards_obtained":["champ:AdrenalArmor"]}],"is_beta":false,"boss_relics":[{"not_picked":["Runic Dome","SacredBark"],"picked":"Black Star"},{"not_picked":["ChewingGum","Astrolabe"],"picked":"Replay:Bronze Core"}],"items_purged_floors":[4,25,42],"is_endless":false,"potions_floor_spawned":[6,8,14,16,21,23,28,32,33,38,43,45],"killed_by":"Transient","ascension_level":0}}