{"host":"cjhtzh7tp54jdfyv","time":1608675961,"event":{"mods":["AchievementEnabler","BaseMod","Colored Map","Colored Powertips","Downfall","Minty Spire (QoL Compilation)","RNG Fix","Relic Stats","StSLib","ojb\u0027s Better Paths Mod","ojb\u0027s Info Mod"],"gold_per_floor":[349,367,386,133,144,170,170,170,170,170],"floor_reached":8,"playtime":810,"items_purged":["Slimebound:Strike_Slimebound"],"score":67,"play_id":"c5889b4e-048e-45c5-835e-3e9c457d3803","local_time":"20201222172601","is_ascension_mode":true,"campfire_choices":[{"data":"Slimebound:Tackle","floor":1,"key":"SMITH"}],"circlet_count":0,"master_deck":["Slimebound:Strike_Slimebound","Slimebound:Strike_Slimebound","Slimebound:Tackle+1","Slimebound:Defend_Slimebound","Slimebound:Defend_Slimebound","Slimebound:Defend_Slimebound","Slimebound:Defend_Slimebound","Slimebound:Split","Slimebound:CorrosiveSpit","Slimebound:FormOfPuddle","Slimebound:Gluttony","Slimebound:MassFeed","Slimebound:LivingWall","Slimebound:ViciousTackle","Slimebound:LeechEnergy","Slimebound:MegaLick"],"relics":["Slimebound:AbsorbEndCombat","Membership Card","Toy Ornithopter","Art of War"],"acts_visited":["Exordium"],"potions_floor_usage":[6],"damage_taken":[{"damage":7,"enemies":"Cultist","floor":2,"turns":4},{"damage":7,"enemies":"Small Slimes","floor":3,"turns":3},{"damage":7,"enemies":"downfall:FleeingMerchant","floor":4,"turns":4},{"damage":8,"enemies":"Jaw Worm","floor":5,"turns":4},{"damage":35,"enemies":"Gremlin Nob","floor":6,"turns":4},{"damage":37,"enemies":"3 Sentries","floor":8,"turns":6}],"seed_played":"-4456995019177983127","potions_obtained":[{"floor":2,"key":"Energy Potion"}],"is_trial":false,"path_per_floor":["R","M","M","$","M","E","T","E"],"character_chosen":"SLIMEBOUND","items_purchased":["Membership Card","Slimebound:LivingWall","Slimebound:ViciousTackle"],"campfire_rested":0,"item_purchase_floors":[4,4,4],"current_hp_per_floor":[54,53,52,54,55,26,26,0,0,0],"gold":170,"neow_bonus":"TWO_FIFTY_GOLD","is_daily":false,"chose_seed":false,"campfire_upgraded":1,"win_rate":0.0,"timestamp":1608675961,"path_taken":["R","M","M","$","M","E","T","E"],"items_purchased_type":["Relic","Card","Card"],"build_version":"2020-12-13","purchased_purges":1,"victory":false,"max_hp_per_floor":[54,54,54,54,57,57,57,57,57,57],"relic_stats":{"counters":[6,25],"Art of War":[1],"obtain_stats":[{"Slimebound:AbsorbEndCombat":0,"Art of War":7,"Membership Card":4,"Toy Ornithopter":6},{"Slimebound:AbsorbEndCombat":0,"Art of War":5,"Membership Card":3,"Toy Ornithopter":5},{"Slimebound:AbsorbEndCombat":0,"Art of War":19,"Membership Card":11,"Toy Ornithopter":19}],"Toy Ornithopter":0},"card_choices":[{"not_picked":["Slimebound:FlameTackle","Slimebound:SplitBruiser"],"picked":"Slimebound:FormOfPuddle","floor":2},{"not_picked":["Slimebound:SlimeSpikes","Slimebound:LeechingTouch"],"picked":"Slimebound:Gluttony","floor":3},{"not_picked":["Slimebound:SplitMire","Slimebound:ServeAndProtect"],"picked":"Slimebound:MassFeed","floor":4},{"not_picked":["Slimebound:ServeAndProtect","Slimebound:SplitAcid"],"picked":"Slimebound:LeechEnergy","floor":5},{"not_picked":["Slimebound:SamplingLick","Slimebound:DivideAndConquer"],"picked":"Slimebound:MegaLick","floor":6}],"player_experience":4408849,"relics_obtained":[{"floor":6,"key":"Toy Ornithopter"},{"floor":7,"key":"Art of War"}],"event_choices":[],"is_beta":false,"boss_relics":[],"items_purged_floors":[4],"is_endless":false,"potions_floor_spawned":[2],"killed_by":"3 Sentries","ascension_level":4}}