{"host":"cjhtzh7tp54jdfyv","time":1608677404,"event":{"mods":["AchievementEnabler","BaseMod","Colored Map","Colored Powertips","Downfall","Minty Spire (QoL Compilation)","RNG Fix","Relic Stats","StSLib","ojb\u0027s Better Paths Mod","ojb\u0027s Info Mod"],"gold_per_floor":[99,111,121,140,151,151,151,178,193,217,250,250,277,277,291,291,291,291],"floor_reached":16,"playtime":1432,"items_purged":[],"score":137,"play_id":"0031031d-11c0-498c-b31f-270f781dd8c8","local_time":"20201222175004","is_ascension_mode":true,"campfire_choices":[{"data":"Slimebound:Split","floor":1,"key":"SMITH"},{"data":"Slimebound:ViciousTackle","floor":6,"key":"SMITH"}],"circlet_count":0,"master_deck":["Slimebound:Strike_Slimebound","Slimebound:Strike_Slimebound","Slimebound:Tackle","Slimebound:Defend_Slimebound","Slimebound:Defend_Slimebound","Slimebound:Defend_Slimebound","Slimebound:Defend_Slimebound","Slimebound:Split+1","Slimebound:CorrosiveSpit","Slimebound:Dissolve","Slimebound:GrowthPunch","Slimebound:ViciousTackle+1","Slimebound:FormOfPuddle","Slimebound:Recycling","Slimebound:SpikyOuterGoop","Slimebound:Prepare","Slimebound:SlimeBrawl","Slimebound:Replication"],"relics":["Slimebound:AbsorbEndCombat","Torii","Peace Pipe","Odd Mushroom","Slimebound:ScrapOozeRelic"],"acts_visited":["Exordium"],"potions_floor_usage":[11,11,16],"damage_taken":[{"damage":13,"enemies":"2 Louse","floor":2,"turns":3},{"damage":12,"enemies":"Cultist","floor":3,"turns":3},{"damage":14,"enemies":"Small Slimes","floor":4,"turns":4},{"damage":22,"enemies":"Exordium Wildlife","floor":5,"turns":3},{"damage":31,"enemies":"Gremlin Nob","floor":8,"turns":3},{"damage":13,"enemies":"Large Slime","floor":9,"turns":5},{"damage":32,"enemies":"The Mushroom Lair","floor":10,"turns":4},{"damage":22,"enemies":"3 Sentries","floor":11,"turns":6},{"damage":15,"enemies":"3 Louse","floor":13,"turns":3},{"damage":3,"enemies":"Exordium Wildlife","floor":15,"turns":2},{"damage":40,"enemies":"downfall:Ironclad","floor":16,"turns":6}],"seed_played":"3621557265202689155","potions_obtained":[{"floor":2,"key":"LiquidBronze"},{"floor":4,"key":"SpeedPotion"},{"floor":11,"key":"Strength Potion"},{"floor":13,"key":"EssenceOfSteel"}],"is_trial":false,"path_per_floor":["R","M","M","M","M","R","T","E","M","?","E","?","M","?","M","B"],"character_chosen":"SLIMEBOUND","items_purchased":[],"campfire_rested":0,"item_purchase_floors":[],"current_hp_per_floor":[66,65,66,64,54,54,54,33,32,28,22,22,17,17,18,0,0,0],"gold":291,"neow_bonus":"TEN_PERCENT_HP_BONUS","is_daily":false,"chose_seed":false,"campfire_upgraded":2,"win_rate":0.0,"timestamp":1608677404,"path_taken":["R","M","M","M","M","R","T","E","M","?","E","?","?","?","M","BOSS"],"items_purchased_type":[],"build_version":"2020-12-13","purchased_purges":0,"victory":false,"max_hp_per_floor":[66,66,66,66,66,66,66,66,66,66,66,66,66,66,66,66,66,66],"relic_stats":{"Peace Pipe":0,"Torii":16,"counters":[11,40],"obtain_stats":[{"Peace Pipe":8,"Torii":7,"Slimebound:ScrapOozeRelic":14,"CeramicFish":11,"Slimebound:AbsorbEndCombat":0,"Odd Mushroom":10},{"Peace Pipe":5,"Torii":4,"Slimebound:ScrapOozeRelic":9,"CeramicFish":8,"Slimebound:AbsorbEndCombat":0,"Odd Mushroom":7},{"Peace Pipe":15,"Torii":12,"Slimebound:ScrapOozeRelic":32,"CeramicFish":29,"Slimebound:AbsorbEndCombat":0,"Odd Mushroom":24}]},"card_choices":[{"not_picked":["Slimebound:DivideAndConquer","Slimebound:ProtectTheBoss"],"picked":"Slimebound:Dissolve","floor":2},{"not_picked":["Slimebound:SplitBruiser","Slimebound:Recollect"],"picked":"Slimebound:GrowthPunch","floor":3},{"not_picked":["Slimebound:SamplingLick","Slimebound:SlimeSpikes"],"picked":"Slimebound:ViciousTackle","floor":4},{"not_picked":["Slimebound:LivingWall","Slimebound:FirmFortitude"],"picked":"Slimebound:FormOfPuddle","floor":5},{"not_picked":["Slimebound:FirmFortitude","Slimebound:Prepare"],"picked":"Slimebound:Recycling","floor":8},{"not_picked":["Slimebound:FirmFortitude","Slimebound:HungryTackle"],"picked":"Slimebound:SpikyOuterGoop","floor":9},{"not_picked":["Slimebound:SplitBruiser","Slimebound:ForwardTackle"],"picked":"Slimebound:Prepare","floor":10},{"not_picked":["Slimebound:FlameTackle","Slimebound:ForwardTackle","Slimebound:ComboTackle"],"picked":"SKIP","floor":11},{"not_picked":["Slimebound:PressTheAttack","Slimebound:LivingWall"],"picked":"Slimebound:SlimeBrawl","floor":13},{"not_picked":["Slimebound:Nibble","Slimebound:Chomp"],"picked":"Slimebound:Replication","floor":15}],"player_experience":4409659,"relics_obtained":[{"floor":7,"key":"Torii"},{"floor":8,"key":"Peace Pipe"},{"floor":10,"key":"Odd Mushroom"},{"floor":11,"key":"CeramicFish"}],"event_choices":[{"damage_healed":0,"gold_gain":0,"player_choice":"Fought Mushrooms","damage_taken":0,"max_hp_gain":0,"max_hp_loss":0,"event_name":"Mushrooms","floor":10,"gold_loss":0},{"cards_removed":["Slimebound:Strike_Slimebound"],"damage_healed":0,"gold_gain":0,"player_choice":"Card Removal","damage_taken":0,"max_hp_gain":0,"max_hp_loss":0,"event_name":"The Cleric","floor":12,"gold_loss":0}],"is_beta":false,"boss_relics":[],"items_purged_floors":[],"is_endless":false,"potions_floor_spawned":[2,4,11,13],"killed_by":"downfall:Ironclad","ascension_level":4}}