{"host":"5gc11emcm5chfr5t","time":1608618130,"event":{"mods":["2.2 Compatiblity","AchievementEnabler","BaseMod","Bestiary","Better Note","Colored Map","Colored Powertips","Downfall","Googly Eyes","Minty Spire (QoL Compilation)","Rare Cards Sparkle","StSLib"],"gold_per_floor":[99,115,129,129,146,146,169,182,182,107,17,17,17,33,49,49,49],"floor_reached":16,"playtime":570,"items_purged":["Regret"],"score":184,"play_id":"8ee64a94-57ad-4bae-b5a2-264ea64d72e9","local_time":"20201222012210","is_ascension_mode":true,"campfire_choices":[{"floor":1,"key":"RECALL"},{"floor":10,"key":"REST"},{"data":"sneckomod:Transmogrify","floor":12,"key":"SMITH"}],"circlet_count":0,"master_deck":["AscendersBane","sneckomod:Strike","sneckomod:Strike","sneckomod:Strike","sneckomod:Defend","sneckomod:Defend","sneckomod:Defend","sneckomod:TailWhip","sneckomod:SnekBite","sneckomod:Unknown","sneckomod:Unknown","sneckomod:UnknownClassGREEN","sneckomod:UnknownWeak","sneckomod:QuickMove","sneckomod:Transmogrify+1","sneckomod:SoulRoll","sneckomod:UnknownClassPURPLE","sneckomod:Nope"],"relics":["SlaversCollar","GremlinMask","downfall:HeartBlessingRed","Ginger","PreservedInsect"],"acts_visited":[],"potions_floor_usage":[11,16],"damage_taken":[{"damage":7,"enemies":"2 Louse","floor":2,"turns":3},{"damage":6,"enemies":"Cultist","floor":3,"turns":4},{"damage":10,"enemies":"Small Slimes","floor":5,"turns":3},{"damage":25,"enemies":"Exordium Thugs","floor":8,"turns":5},{"damage":3,"enemies":"downfall:FleeingMerchant","floor":11,"turns":4},{"damage":1,"enemies":"Lots of Slimes","floor":14,"turns":5},{"damage":1,"enemies":"Blue Slaver","floor":15,"turns":3},{"damage":50,"enemies":"downfall:Defect","floor":16,"turns":6}],"seed_played":"3729399729095307893","potions_obtained":[{"floor":8,"key":"Weak Potion"},{"floor":9,"key":"Energy Potion"},{"floor":9,"key":"hexamod:EctoCoolerPotion"},{"floor":14,"key":"Explosive Potion"}],"is_trial":false,"path_per_floor":["R","M","M","?","M","?","T","M","?","R","$","R","T","M","M","B"],"character_chosen":"THE_SNECKO","items_purchased":[],"campfire_rested":1,"item_purchase_floors":[],"current_hp_per_floor":[75,68,66,66,56,56,56,31,31,55,52,52,52,51,50,0,0],"gold":49,"neow_bonus":"BOSS_RELIC","is_daily":false,"chose_seed":false,"campfire_upgraded":1,"win_rate":0.0,"timestamp":1608618130,"path_taken":["R","M","M","?","M","?","T","?","?","R","?","R","?","M","M","BOSS"],"items_purchased_type":[],"build_version":"2020-12-13","purchased_purges":1,"victory":false,"max_hp_per_floor":[83,83,83,83,83,83,83,83,83,83,83,83,83,83,83,83,83],"card_choices":[{"not_picked":["sneckomod:QuickBite","sneckomod:UnknownExhaust"],"picked":"sneckomod:UnknownClassGREEN","floor":2},{"not_picked":["sneckomod:DiceBlock","sneckomod:SoulDraw"],"picked":"sneckomod:UnknownWeak","floor":3},{"not_picked":["sneckomod:MixItUp","sneckomod:RainOfDice"],"picked":"sneckomod:QuickMove","floor":5},{"not_picked":["sneckomod:UnknownVulnerable","sneckomod:ImprovisedAttack"],"picked":"sneckomod:Transmogrify","floor":8},{"not_picked":["sneckomod:UnknownExhaust","sneckomod:IronFang"],"picked":"sneckomod:SoulRoll","floor":11},{"not_picked":["sneckomod:UnknownDexterity","sneckomod:UnknownBlock"],"picked":"sneckomod:UnknownClassPURPLE","floor":14},{"not_picked":["sneckomod:UnlimitedRolls","sneckomod:UnknownCommonSkill"],"picked":"sneckomod:Nope","floor":15}],"player_experience":468522,"relics_obtained":[{"floor":7,"key":"Tiny Chest"},{"floor":11,"key":"sneckomod:BlankCard"},{"floor":13,"key":"Ginger"},{"floor":14,"key":"PreservedInsect"},{"floor":15,"key":"Tiny Chest"}],"event_choices":[{"damage_healed":0,"gold_gain":0,"player_choice":"Box","damage_taken":0,"relics_obtained":["Bag of Preparation"],"max_hp_gain":0,"max_hp_loss":0,"event_name":"Big Fish","floor":4,"gold_loss":0,"cards_obtained":["Regret"]},{"damage_healed":0,"gold_gain":0,"player_choice":"Trade","damage_taken":0,"relics_obtained":["GremlinMask"],"max_hp_gain":0,"max_hp_loss":0,"event_name":"FaceTrader","floor":6,"gold_loss":0},{"damage_healed":0,"gold_gain":0,"player_choice":"Got Potions","damage_taken":0,"max_hp_gain":0,"max_hp_loss":0,"event_name":"Lab","floor":9,"gold_loss":0}],"is_beta":false,"boss_relics":[],"items_purged_floors":[11],"is_endless":false,"potions_floor_spawned":[8,14,15],"killed_by":"downfall:Defect","ascension_level":20}}