{"host":"usewcu4ohw2wtmxk","time":1608646759,"event":{"mods":["BaseMod","Minty Spire (QoL Compilation)","Permanent Neow","Quick Restart","Relic Stats","UnlockEverythingMod"],"gold_per_floor":[119,131,147,161,161,161,189,201,201,201,216,216,216,61,61,61,61],"floor_reached":16,"playtime":280,"items_purged":["Strike_B"],"score":204,"play_id":"77276ef3-cba1-46fb-8fa4-151ed7f3755a","local_time":"20201222221919","is_ascension_mode":true,"campfire_choices":[{"data":"Defragment","floor":6.0,"key":"SMITH"},{"data":"Biased Cognition","floor":10.0,"key":"SMITH"},{"data":"Dualcast","floor":13.0,"key":"SMITH"},{"data":"Skim","floor":15,"key":"SMITH"}],"circlet_count":0,"master_deck":["AscendersBane","Strike_B","Strike_B","Strike_B","Defend_B","Defend_B","Defend_B","Defend_B","Zap","Dualcast+1","Echo Form","Ball Lightning","Cold Snap","Streamline","Defragment+1","Glacier","Biased Cognition+1","Skim+1","Hologram"],"relics":["Cracked Core","Prayer Wheel","Letter Opener","Golden Idol"],"acts_visited":["Exordium"],"potions_floor_usage":[],"damage_taken":[{"damage":2.0,"enemies":"Jaw Worm","floor":1.0,"turns":3.0},{"damage":1.0,"enemies":"Cultist","floor":2.0,"turns":3.0},{"damage":6.0,"enemies":"Small Slimes","floor":3.0,"turns":3.0},{"damage":6.0,"enemies":"2 Fungi Beasts","floor":4.0,"turns":3.0},{"damage":1.0,"enemies":"3 Sentries","floor":7.0,"turns":7.0},{"damage":8.0,"enemies":"Blue Slaver","floor":8.0,"turns":3.0},{"damage":13.0,"enemies":"Large Slime","floor":11.0,"turns":5.0},{"damage":27,"enemies":"Slime Boss","floor":16,"turns":3}],"seed_played":"-1613504702085348845","potions_obtained":[{"floor":3.0,"key":"Ancient Potion"}],"is_trial":false,"path_per_floor":["M","M","M","M","?","R","E","M","T","R","M","?","R","$","R","B"],"character_chosen":"DEFECT","items_purchased":["GamblersBrew"],"campfire_rested":0,"item_purchase_floors":[14],"current_hp_per_floor":[62,61,55,49,49,49,48,40,40,40,27,27,27,27,27,0,0],"gold":61,"neow_bonus":"THREE_RARE_CARDS","is_daily":false,"chose_seed":false,"campfire_upgraded":4,"win_rate":0.0,"timestamp":1608646759,"path_taken":["M","M","M","M","?","R","E","?","T","R","M","?","R","?","R","BOSS"],"items_purchased_type":["Potion"],"build_version":"2020-12-13","purchased_purges":1,"victory":false,"max_hp_per_floor":[64,64,64,64,64,64,64,64,64,64,64,58,58,58,58,58,58],"relic_stats":{"counters":[8,30],"Golden Idol":0,"Prayer Wheel":3,"Letter Opener":[0],"obtain_stats":[{"Golden Idol":12,"Prayer Wheel":7,"Letter Opener":9,"Cracked Core":0},{"Golden Idol":7,"Prayer Wheel":5,"Letter Opener":6,"Cracked Core":0},{"Golden Idol":27,"Prayer Wheel":19,"Letter Opener":22,"Cracked Core":0}]},"card_choices":[{"not_picked":["Reboot","All For One"],"picked":"Echo Form","floor":0.0},{"not_picked":["Rebound","Leap"],"picked":"Ball Lightning","floor":1.0},{"not_picked":["Redo","Streamline"],"picked":"Cold Snap","floor":2.0},{"not_picked":["Redo","Hologram"],"picked":"Streamline","floor":3.0},{"not_picked":["Sweeping Beam","Core Surge"],"picked":"Defragment","floor":4.0},{"not_picked":["Ball Lightning","Beam Cell","FTL"],"picked":"SKIP","floor":7.0},{"not_picked":["Beam Cell","Loop","Double Energy"],"picked":"SKIP","floor":8.0},{"not_picked":["Compile Driver","Stack","Gash"],"picked":"SKIP","floor":8.0},{"not_picked":["Chaos","Compile Driver"],"picked":"Skim","floor":11.0},{"not_picked":["Beam Cell","Rebound"],"picked":"Hologram","floor":11.0}],"player_experience":229615,"relics_obtained":[{"floor":7.0,"key":"Prayer Wheel"},{"floor":9.0,"key":"Letter Opener"}],"event_choices":[{"damage_healed":0.0,"max_hp_gain":0.0,"max_hp_loss":0.0,"gold_gain":0.0,"event_name":"Match and Keep!","player_choice":"2 cards matched","floor":5.0,"gold_loss":0.0,"damage_taken":0.0,"cards_obtained":["Glacier","Biased Cognition"]},{"damage_healed":0.0,"max_hp_gain":0.0,"max_hp_loss":6.0,"gold_gain":0.0,"event_name":"Golden Idol","player_choice":"Lose Max HP","floor":12.0,"gold_loss":0.0,"damage_taken":0.0,"relics_obtained":["Golden Idol"]}],"is_beta":false,"boss_relics":[],"items_purged_floors":[14],"is_endless":false,"potions_floor_spawned":[3],"killed_by":"Slime Boss","ascension_level":20}}