{"host":"bnbc66jny2i0hx0x","time":1608615125,"event":{"mods":["AchievementEnabler","BaseMod","Minty Spire (QoL Compilation)","Relic Sorter","StSLib"],"gold_per_floor":[113,130,130,140,140,166,166,184,231,231,256,285,59,94,94,165,165,176,194,214,248,248,275,295,295,347,359,398,422,434,646,658,746,758,784,812,6,59,71,106,106,138,163,196,196,230,243,255,255,255],"floor_reached":51,"playtime":2011,"items_purged":["Strike_R","Strike_R"],"score":1515,"play_id":"85f3ecff-adc0-4bad-9265-3aacdbf62f9a","local_time":"20201221213205","is_ascension_mode":true,"campfire_choices":[{"data":"Shockwave","floor":7.0,"key":"SMITH"},{"floor":10.0,"key":"REST"},{"data":"Spot Weakness","floor":15.0,"key":"SMITH"},{"floor":25.0,"key":"REST"},{"floor":27.0,"key":"RECALL"},{"floor":32.0,"key":"REST"},{"data":"1","floor":41,"key":"LIFT"},{"data":"2","floor":49,"key":"LIFT"}],"circlet_count":0,"master_deck":["AscendersBane","Strike_R","Strike_R","Defend_R","Defend_R+1","Defend_R","Defend_R+1","Bludgeon+1","Thunderclap","Dropkick","Cleave+1","Shockwave+1","Anger+1","Spot Weakness+1","Bludgeon","Spot Weakness+1","Reaper","Second Wind","Exhume","Flame Barrier","Burning Pact","Reaper","Immolate","Bludgeon","Apotheosis"],"relics":["Burning Blood","StrikeDummy","War Paint","Regal Pillow","Bronze Scales","Lantern","Whetstone","Fusion Hammer","Red Mask","Anchor","MawBank","Potion Belt","Snecko Eye","White Beast Statue","Bag of Preparation","Charon\u0027s Ashes","Girya","Mercury Hourglass","Red Skull","Blood Vial","Toy Ornithopter"],"acts_visited":["Exordium","TheCity","TheBeyond"],"potions_floor_usage":[33,44,50,50,50,50,50],"damage_taken":[{"damage":7.0,"enemies":"Jaw Worm","floor":1.0,"turns":3.0},{"damage":11.0,"enemies":"2 Louse","floor":2.0,"turns":3.0},{"damage":12.0,"enemies":"Small Slimes","floor":4.0,"turns":3.0},{"damage":29.0,"enemies":"Gremlin Nob","floor":6.0,"turns":4.0},{"damage":7.0,"enemies":"Looter","floor":8.0,"turns":3.0},{"damage":15.0,"enemies":"3 Sentries","floor":12.0,"turns":6.0},{"damage":2.0,"enemies":"Lagavulin","floor":14.0,"turns":4.0},{"damage":36.0,"enemies":"The Guardian","floor":16.0,"turns":7.0},{"damage":8.0,"enemies":"2 Thieves","floor":18.0,"turns":2.0},{"damage":0.0,"enemies":"Shell Parasite","floor":19.0,"turns":1.0},{"damage":10.0,"enemies":"Centurion and Healer","floor":20.0,"turns":4.0},{"damage":19.0,"enemies":"Masked Bandits","floor":21.0,"turns":4.0},{"damage":20.0,"enemies":"Slavers","floor":23.0,"turns":4.0},{"damage":4.0,"enemies":"3 Cultists","floor":24.0,"turns":4.0},{"damage":36.0,"enemies":"Book of Stabbing","floor":28.0,"turns":4.0},{"damage":0.0,"enemies":"Cultist and Chosen","floor":29.0,"turns":4.0},{"damage":71,"enemies":"Collector","floor":33,"turns":7},{"damage":1,"enemies":"Orb Walker","floor":35,"turns":3},{"damage":8,"enemies":"3 Darklings","floor":36,"turns":4},{"damage":0,"enemies":"2 Orb Walkers","floor":38,"turns":1},{"damage":6,"enemies":"4 Shapes","floor":39,"turns":2},{"damage":0,"enemies":"Nemesis","floor":40,"turns":3},{"damage":17,"enemies":"Reptomancer","floor":42,"turns":4},{"damage":21,"enemies":"Giant Head","floor":44,"turns":6},{"damage":0,"enemies":"Nemesis","floor":46,"turns":3},{"damage":4,"enemies":"Maw","floor":47,"turns":4},{"damage":8,"enemies":"Spire Growth","floor":48,"turns":3},{"damage":22,"enemies":"Donu and Deca","floor":50,"turns":5}],"seed_played":"-7445234623817821200","potions_obtained":[{"floor":8.0,"key":"ElixirPotion"},{"floor":12.0,"key":"SkillPotion"},{"floor":16.0,"key":"BlessingOfTheForge"},{"floor":18.0,"key":"Block Potion"},{"floor":23.0,"key":"Weak Potion"},{"floor":24.0,"key":"CultistPotion"},{"floor":28.0,"key":"ElixirPotion"},{"floor":38,"key":"FearPotion"},{"floor":39,"key":"SpeedPotion"},{"floor":40,"key":"DistilledChaos"},{"floor":42,"key":"EntropicBrew"},{"floor":44,"key":"GamblersBrew"}],"is_trial":false,"path_per_floor":["M","M","?","M","?","E","R","M","T","R","T","E","$","E","R","B",null,"M","M","M","?","?","E","M","R","T","R","E","M","$","?","R","B",null,"M","M","$","?","M","E","R","E","T","E","?","E","M","M","R","B",null],"character_chosen":"IRONCLAD","items_purchased":["Lantern","White Beast Statue","Reaper","Immolate","Bag of Preparation"],"campfire_rested":3,"item_purchase_floors":[13,37,37,37,37],"current_hp_per_floor":[67,62,55,49,49,26,26,25,25,45,45,36,36,40,40,10,54,52,58,54,41,41,27,35,68,68,68,56,62,62,62,68,20,56,61,68,68,68,68,68,68,57,57,68,58,66,68,68,68,68],"gold":255,"neow_bonus":"THREE_RARE_CARDS","is_daily":false,"chose_seed":false,"campfire_upgraded":2,"win_rate":0.0,"timestamp":1608615125,"path_taken":["M","M","?","M","?","E","R","M","T","R","?","E","$","E","R","BOSS","M","M","M","?","?","E","?","R","T","R","E","M","$","?","R","BOSS","M","M","$","?","M","E","R","E","T","E","?","E","M","M","R","BOSS"],"items_purchased_type":["Relic","Relic","Card","Card","Relic"],"build_version":"2020-12-13","purchased_purges":2,"victory":true,"max_hp_per_floor":[68,68,68,68,68,68,68,68,68,68,68,68,68,68,68,68,68,68,68,68,68,68,68,68,68,68,68,68,68,68,68,68,68,68,68,68,68,68,68,68,68,68,68,68,68,68,68,68,68,68],"card_choices":[{"not_picked":["Offering","Reaper"],"picked":"Bludgeon","floor":0.0},{"not_picked":["Armaments","Seeing Red"],"picked":"Thunderclap","floor":1.0},{"not_picked":["Shrug It Off","Rampage"],"picked":"Dropkick","floor":2.0},{"not_picked":["Flex","Hemokinesis"],"picked":"Cleave","floor":4.0},{"not_picked":["Power Through","True Grit"],"picked":"Shockwave","floor":6.0},{"not_picked":["Battle Trance","Reckless Charge"],"picked":"Anger","floor":8.0},{"not_picked":["Hemokinesis","Warcry"],"picked":"Spot Weakness","floor":12.0},{"not_picked":["Rupture","Infernal Blade","Clash"],"picked":"SKIP","floor":14.0},{"not_picked":["Barricade","Juggernaut"],"picked":"Bludgeon","floor":16.0},{"not_picked":["Hemokinesis","Clothesline+1","Rupture+1"],"picked":"SKIP","floor":18.0},{"not_picked":["Anger","Sentinel","Fire Breathing"],"picked":"SKIP","floor":19.0},{"not_picked":["Flex","Dual Wield","Clothesline"],"picked":"SKIP","floor":20.0},{"not_picked":["Power Through","Pummel"],"picked":"Spot Weakness+1","floor":21.0},{"not_picked":["Flame Barrier","Offering"],"picked":"Reaper","floor":23.0},{"not_picked":["Uppercut","Havoc"],"picked":"Second Wind","floor":24.0},{"not_picked":["Juggernaut","Warcry","Perfected Strike"],"picked":"SKIP","floor":28.0},{"not_picked":["Shrug It Off","Anger","Wild Strike"],"picked":"SKIP","floor":29.0},{"not_picked":["Brutality","Barricade"],"picked":"Exhume","floor":33},{"not_picked":["Perfected Strike","Carnage+1"],"picked":"Flame Barrier","floor":35},{"not_picked":["Twin Strike","Wild Strike"],"picked":"Burning Pact","floor":36},{"not_picked":["Wild Strike","Clash","Heavy Blade"],"picked":"SKIP","floor":39},{"not_picked":["Uppercut","Perfected Strike"],"picked":"Bludgeon","floor":40},{"not_picked":["Perfected Strike","Wild Strike","Sentinel+1"],"picked":"SKIP","floor":42},{"not_picked":["Carnage","Clash","Thunderclap+1"],"picked":"SKIP","floor":44},{"not_picked":["Trip","Metamorphosis"],"picked":"Apotheosis","floor":45},{"not_picked":["Combust","Bloodletting","Fire Breathing"],"picked":"SKIP","floor":46},{"not_picked":["Sentinel","Inflame","Twin Strike+1"],"picked":"SKIP","floor":47},{"not_picked":["Thunderclap","Clash+1","Shrug It Off"],"picked":"SKIP","floor":48}],"player_experience":1260146,"relics_obtained":[{"floor":6.0,"key":"StrikeDummy"},{"floor":9.0,"key":"War Paint"},{"floor":11.0,"key":"Regal Pillow"},{"floor":12.0,"key":"Bronze Scales"},{"floor":14.0,"key":"Whetstone"},{"floor":21.0,"key":"Red Mask"},{"floor":23.0,"key":"Anchor"},{"floor":26.0,"key":"MawBank"},{"floor":28.0,"key":"Potion Belt"},{"floor":38,"key":"Charon\u0027s Ashes"},{"floor":40,"key":"Girya"},{"floor":42,"key":"Mercury Hourglass"},{"floor":43,"key":"Red Skull"},{"floor":44,"key":"Blood Vial"},{"floor":46,"key":"Toy Ornithopter"}],"event_choices":[{"cards_removed":["Strike_R"],"damage_healed":0.0,"max_hp_gain":0.0,"max_hp_loss":0.0,"gold_gain":0.0,"event_name":"Golden Wing","player_choice":"Card Removal","floor":3.0,"gold_loss":0.0,"damage_taken":7.0},{"damage_healed":0.0,"max_hp_gain":0.0,"max_hp_loss":0.0,"gold_gain":0.0,"event_name":"Living Wall","player_choice":"Grow","floor":5.0,"gold_loss":0.0,"damage_taken":0.0,"cards_upgraded":["Bludgeon"]},{"damage_healed":0.0,"max_hp_gain":0.0,"max_hp_loss":0.0,"gold_gain":0.0,"event_name":"Masked Bandits","player_choice":"Fought Bandits","floor":21.0,"gold_loss":0.0,"damage_taken":0.0},{"cards_removed":["Bash"],"damage_healed":0.0,"max_hp_gain":0.0,"max_hp_loss":0.0,"gold_gain":0.0,"event_name":"Bonfire Elementals","player_choice":"Offered Basic","floor":22.0,"gold_loss":0.0,"damage_taken":0.0},{"damage_healed":0.0,"max_hp_gain":0.0,"max_hp_loss":0.0,"gold_gain":250.0,"event_name":"The Joust","player_choice":"Bet on Owner","floor":31.0,"gold_loss":50.0,"damage_taken":0.0},{"damage_healed":0,"gold_gain":0,"player_choice":"Fight","damage_taken":0,"max_hp_gain":0,"max_hp_loss":0,"event_name":"Mysterious Sphere","floor":38,"gold_loss":0},{"damage_healed":0,"gold_gain":0,"player_choice":"Memory 3","damage_taken":10,"max_hp_gain":0,"max_hp_loss":0,"event_name":"SensoryStone","floor":45,"gold_loss":0}],"is_beta":false,"boss_relics":[{"not_picked":["Ectoplasm","SacredBark"],"picked":"Fusion Hammer"},{"not_picked":["Velvet Choker","Astrolabe"],"picked":"Snecko Eye"}],"items_purged_floors":[13,37],"is_endless":false,"potions_floor_spawned":[8,12,16,18,23,24,28,38,39,40,42,44,46,47,48],"ascension_level":15}}