{"host":"11nldytr3ftofh0e","time":1608672820,"event":{"mods":["BaseMod","Duelist Mod","Hermit","Minty Spire (QoL Compilation)","StSLib","The Hierophant","The Servant 0.9.4"],"gold_per_floor":[393,393,134,146,156,156,174,188,188,188,188,208,266,294,294,444,444,485,485,485,520,541,541,541,541],"floor_reached":24,"playtime":1289,"items_purged":["theDuelist:CurseAging"],"score":375,"play_id":"2b95d902-86e3-4531-91b7-9b67b1569b8c","local_time":"20201222163340","is_ascension_mode":true,"campfire_choices":[{"data":"theDuelist:Mausoleum","floor":6,"key":"SMITH"},{"data":"theDuelist:TributeDoomed","floor":10,"key":"SMITH"},{"floor":15,"key":"REST"},{"floor":23,"key":"REST"}],"circlet_count":0,"master_deck":["theDuelist:ArchfiendSoldier","theDuelist:ArchfiendSoldier","theDuelist:ArchfiendSoldier","theDuelist:CastleWalls","theDuelist:CastleWalls","theDuelist:CastleWalls","theDuelist:FiendMegacyber","theDuelist:Sparks","theDuelist:Sparks","theDuelist:SummonedSkull","theDuelist:Mausoleum+1","theDuelist:TributeDoomed+1","theDuelist:ArchfiendSoldier","theDuelist:DarkTinker","theDuelist:ArchfiendHeiress","theDuelist:EvilswarmNightmare","Injury","theDuelist:ChangeHeart","theDuelist:HaneHane","theDuelist:CyberArchfiend","theDuelist:ArchfiendCommander","theDuelist:LightningRodLord","Necronomicurse","theDuelist:DarklordMarie","theDuelist:DarkFusion"],"relics":["theDuelist:MillenniumPuzzle","theDuelist:CardPoolRelic","theDuelist:CardPoolBasicRelic","theDuelist:BoosterPackPoolRelic","theDuelist:CardPoolAddRelic","theDuelist:CardPoolMinusRelic","theDuelist:CardPoolSaveRelic","theDuelist:CardPoolOptionsRelic","Juzu Bracelet","theDuelist:KaibaToken","Golden Idol","Shuriken","theDuelist:HauntedRelic","Necronomicon"],"acts_visited":["Exordium","TheCity"],"potions_floor_usage":[13,16,16,16,24],"damage_taken":[{"damage":8,"enemies":"Small Slimes","floor":1,"turns":3},{"damage":0,"enemies":"2 Louse","floor":4,"turns":3},{"damage":6,"enemies":"Jaw Worm","floor":5,"turns":4},{"damage":14,"enemies":"Red Slaver","floor":7,"turns":2},{"damage":6,"enemies":"2 Fungi Beasts","floor":8,"turns":2},{"damage":5,"enemies":"Exordium Wildlife","floor":12,"turns":4},{"damage":11,"enemies":"Lagavulin","floor":13,"turns":4},{"damage":12,"enemies":"Lots of Slimes","floor":14,"turns":4},{"damage":0,"enemies":"Slime Boss","floor":16,"turns":5},{"damage":38,"enemies":"Shell Parasite","floor":18,"turns":3},{"damage":19,"enemies":"Spheric Guardian","floor":21,"turns":4},{"damage":0,"enemies":"Snecko","floor":22,"turns":3},{"damage":47,"enemies":"Slavers","floor":24,"turns":2}],"seed_played":"2558249998676744224","potions_obtained":[{"floor":4,"key":"theDuelist:IcePotion"},{"floor":7,"key":"theDuelist:BurningPotion"},{"floor":12,"key":"Block Potion"},{"floor":13,"key":"theDuelist:BurningPotion"},{"floor":16,"key":"DuplicationPotion"},{"floor":22,"key":"theDuelist:ReducerPotion"}],"is_trial":false,"path_per_floor":["M","?","$","M","M","R","M","M","T","R","?","M","E","M","R","B",null,"M","?","?","M","M","R","E"],"character_chosen":"THE_DUELIST","items_purchased":["Juzu Bracelet","theDuelist:TributeDoomed"],"campfire_rested":2,"item_purchase_floors":[3,3],"current_hp_per_floor":[64,64,64,64,58,58,44,38,38,38,38,33,22,10,34,38,70,32,58,42,23,23,47,0,0],"gold":541,"neow_bonus":"TWO_FIFTY_GOLD","is_daily":false,"chose_seed":false,"campfire_upgraded":2,"win_rate":0.0,"timestamp":1608672820,"path_taken":["M","?","$","M","M","R","M","M","T","R","?","M","E","M","R","BOSS","M","?","?","M","M","R","E"],"items_purchased_type":["Relic","Card"],"build_version":"2020-12-13","purchased_purges":1,"victory":false,"max_hp_per_floor":[80,80,80,80,80,80,80,80,80,80,80,80,80,80,80,80,80,80,80,80,80,80,80,80,80],"card_choices":[{"not_picked":["theDuelist:BerserkerCrush","theDuelist:GracefulCharity","theDuelist:ElectromagneticShield","theDuelist:DarkFusion"],"picked":"theDuelist:Mausoleum","floor":1},{"not_picked":["theDuelist:FiendMegacyber","theDuelist:TerraTerrible","theDuelist:CheerfulCoffin","theDuelist:DrivenDaredevil"],"picked":"theDuelist:ArchfiendSoldier","floor":4},{"not_picked":["theDuelist:DarklordMarie","theDuelist:UmbralHorrorUniform","theDuelist:TwinHeadedWolf","theDuelist:RedMirror"],"picked":"theDuelist:DarkTinker","floor":5},{"not_picked":["theDuelist:WanderingKing","theDuelist:DarklordMarie","theDuelist:BattleOx","theDuelist:GilfordLegend"],"picked":"theDuelist:ArchfiendHeiress","floor":7},{"not_picked":["theDuelist:UmbralHorrorGhost","theDuelist:FlyingSaucer","theDuelist:UmbralHorrorUniform","theDuelist:DarkFusion"],"picked":"theDuelist:EvilswarmNightmare","floor":8},{"not_picked":["theDuelist:EvilswarmHeliotrope","theDuelist:GreyGreedOni","theDuelist:GreenGraveOni","theDuelist:CatapultZone"],"picked":"theDuelist:ChangeHeart","floor":12},{"not_picked":["theDuelist:MudGolem","theDuelist:RainbowGravity","theDuelist:DokiDoki","theDuelist:PotDichotomy"],"picked":"theDuelist:HaneHane","floor":13},{"not_picked":["theDuelist:ArchfiendSoldier","theDuelist:TerraTerrible","theDuelist:SummonedSkull","theDuelist:UmbralHorrorGhost"],"picked":"theDuelist:CyberArchfiend","floor":14},{"not_picked":["theDuelist:Wildfire","theDuelist:Tierra","theDuelist:FabledGallabas","theDuelist:DarkMasterZorc"],"picked":"theDuelist:ArchfiendCommander","floor":16},{"not_picked":["theDuelist:Reload+1","theDuelist:DokiDoki","theDuelist:ForbiddenChalice","theDuelist:FlameTiger"],"picked":"theDuelist:LightningRodLord","floor":18},{"not_picked":["theDuelist:UmbralHorrorGhost","theDuelist:BeastTalwar","theDuelist:TerraTerrible","theDuelist:VanityFiend"],"picked":"theDuelist:DarklordMarie","floor":21},{"not_picked":["theDuelist:Relinkuriboh","theDuelist:UmbralHorrorUniform","theDuelist:KingYami","theDuelist:FlyingSaucer"],"picked":"theDuelist:DarkFusion","floor":22}],"player_experience":164727,"relics_obtained":[{"floor":9,"key":"theDuelist:KaibaToken"},{"floor":13,"key":"Shuriken"},{"floor":20,"key":"Necronomicon"}],"event_choices":[{"damage_healed":0,"gold_gain":0,"cards_transformed":["Pain"],"player_choice":"Change","damage_taken":0,"max_hp_gain":0,"max_hp_loss":0,"event_name":"Living Wall","floor":2,"gold_loss":0,"cards_obtained":["theDuelist:CurseAging"]},{"damage_healed":0,"gold_gain":0,"player_choice":"Take Wound","damage_taken":0,"relics_obtained":["Golden Idol"],"max_hp_gain":0,"max_hp_loss":0,"event_name":"Golden Idol","floor":11,"gold_loss":0,"cards_obtained":["Injury"]},{"damage_healed":26,"gold_gain":0,"player_choice":"Heal","damage_taken":0,"max_hp_gain":0,"max_hp_loss":0,"event_name":"The Library","floor":19,"gold_loss":0},{"damage_healed":0,"gold_gain":0,"player_choice":"Obtained Book","damage_taken":16,"max_hp_gain":0,"max_hp_loss":0,"event_name":"Cursed Tome","floor":20,"gold_loss":0}],"is_beta":false,"boss_relics":[{"not_picked":["Runic Pyramid","Busted Crown"],"picked":"theDuelist:HauntedRelic"}],"items_purged_floors":[3],"is_endless":false,"potions_floor_spawned":[4,7,12,13,16,22],"killed_by":"Slavers","ascension_level":8}}