{"host":"30jsp143e4v19aze","time":1608663708,"event":{"mods":["BaseMod","Colored Map","Colored Powertips","Curses Come First","DeckTracker","Highlight Path","Minty Spire (QoL Compilation)","Quick Restart","Relic Stats","StSLib"],"gold_per_floor":[118,118,130,130,205,233,233,233,233],"floor_reached":8,"playtime":123,"items_purged":[],"score":150,"play_id":"4c1d44c0-d6c8-41e1-8c99-a527bff6d9b8","local_time":"20201222200148","is_ascension_mode":true,"campfire_choices":[{"data":"Predator","floor":7,"key":"SMITH"}],"circlet_count":0,"master_deck":["AscendersBane","Strike_G","Strike_G","Strike_G","Strike_G","Strike_G","Defend_G","Defend_G+1","Defend_G","Defend_G","Defend_G","Survivor","Neutralize","Blade Dance+1","Dagger Spray","Predator+1"],"relics":["Ring of the Snake","NeowsBlessing","Gremlin Horn","Darkstone Periapt"],"acts_visited":["Exordium"],"potions_floor_usage":[8],"damage_taken":[{"damage":0,"enemies":"Cultist","floor":1,"turns":1},{"damage":0,"enemies":"2 Louse","floor":3,"turns":1},{"damage":0,"enemies":"Lagavulin","floor":6,"turns":1},{"damage":50,"enemies":"Gremlin Nob","floor":8,"turns":4}],"seed_played":"6144645600778787968","potions_obtained":[{"floor":1,"key":"SpeedPotion"}],"is_trial":false,"path_per_floor":["M","T","M","?","?","E","R","E"],"character_chosen":"THE_SILENT","items_purchased":[],"campfire_rested":0,"item_purchase_floors":[],"current_hp_per_floor":[59,59,59,39,28,28,28,0,0],"gold":233,"neow_bonus":"THREE_ENEMY_KILL","is_daily":false,"chose_seed":false,"campfire_upgraded":1,"win_rate":0.0,"timestamp":1608663708,"path_taken":["M","?","M","?","?","E","R","E"],"items_purchased_type":[],"build_version":"2020-12-13","purchased_purges":0,"victory":false,"max_hp_per_floor":[66,66,66,66,66,66,66,66,66],"relic_stats":{"Darkstone Periapt":0,"Gremlin Horn":[1,1],"counters":[4,7],"obtain_stats":[{"Darkstone Periapt":6,"NeowsBlessing":0,"Gremlin Horn":2,"Ring of the Snake":0},{"Darkstone Periapt":3,"NeowsBlessing":0,"Gremlin Horn":1,"Ring of the Snake":0},{"Darkstone Periapt":3,"NeowsBlessing":0,"Gremlin Horn":1,"Ring of the Snake":0}],"Ring of the Snake":[8]},"card_choices":[{"not_picked":["Leg Sweep","Cloak And Dagger"],"picked":"Blade Dance","floor":1},{"not_picked":["Catalyst","Expertise"],"picked":"Dagger Spray","floor":3},{"not_picked":["Quick Slash","Bane"],"picked":"Predator","floor":6}],"player_experience":3059900,"relics_obtained":[{"floor":2,"key":"Gremlin Horn"},{"floor":6,"key":"Darkstone Periapt"}],"event_choices":[{"damage_healed":0,"gold_gain":0,"player_choice":"Entered Light","damage_taken":20,"max_hp_gain":0,"max_hp_loss":0,"event_name":"Shining Light","floor":4,"gold_loss":0,"cards_upgraded":["Defend_G","Blade Dance"]},{"damage_healed":0,"gold_gain":75,"player_choice":"Gather Gold","damage_taken":11,"max_hp_gain":0,"max_hp_loss":0,"event_name":"World of Goop","floor":5,"gold_loss":0}],"is_beta":false,"boss_relics":[],"items_purged_floors":[],"is_endless":false,"potions_floor_spawned":[1],"killed_by":"Gremlin Nob","ascension_level":18}}