{"host":"daa8jqyg4gqfaysm","time":1608638237,"event":{"mods":["BaseMod","Colored Powertips","Minty Spire (QoL Compilation)","StSLib"],"gold_per_floor":[112,124,44,55,131,159,177,177,247,282,282,207,207,57,57,133,133,160,160,189,217,217,217],"floor_reached":22,"playtime":611,"items_purged":["Strike_G"],"score":388,"play_id":"bf595be8-8c6d-4757-aa4c-c3b57cd7a31f","local_time":"20201222195717","is_ascension_mode":true,"campfire_choices":[{"floor":11,"key":"REST"},{"data":"Dagger Spray","floor":13,"key":"SMITH"},{"data":"Footwork","floor":15,"key":"SMITH"}],"circlet_count":0,"master_deck":["AscendersBane","Strike_G","Strike_G","Strike_G","Defend_G","Defend_G","Defend_G","Defend_G","Defend_G","Survivor","Neutralize","Poisoned Stab","Blade Dance","Crippling Poison","Backstab","Escape Plan","Footwork+1","Dagger Spray+1","Terror","Corpse Explosion","CurseOfTheBell","Bane","Glass Knife","Noxious Fumes+1"],"relics":["Ring of the Snake","Art of War","TungstenRod","Eternal Feather","Blood Vial","Calling Bell","CeramicFish","Frozen Egg 2","Shovel"],"acts_visited":["Exordium","TheCity"],"potions_floor_usage":[6,22],"damage_taken":[{"damage":4,"enemies":"Small Slimes","floor":1,"turns":5},{"damage":4,"enemies":"Jaw Worm","floor":2,"turns":4},{"damage":0,"enemies":"2 Louse","floor":4,"turns":3},{"damage":24,"enemies":"Gremlin Nob","floor":6,"turns":4},{"damage":0,"enemies":"Large Slime","floor":7,"turns":4},{"damage":20,"enemies":"Lagavulin","floor":10,"turns":8},{"damage":38,"enemies":"Hexaghost","floor":16,"turns":11},{"damage":16,"enemies":"Chosen","floor":18,"turns":6},{"damage":2,"enemies":"3 Byrds","floor":20,"turns":5},{"damage":19,"enemies":"Centurion and Healer","floor":21,"turns":4},{"damage":27,"enemies":"Snake Plant","floor":22,"turns":3}],"seed_played":"-5248371022398984141","potions_obtained":[{"floor":1,"key":"AttackPotion"},{"floor":6,"key":"GamblersBrew"},{"floor":18,"key":"Swift Potion"}],"is_trial":false,"path_per_floor":["M","M","$","M","?","E","M","?","T","E","R","?","R","$","R","B",null,"M","?","M","M","M"],"character_chosen":"THE_SILENT","items_purchased":["Crippling Poison","Terror"],"campfire_rested":1,"item_purchase_floors":[3,14],"current_hp_per_floor":[55,51,51,51,51,27,27,27,27,7,38,38,47,47,56,20,55,41,41,41,24,0,0],"gold":217,"neow_bonus":"RANDOM_COMMON_RELIC","is_daily":false,"chose_seed":false,"campfire_upgraded":2,"win_rate":0.0,"timestamp":1608638237,"path_taken":["M","M","$","M","?","E","M","?","T","E","R","?","R","?","R","BOSS","M","?","M","M","M"],"items_purchased_type":["Card","Card"],"build_version":"2020-12-13","purchased_purges":1,"victory":false,"max_hp_per_floor":[66,66,66,66,66,66,66,66,66,66,66,66,66,66,66,66,66,66,66,66,66,66,66],"card_choices":[{"not_picked":["Tactician","Outmaneuver"],"picked":"Poisoned Stab","floor":1},{"not_picked":["Prepared","PiercingWail"],"picked":"Blade Dance","floor":2},{"not_picked":["Blur","Accuracy"],"picked":"Backstab","floor":4},{"not_picked":["Concentrate","Accuracy"],"picked":"Escape Plan","floor":6},{"not_picked":["Deflect","Underhanded Strike"],"picked":"Footwork","floor":7},{"not_picked":["After Image","Footwork"],"picked":"Dagger Spray","floor":10},{"not_picked":["Burst","Storm of Steel"],"picked":"Corpse Explosion","floor":16},{"not_picked":["Underhanded Strike","Quick Slash"],"picked":"Bane","floor":18},{"not_picked":["Cloak And Dagger","Eviscerate"],"picked":"Glass Knife","floor":20},{"not_picked":["Dagger Spray+1","Deadly Poison"],"picked":"Noxious Fumes+1","floor":21}],"player_experience":715822,"relics_obtained":[{"floor":6,"key":"TungstenRod"},{"floor":9,"key":"Eternal Feather"},{"floor":10,"key":"Blood Vial"},{"floor":17,"key":"CeramicFish"},{"floor":17,"key":"Frozen Egg 2"},{"floor":17,"key":"Shovel"}],"event_choices":[{"damage_healed":0,"gold_gain":76,"player_choice":"Gained Gold","damage_taken":0,"max_hp_gain":0,"max_hp_loss":0,"event_name":"Golden Wing","floor":5,"gold_loss":0},{"damage_healed":0,"gold_gain":0,"player_choice":"Searched \u00270\u0027 times","damage_taken":0,"max_hp_gain":0,"max_hp_loss":0,"event_name":"Dead Adventurer","floor":8,"gold_loss":0},{"cards_removed":["Strike_G"],"damage_healed":0,"gold_gain":0,"player_choice":"Card Removal","damage_taken":0,"max_hp_gain":0,"max_hp_loss":0,"event_name":"The Cleric","floor":12,"gold_loss":75},{"damage_healed":0,"gold_gain":0,"player_choice":"Ignored","damage_taken":0,"max_hp_gain":0,"max_hp_loss":0,"event_name":"Ghosts","floor":19,"gold_loss":0}],"is_beta":false,"boss_relics":[{"not_picked":["Snecko Eye","Astrolabe"],"picked":"Calling Bell"}],"items_purged_floors":[14],"is_endless":false,"potions_floor_spawned":[1,6,18,21],"killed_by":"Snake Plant","ascension_level":20}}