{"host":"8u40nq559zpgb6zp","time":1608655167,"event":{"mods":["Aspiration","Bard","BaseMod","Beaked The Cultist","Better Altar","Better Match","Better Note","Better Sensory Stone","Better Skull","Better Third Choice","BetterRewards","CCEM","Clawfect","Conspire","Duelist Mod","Googly Eyes","Halation","Hermit","Highlight Path","Infinite Spire","Jedi Mod","Jorbs\u0027s Wanderer Trilogy","Mad Scientist","Marisa（霧雨　魔理沙）","Minty Spire (QoL Compilation)","Permanent Neow","Replay The Spire","Shade Mod","Shop Mod","Spicy Shops","StSLib","The Bladedancer","The Construct","The Cursed","The Disciple","The Druid","The Gatherer","The Hierophant","The IronCluck","The Jungle","The Mystic","The Necromancer","The Runesmith","The Senshi","The Servant 0.9.4","The Spell Scribe","The Witch","slay the spire mod where everything is the same but ironclad has a cowboy hat"],"gold_per_floor":[109,120,139,154,164,164,192,192,192,63,90,90,90,103,103,198,198,217,217,217,17,32,32,57,57,57,57,69,344,361,379,379,481,481,499,499,499,512,34,65,77,77,104,104,123,123,139,149,149,149],"floor_reached":51,"playtime":3107,"items_purged":["Regret"],"score":909,"play_id":"c00f0c2c-c371-4d76-87e2-da2d3442268e","local_time":"20201222113927","is_ascension_mode":false,"campfire_choices":[{"data":"Bone_Prison","floor":6,"key":"SMITH"},{"data":"Plague_Bolt","floor":8,"key":"SMITH"},{"data":"Death_March_Dance","floor":12,"key":"SMITH"},{"data":"Pandemic","floor":15,"key":"SMITH"},{"data":"infinitespire:DeathsTouch","floor":23,"key":"SMITH"},{"data":"Negative_Energy_Mist","floor":25,"key":"SMITH"},{"data":"Cloudkill","floor":32,"key":"SMITH"},{"data":"ReplayTheSpireMod:Black Plague","floor":42,"key":"SMITH"},{"data":"Plague_Bolt","floor":44,"key":"SMITH"},{"data":"Summon_Vampire_Lady","floor":49,"key":"SMITH"}],"circlet_count":0,"master_deck":["Strike_W","Strike_W","Strike_W","Strike_W","Defend_W","Defend_W","Defend_W","Defend_W","Negative_Energy_Arrows","Bone_Wall","Negative_Energy_Shield","Plague_Bolt+1","Bone_Prison+1","Thousand_Bone_Knives","Toxic_Smoke_Screen","Cloudkill+1","Death_March_Dance+1","Bone_Prison","Pandemic+1","Cloudkill+1","Bone_Prison+1","infinitespire:DeathsTouch+1","Death_March_Dance","Negative_Energy_Mist+1","Death_March_Dance","Negative_Energy_Shield","Summon_Vampire_Lady+1","Toxic_Smoke_Screen","Writhe","Death_Coil+1","Plague_Bolt+1","ReplayTheSpireMod:Black Plague+1","Finger_Of_Death+1","Cloudkill"],"relics":["Vampire_Amulet","aspiration:Nostalgia","Burning Blood","aspiration:TomeofQuesting","halation:Trompette","Vajra","halation:StarCompass","conspire:RunicOctahedron","Painkiller Herb","aspiration:Legacy_Headhunter","CCEMRelics:BiPhaseBiplane","jedi:Pinwheel","Runic Pyramid","CCEMRelics:JestersCrown","Garlic","aspiration:ChemicalBlood","Gremlin Food","StoneMask"],"acts_visited":["Exordium","TheCity","TheBeyond"],"potions_floor_usage":[5,5,50],"damage_taken":[{"damage":2,"enemies":"Cultist","floor":1,"turns":4},{"damage":3,"enemies":"Jaw Worm","floor":2,"turns":4},{"damage":0,"enemies":"2 Louse","floor":3,"turns":2},{"damage":17,"enemies":"Large Slime","floor":4,"turns":8},{"damage":3,"enemies":"Exordium Wildlife","floor":5,"turns":7},{"damage":12,"enemies":"Lagavulin","floor":7,"turns":8},{"damage":27,"enemies":"3 Sentries","floor":11,"turns":8},{"damage":0,"enemies":"Blue Slaver","floor":14,"turns":3},{"damage":14,"enemies":"The Guardian","floor":16,"turns":10},{"damage":9,"enemies":"Chosen","floor":18,"turns":5},{"damage":0,"enemies":"2 Thieves","floor":22,"turns":3},{"damage":11,"enemies":"Book of Stabbing","floor":24,"turns":4},{"damage":3,"enemies":"Snecko","floor":28,"turns":5},{"damage":1,"enemies":"Chosen and Byrds","floor":30,"turns":3},{"damage":5,"enemies":"Sentry and Sphere","floor":31,"turns":4},{"damage":16,"enemies":"Pondfish","floor":33,"turns":11},{"damage":6,"enemies":"Orb Walker","floor":35,"turns":3},{"damage":0,"enemies":"3 Shapes","floor":38,"turns":2},{"damage":32,"enemies":"Nightmare","floor":40,"turns":5},{"damage":0,"enemies":"Sphere and 2 Shapes","floor":41,"turns":2},{"damage":3,"enemies":"4 Shapes","floor":45,"turns":2},{"damage":0,"enemies":"3 Darklings","floor":47,"turns":3},{"damage":0,"enemies":"Writhing Mass","floor":48,"turns":4},{"damage":50,"enemies":"Awakened One","floor":50,"turns":10}],"seed_played":"-5911912443641458020","potions_obtained":[{"floor":1,"key":"SpeedPotion"},{"floor":3,"key":"jedi:tentaclejuice"},{"floor":14,"key":"AttackPotion"},{"floor":16,"key":"Dexterity Potion"},{"floor":22,"key":"Strength Potion"},{"floor":24,"key":"LiquidMemories"},{"floor":50,"key":"DuplicationPotion"}],"is_trial":false,"path_per_floor":["M","M","M","M","M","R","E","R","T","$","E","R","?","M","R","B",null,"M","?","AVR","T","?","T","E","T","T","T","?","?","?","?","T","B",null,"?","?","?","?","T","NM","?","T","T","T","?","?","?","?","T","B",null],"character_chosen":"NECROMANCER","items_purchased":["Cloudkill","Death_March_Dance","CCEMRelics:BiPhaseBiplane","Death_March_Dance","CCEMRelics:JestersCrown","Garlic"],"campfire_rested":0,"item_purchase_floors":[10,10,21,21,39,39],"current_hp_per_floor":[75,75,75,68,75,75,71,71,71,71,56,56,56,64,64,58,75,74,74,74,74,75,75,72,72,72,72,75,75,75,75,75,72,75,75,75,75,75,75,57,69,69,69,69,75,57,58,59,59,40],"gold":149,"neow_bonus":"NOSTALGIA","is_daily":false,"chose_seed":false,"campfire_upgraded":10,"win_rate":0.0,"timestamp":1608655167,"path_taken":["M","M","M","?","M","R","E","R","T","$","E","R","?","M","R","BOSS","M","?","AVR","?","?","T","E","T","T","T","?","?","?","?","T","BOSS","?","?","?","?","T","NM","?","T","T","T","?","?","?","?","T","BOSS"],"items_purchased_type":["Card","Card","Relic","Card","Relic","Relic"],"build_version":"2020-12-13","purchased_purges":1,"victory":true,"max_hp_per_floor":[75,75,75,75,75,75,75,75,75,75,75,75,75,75,75,75,75,75,75,75,75,75,75,75,75,75,75,75,75,75,75,75,75,75,75,75,75,75,75,75,75,75,75,75,75,57,58,59,59,63],"card_choices":[{"not_picked":["Flesh_Made_Foul","Blood_Whip","Whirlwind_of_Bones"],"picked":"SKIP","floor":1},{"not_picked":["Consume_Illness","Exploit"],"picked":"Negative_Energy_Shield","floor":2},{"not_picked":["Toxic_Smoke_Screen","Vampiric_Strike"],"picked":"Plague_Bolt","floor":3},{"not_picked":["Slay_Living","Vampiric_Strike"],"picked":"Bone_Prison","floor":4},{"not_picked":["Negative_Energy_Mist","Blood_Is_Power"],"picked":"Thousand_Bone_Knives","floor":5},{"not_picked":["Epidemic","Negative_Energy_Mist"],"picked":"Toxic_Smoke_Screen","floor":7},{"not_picked":["Deaths_Shadow","Pandemic"],"picked":"Bone_Prison","floor":11},{"not_picked":["Finger_Of_Death","Bone_Bullets"],"picked":"Pandemic","floor":14},{"not_picked":["Blood_Wake","Blood_Magic"],"picked":"Cloudkill","floor":16},{"not_picked":["Bone_Armor","Bone_Bullets"],"picked":"Bone_Prison+1","floor":18},{"not_picked":["Bone_Spikes","Bones_to_Steel"],"picked":"Negative_Energy_Mist","floor":22},{"not_picked":["Detonate_Bones","Negative_Energy_Javelin","Deaths_Shadow+1"],"picked":"SKIP","floor":24},{"not_picked":["Consume_Illness+1","Life_Drain+1","Bone_Armor"],"picked":"SKIP","floor":28},{"not_picked":["Bone_Spikes+1","Scare"],"picked":"Death_March_Dance","floor":30},{"not_picked":["Life_Drain","Shackles_Of_Pain+1"],"picked":"Negative_Energy_Shield","floor":31},{"not_picked":["Requiem","Skeleton_Dragon"],"picked":"Summon_Vampire_Lady","floor":33},{"not_picked":["Bones_to_Steel+1","Bone_Spikes+1"],"picked":"Toxic_Smoke_Screen","floor":35},{"not_picked":["Death_March_Dance+1","Shackles_Of_Pain"],"picked":"Death_Coil+1","floor":38},{"not_picked":["Blood_Shield+1","Death_March_Dance"],"picked":"Plague_Bolt","floor":40},{"not_picked":["infinitespire:Menacing","infinitespire:FinalStrike"],"picked":"ReplayTheSpireMod:Black Plague","floor":40},{"not_picked":["Death_Coil","Negative_Energy_Bomb","Chill_Blood"],"picked":"SKIP","floor":41},{"not_picked":["Negative_Energy_Sphere+1","Chill_Blood+1"],"picked":"Finger_Of_Death+1","floor":45},{"not_picked":["Finger_Of_Death","Blood_Whip+1","Negative_Energy_Mist"],"picked":"SKIP","floor":47},{"not_picked":["Death_March_Dance","Blood_Curse+1"],"picked":"Cloudkill","floor":48}],"player_experience":929726,"relics_obtained":[{"floor":7,"key":"aspiration:TomeofQuesting"},{"floor":9,"key":"halation:Trompette"},{"floor":11,"key":"Vajra"},{"floor":24,"key":"jedi:Pinwheel"},{"floor":40,"key":"aspiration:ChemicalBlood"},{"floor":43,"key":"Gremlin Food"}],"event_choices":[{"damage_healed":0,"gold_gain":0,"player_choice":"Upgraded","damage_taken":0,"max_hp_gain":0,"max_hp_loss":0,"event_name":"Upgrade Shrine","floor":19,"gold_loss":0,"cards_upgraded":["Cloudkill"]},{"damage_healed":0,"gold_gain":275,"player_choice":"Desecrate","damage_taken":0,"max_hp_gain":0,"max_hp_loss":0,"event_name":"Golden Shrine","floor":29,"gold_loss":0,"cards_obtained":["Regret"]},{"damage_healed":19,"gold_gain":0,"player_choice":"Writhe","damage_taken":0,"max_hp_gain":0,"max_hp_loss":0,"event_name":"Winding Halls","floor":36,"gold_loss":0,"cards_obtained":["Writhe"]},{"damage_healed":0,"gold_gain":0,"player_choice":"Ignored","damage_taken":0,"max_hp_gain":0,"max_hp_loss":0,"event_name":"Tomb of Lord Red Mask","floor":37,"gold_loss":0}],"is_beta":false,"boss_relics":[{"not_picked":["Honey Jar","Replay:Drink Me"],"picked":"conspire:RunicOctahedron"},{"not_picked":["halation:PinkAlligatorPlush","jedi:battlestandard"],"picked":"Runic Pyramid"}],"items_purged_floors":[39],"is_endless":false,"potions_floor_spawned":[1,3,14,16,22,24,30,33,35,41,45,48],"ascension_level":0}}