{"host":"leem2xi7qlpn2ezy","time":1608616440,"event":{"mods":["BaseMod","Colored Powertips","Highlight Path","Minty Spire (QoL Compilation)","Quick Restart","StSLib"],"gold_per_floor":[111,111,125,144,144,144,176,190,213,226,240,251,261,261,261,359,359,373,373,87,87,101,101,129,129,129,129,146,146,164,183,183,183,183],"floor_reached":33,"playtime":1559,"items_purged":[],"score":298,"play_id":"d1bdefdf-74af-44cb-874e-985c6c22b096","local_time":"20201221215400","is_ascension_mode":true,"campfire_choices":[{"data":"Strike_R","floor":6.0,"key":"SMITH"},{"floor":15.0,"key":"REST"},{"floor":25,"key":"REST"},{"floor":29,"key":"REST"},{"floor":32,"key":"REST"}],"circlet_count":0,"master_deck":["Strike_R+1","Strike_R","Strike_R","Strike_R+1","Strike_R+1","Defend_R","Defend_R","Defend_R","Defend_R","Bash+1","Warcry","Armaments+1","Flame Barrier","Pommel Strike","Flex","Inflame","Double Tap","Iron Wave","Thunderclap","Armaments","Twin Strike","Shockwave"],"relics":["Black Blood","Whetstone","Ancient Tea Set","Self Forming Clay","Nloth\u0027s Gift","Bag of Preparation","Meat on the Bone"],"acts_visited":["Exordium","TheCity"],"potions_floor_usage":[24,24,28,33,33],"damage_taken":[{"damage":0.0,"enemies":"Small Slimes","floor":1.0,"turns":1.0},{"damage":0.0,"enemies":"Cultist","floor":3.0,"turns":1.0},{"damage":0.0,"enemies":"Jaw Worm","floor":4.0,"turns":1.0},{"damage":42.0,"enemies":"3 Sentries","floor":7.0,"turns":10.0},{"damage":15.0,"enemies":"Lots of Slimes","floor":8.0,"turns":5.0},{"damage":1.0,"enemies":"3 Louse","floor":10.0,"turns":4.0},{"damage":3.0,"enemies":"Blue Slaver","floor":11.0,"turns":5.0},{"damage":14.0,"enemies":"Exordium Thugs","floor":12.0,"turns":5.0},{"damage":15.0,"enemies":"Gremlin Gang","floor":13.0,"turns":4.0},{"damage":41.0,"enemies":"Slime Boss","floor":16.0,"turns":8.0},{"damage":22.0,"enemies":"Chosen","floor":18.0,"turns":5.0},{"damage":27.0,"enemies":"3 Byrds","floor":22.0,"turns":6.0},{"damage":54,"enemies":"Book of Stabbing","floor":24,"turns":7},{"damage":24,"enemies":"Centurion and Healer","floor":28,"turns":5},{"damage":36,"enemies":"Snecko","floor":30,"turns":5},{"damage":33,"enemies":"Chosen and Byrds","floor":31,"turns":8},{"damage":72,"enemies":"Collector","floor":33,"turns":7}],"seed_played":"-1509632962351942597","potions_obtained":[{"floor":3.0,"key":"ElixirPotion"},{"floor":4.0,"key":"PowerPotion"},{"floor":7.0,"key":"ColorlessPotion"},{"floor":12.0,"key":"Swift Potion"},{"floor":13.0,"key":"SkillPotion"},{"floor":23.0,"key":"LiquidMemories"},{"floor":23.0,"key":"HeartOfIron"},{"floor":23.0,"key":"ElixirPotion"},{"floor":24,"key":"PowerPotion"},{"floor":30,"key":"SkillPotion"},{"floor":31,"key":"BlessingOfTheForge"}],"is_trial":false,"path_per_floor":["M","?","M","M","?","R","E","M","T","M","M","M","M","?","R","B",null,"M","?","$","?","M","?","E","R","T","$","M","R","M","M","R","B"],"character_chosen":"IRONCLAD","items_purchased":["Self Forming Clay","Iron Wave"],"campfire_rested":4,"item_purchase_floors":[20,20],"current_hp_per_floor":[80,80,80,80,80,80,44,35,35,40,43,35,26,26,50,15,80,70,70,70,70,55,55,13,37,37,37,37,61,49,40,64,0,0],"gold":183,"neow_bonus":"THREE_ENEMY_KILL","is_daily":false,"chose_seed":false,"campfire_upgraded":1,"win_rate":0.0,"timestamp":1608616440,"path_taken":["M","?","?","M","?","R","E","M","T","M","?","M","M","?","R","BOSS","M","?","$","?","?","?","E","R","T","$","M","R","M","M","R","BOSS"],"items_purchased_type":["Relic","Card"],"build_version":"2020-12-13","purchased_purges":0,"victory":false,"max_hp_per_floor":[80,80,80,80,80,80,80,80,80,80,80,80,80,80,80,80,80,80,80,80,80,80,80,80,80,80,80,80,80,80,80,80,80,80],"card_choices":[{"not_picked":["Thunderclap","Havoc"],"picked":"Warcry","floor":1.0},{"not_picked":["Evolve","Clothesline"],"picked":"Armaments","floor":3.0},{"not_picked":["Feel No Pain","Hemokinesis","Body Slam"],"picked":"SKIP","floor":4.0},{"not_picked":["Heavy Blade","Havoc"],"picked":"Flame Barrier","floor":7.0},{"not_picked":["Clash","Combust","Immolate"],"picked":"SKIP","floor":8.0},{"not_picked":["True Grit","Reckless Charge","Havoc"],"picked":"SKIP","floor":10.0},{"not_picked":["Anger","Ghostly Armor"],"picked":"Pommel Strike","floor":11.0},{"not_picked":["Inflame","Sword Boomerang"],"picked":"Flex","floor":12.0},{"not_picked":["Anger","Pummel"],"picked":"Inflame","floor":13.0},{"not_picked":["Barricade","Brutality"],"picked":"Double Tap","floor":16.0},{"not_picked":["Combust+1","Blood for Blood","Entrench"],"picked":"SKIP","floor":18.0},{"not_picked":["Sword Boomerang+1","Clothesline","True Grit"],"picked":"SKIP","floor":22.0},{"not_picked":["Brutality","Burning Pact"],"picked":"Thunderclap","floor":24},{"not_picked":["Heavy Blade","Warcry"],"picked":"Armaments","floor":28},{"not_picked":["Rage","Body Slam"],"picked":"Twin Strike","floor":30},{"not_picked":["Clothesline+1","Warcry"],"picked":"Shockwave","floor":31}],"player_experience":86885,"relics_obtained":[{"floor":7.0,"key":"Whetstone"},{"floor":9.0,"key":"Ancient Tea Set"},{"floor":24,"key":"Bag of Preparation"},{"floor":26,"key":"Meat on the Bone"}],"event_choices":[{"damage_healed":0.0,"max_hp_gain":0.0,"max_hp_loss":0.0,"gold_gain":0.0,"event_name":"Accursed Blacksmith","player_choice":"Forge","floor":2.0,"gold_loss":0.0,"damage_taken":0.0,"cards_upgraded":["Strike_R"]},{"damage_healed":0.0,"max_hp_gain":0.0,"max_hp_loss":0.0,"gold_gain":0.0,"event_name":"Upgrade Shrine","player_choice":"Upgraded","floor":5.0,"gold_loss":0.0,"damage_taken":0.0,"cards_upgraded":["Armaments"]},{"damage_healed":0.0,"max_hp_gain":0.0,"max_hp_loss":0.0,"gold_gain":0.0,"event_name":"Dead Adventurer","player_choice":"Searched \u00270\u0027 times","floor":14.0,"gold_loss":0.0,"damage_taken":0.0},{"damage_healed":0.0,"max_hp_gain":0.0,"max_hp_loss":0.0,"gold_gain":0.0,"event_name":"Vampires","player_choice":"Ignored","floor":19.0,"gold_loss":0.0,"damage_taken":0.0},{"damage_healed":0.0,"max_hp_gain":0.0,"max_hp_loss":0.0,"gold_gain":0.0,"event_name":"N\u0027loth","player_choice":"Traded Relic","floor":21.0,"relics_lost":["NeowsBlessing"],"gold_loss":0.0,"damage_taken":0.0,"relics_obtained":["Nloth\u0027s Gift"]},{"damage_healed":0.0,"max_hp_gain":0.0,"max_hp_loss":0.0,"gold_gain":0.0,"event_name":"Lab","player_choice":"Got Potions","floor":23.0,"gold_loss":0.0,"damage_taken":0.0}],"is_beta":false,"boss_relics":[{"not_picked":["Mark of Pain","Snecko Eye"],"picked":"Black Blood"}],"items_purged_floors":[],"is_endless":false,"potions_floor_spawned":[3,4,7,12,13,24,30,31],"killed_by":"Collector","ascension_level":2}}