{"host":"kh6fvhxn285ncg0o","time":1608603291,"event":{"mods":["Act Like it!","BaseMod","Colored Map","Friendly Minions","Keyboard Shortcuts","Minty Spire (QoL Compilation)","Quick Restart","Relic Stats","StSLib","SuperFastMode"],"gold_per_floor":[118,118,130,143,143,143,171,186,211,286,305,332,332,360,360,360,360],"floor_reached":16,"playtime":278,"items_purged":[],"score":240,"play_id":"53dda3af-afa0-491f-aec5-73199da421c2","local_time":"20201222111451","is_ascension_mode":true,"campfire_choices":[{"data":"Uppercut","floor":6.0,"key":"SMITH"},{"data":"Blood for Blood","floor":15,"key":"SMITH"}],"circlet_count":0,"master_deck":["AscendersBane","Strike_R","Strike_R","Strike_R","Defend_R","Defend_R","Defend_R","Defend_R","Bash","Seeing Red","Uppercut+1","Combust","Blood for Blood+1","Second Wind"],"relics":["Burning Blood","NeowsBlessing","Lantern","Akabeko","Centennial Puzzle","Mummified Hand"],"acts_visited":["Exordium"],"potions_floor_usage":[12,14,16],"damage_taken":[{"damage":0.0,"enemies":"Small Slimes","floor":1.0,"turns":1.0},{"damage":0.0,"enemies":"Cultist","floor":3.0,"turns":1.0},{"damage":0.0,"enemies":"Jaw Worm","floor":4.0,"turns":1.0},{"damage":32.0,"enemies":"Lagavulin","floor":7.0,"turns":6.0},{"damage":4.0,"enemies":"2 Fungi Beasts","floor":8.0,"turns":4.0},{"damage":16.0,"enemies":"Looter","floor":11.0,"turns":4.0},{"damage":14,"enemies":"3 Sentries","floor":12,"turns":4},{"damage":26,"enemies":"Gremlin Nob","floor":14,"turns":4},{"damage":21,"enemies":"Hexaghost","floor":16,"turns":7}],"seed_played":"-4351627858720694200","potions_obtained":[{"floor":3.0,"key":"CultistPotion"},{"floor":4.0,"key":"FearPotion"},{"floor":14,"key":"Fire Potion"}],"is_trial":false,"path_per_floor":["M","?","M","M","?","R","E","M","T","?","M","E","?","E","R","B"],"character_chosen":"IRONCLAD","items_purchased":[],"campfire_rested":0,"item_purchase_floors":[],"current_hp_per_floor":[74,74,75,75,68,68,42,44,44,33,23,15,40,20,20,0,0],"gold":360,"neow_bonus":"THREE_ENEMY_KILL","is_daily":false,"chose_seed":false,"campfire_upgraded":2,"win_rate":0.0,"timestamp":1608603291,"path_taken":["M","?","M","?","?","R","E","M","T","?","M","E","?","E","R","BOSS"],"items_purchased_type":[],"build_version":"2020-12-13","purchased_purges":0,"victory":false,"max_hp_per_floor":[75,75,75,75,75,75,75,75,75,75,75,75,75,75,75,75,75],"relic_stats":{"Centennial Puzzle":[6],"counters":[9,32],"Mummified Hand":[1],"obtain_stats":[{"Lantern":7,"Centennial Puzzle":12,"NeowsBlessing":0,"Mummified Hand":14,"Burning Blood":0,"Akabeko":9},{"Lantern":4,"Centennial Puzzle":7,"NeowsBlessing":0,"Mummified Hand":8,"Burning Blood":0,"Akabeko":5},{"Lantern":9,"Centennial Puzzle":21,"NeowsBlessing":0,"Mummified Hand":25,"Burning Blood":0,"Akabeko":13}],"Burning Blood":37},"card_choices":[{"not_picked":["Rampage","Burning Pact"],"picked":"Uppercut","floor":3.0},{"not_picked":["Dual Wield","Headbutt"],"picked":"Combust","floor":4.0},{"not_picked":["Intimidate","Metallicize"],"picked":"Blood for Blood","floor":7.0},{"not_picked":["Twin Strike","Iron Wave","Dark Embrace"],"picked":"SKIP","floor":11.0},{"not_picked":["Berserk","Bloodletting"],"picked":"Second Wind","floor":12},{"not_picked":["Heavy Blade","True Grit","Combust"],"picked":"SKIP","floor":14}],"player_experience":3205155,"relics_obtained":[{"floor":7.0,"key":"Lantern"},{"floor":9.0,"key":"Akabeko"},{"floor":12,"key":"Centennial Puzzle"},{"floor":14,"key":"Mummified Hand"}],"event_choices":[{"damage_healed":0.0,"max_hp_gain":0.0,"max_hp_loss":0.0,"gold_gain":0.0,"cards_transformed":["Strike_R"],"event_name":"Transmorgrifier","player_choice":"Transformed","floor":2.0,"gold_loss":0.0,"damage_taken":0.0,"cards_obtained":["Seeing Red"]},{"cards_removed":["Strike_R"],"damage_healed":0.0,"max_hp_gain":0.0,"max_hp_loss":0.0,"gold_gain":0.0,"event_name":"Golden Wing","player_choice":"Card Removal","floor":5.0,"gold_loss":0.0,"damage_taken":7.0},{"damage_healed":0.0,"max_hp_gain":0.0,"max_hp_loss":0.0,"gold_gain":75.0,"event_name":"World of Goop","player_choice":"Gather Gold","floor":10.0,"gold_loss":0.0,"damage_taken":11.0},{"damage_healed":25,"gold_gain":0,"player_choice":"Banana","damage_taken":0,"max_hp_gain":0,"max_hp_loss":0,"event_name":"Big Fish","floor":13,"gold_loss":0}],"is_beta":false,"boss_relics":[],"items_purged_floors":[],"is_endless":false,"potions_floor_spawned":[3,4,11,14],"killed_by":"Hexaghost","ascension_level":20}}