{"host":"uceopoba4zvqsgiy","time":1608620238,"event":{"mods":["Act Like it!","BaseMod","Better Skull","Better Third Choice","Elementarium","GifTheSpireLib","Hermit","Humility","Infinite Spire","Jorbs\u0027s Wanderer Trilogy","Marked Mod","Minty Spire (QoL Compilation)","Potionbrewer","Replay The Spire","Robot Space Explorer","Shade Mod","Spicy Shops","StSLib","Stuff the Spire","The Blue Laboratory","The Cursed","The Dragon Tamer","The Hierophant","The Judge","The Jungle","Wandering Minibosses"],"gold_per_floor":[114,114,114,127,46,73,19,19,97,117,87,87],"floor_reached":11,"playtime":1311,"items_purged":[],"score":125,"play_id":"4acdccd5-31c0-4080-a5b2-28f75097b63b","local_time":"20201222172718","is_ascension_mode":true,"campfire_choices":[{"data":"Shade:Carnophage","floor":8,"key":"SMITH"}],"circlet_count":0,"master_deck":["Shade:Strike_Shade","Shade:Strike_Shade","Shade:Strike_Shade","Shade:Strike_Shade","Shade:Defend_Shade","Shade:Defend_Shade","Shade:Defend_Shade","Shade:Defend_Shade","Shade:AnimateDead","Shade:CarefulCut","Shade:Carnophage+1","Shade:AuraOfUnlife","Shade:LoseControl","ReplayTheSpireMod:IOU","Doubt","Shade:PressTheAttack"],"relics":["StuffTheSpire:OccultApparatus","NeowsBlessing","Replay:Wax Seal","Iron Hammer","Omamori","Lee\u0027s Waffle","Tiny Chest","Pantograph"],"acts_visited":["Exordium"],"potions_floor_usage":[6],"damage_taken":[{"damage":0,"enemies":"Small Slimes","floor":1,"turns":1},{"damage":0,"enemies":"2 Louse","floor":4,"turns":1},{"damage":0,"enemies":"3 Sentries","floor":6,"turns":2},{"damage":2,"enemies":"Jaw Worm","floor":10,"turns":4},{"damage":89,"enemies":"Gremlin Nob","floor":11,"turns":6}],"seed_played":"4334307126070645631","potions_obtained":[{"floor":1,"key":"potionbrewer:BlacksmithPotion"},{"floor":4,"key":"potionbrewer:EndurancePotion"}],"is_trial":false,"path_per_floor":["M","?","?","M","$","E","$","R","T","M","E"],"character_chosen":"SHADE","items_purchased":["Shade:AuraOfUnlife","Omamori","Lee\u0027s Waffle","Tiny Chest"],"campfire_rested":0,"item_purchase_floors":[5,7,7,7],"current_hp_per_floor":[59,59,47,47,47,47,72,72,72,70,0,0],"gold":87,"neow_bonus":"THREE_ENEMY_KILL","is_daily":false,"chose_seed":false,"campfire_upgraded":1,"win_rate":0.0,"timestamp":1608620238,"path_taken":["M","?","?","M","$","E","?","R","T","?","E"],"items_purchased_type":["Card","Relic","Relic","Relic"],"build_version":"2020-12-13","purchased_purges":0,"victory":false,"max_hp_per_floor":[65,65,65,65,65,65,72,72,72,72,72,72],"card_choices":[{"not_picked":["Shade:Brains","Shade:Premonition","Shade:FleshToFlesh"],"picked":"SKIP","floor":1},{"not_picked":["Shade:BoneShards","Shade:Premonition"],"picked":"Shade:Carnophage","floor":4},{"not_picked":["Shade:ExtraLimbs","Shade:Patience"],"picked":"Shade:LoseControl","floor":6},{"not_picked":["Shade:Premonition","Shade:GraveStillness"],"picked":"Shade:PressTheAttack","floor":10}],"player_experience":1570344,"relics_obtained":[{"floor":6,"key":"Iron Hammer"},{"floor":9,"key":"Pantograph"}],"event_choices":[{"damage_healed":0,"gold_gain":0,"player_choice":"Relic ","damage_taken":12,"max_hp_gain":0,"max_hp_loss":0,"event_name":"betterThird:BetterScrap","floor":3,"gold_loss":0,"cards_obtained":["Fasting2"]}],"is_beta":false,"boss_relics":[],"items_purged_floors":[],"is_endless":false,"potions_floor_spawned":[1,4],"killed_by":"Gremlin Nob","ascension_level":6}}