{"host":"9v3x998ddbx8o276","time":1608621799,"event":{"mods":["AchievementEnabler","BaseMod","Colored Map","Highlight Path","Minty Spire (QoL Compilation)","Quick Restart","Rare Cards Sparkle"],"gold_per_floor":[117,134,151,151,162,162,35,68,68,68,68,81,97,122,122,199,199,159,159,159,39,39,39,39,39,39],"floor_reached":25,"playtime":945,"items_purged":["Strike_B"],"score":562,"play_id":"e3eb2fa1-968a-45e8-896c-817ab4e6597b","local_time":"20201222175319","is_ascension_mode":true,"campfire_choices":[{"floor":6,"key":"REST"},{"floor":10,"key":"REST"},{"floor":15,"key":"REST"},{"floor":24,"key":"REST"}],"circlet_count":0,"master_deck":["AscendersBane","Strike_B","Strike_B","Strike_B","Defend_B+1","Defend_B","Defend_B","Defend_B+1","Zap","Dualcast","Hyperbeam","Sweeping Beam","Genetic Algorithm","Glacier","Aggregate","Rebound","Consume","Auto Shields","Cold Snap","White Noise","Echo Form","Self Repair","Capacitor","Ball Lightning","Beam Cell","Force Field","Self Repair","Decay","Creative AI"],"relics":["Cracked Core","Bird Faced Urn","Gambling Chip","Prayer Wheel","Ectoplasm","Art of War"],"acts_visited":["Exordium","TheCity"],"potions_floor_usage":[14,16,23],"damage_taken":[{"damage":2,"enemies":"Jaw Worm","floor":1,"turns":2},{"damage":10,"enemies":"Small Slimes","floor":2,"turns":2},{"damage":5,"enemies":"Cultist","floor":3,"turns":3},{"damage":15,"enemies":"3 Louse","floor":5,"turns":3},{"damage":11,"enemies":"3 Sentries","floor":8,"turns":7},{"damage":8,"enemies":"Exordium Thugs","floor":12,"turns":4},{"damage":5,"enemies":"Blue Slaver","floor":13,"turns":3},{"damage":22,"enemies":"Gremlin Nob","floor":14,"turns":4},{"damage":0,"enemies":"Slime Boss","floor":16,"turns":11},{"damage":0,"enemies":"2 Thieves","floor":18,"turns":2},{"damage":19,"enemies":"Chosen","floor":19,"turns":9},{"damage":73,"enemies":"Slavers","floor":23,"turns":8},{"damage":81,"enemies":"Book of Stabbing","floor":25,"turns":7}],"seed_played":"5867544457977184905","potions_obtained":[{"floor":1,"key":"Strength Potion"},{"floor":5,"key":"AttackPotion"},{"floor":12,"key":"PowerPotion"},{"floor":18,"key":"LiquidMemories"}],"is_trial":false,"path_per_floor":["M","M","M","?","M","R","$","E","T","R","?","M","M","E","R","B",null,"M","M","?","$","?","E","R","E"],"character_chosen":"DEFECT","items_purchased":["Rebound","Force Field","Self Repair"],"campfire_rested":4,"item_purchase_floors":[7,21,21],"current_hp_per_floor":[62,52,47,26,11,32,32,21,21,42,38,30,25,3,24,28,60,62,69,69,69,69,40,61,0,0],"gold":39,"neow_bonus":"ONE_RANDOM_RARE_CARD","is_daily":false,"chose_seed":false,"campfire_upgraded":0,"win_rate":0.0,"timestamp":1608621799,"path_taken":["M","M","M","?","M","R","$","E","T","R","?","?","M","E","R","BOSS","M","M","?","$","?","E","R","E"],"items_purchased_type":["Card","Card","Card"],"build_version":"2020-12-13","purchased_purges":1,"victory":false,"max_hp_per_floor":[71,71,71,71,71,71,71,71,71,71,71,71,71,71,71,71,71,71,71,71,71,71,71,71,71,71],"card_choices":[{"not_picked":["Blizzard","Barrage"],"picked":"Sweeping Beam","floor":1},{"not_picked":["Coolheaded","Steam"],"picked":"Genetic Algorithm","floor":2},{"not_picked":["Steam","Sweeping Beam"],"picked":"Glacier","floor":3},{"not_picked":["Redo","Sunder"],"picked":"Aggregate","floor":5},{"not_picked":["Beam Cell","Rebound"],"picked":"Consume","floor":8},{"not_picked":["Coolheaded","Lockon"],"picked":"Auto Shields","floor":12},{"not_picked":["Sunder","Stack"],"picked":"Cold Snap","floor":13},{"not_picked":["Double Energy","Blizzard"],"picked":"White Noise","floor":14},{"not_picked":["Thunder Strike","Core Surge"],"picked":"Echo Form","floor":16},{"not_picked":["Leap","Hello World"],"picked":"Self Repair","floor":18},{"not_picked":["Ball Lightning","Turbo"],"picked":"Capacitor","floor":18},{"not_picked":["Cold Snap","Conserve Battery+1"],"picked":"Ball Lightning","floor":19},{"not_picked":["Sweeping Beam","Stack"],"picked":"Beam Cell","floor":19},{"not_picked":["Cold Snap","Leap"],"picked":"Creative AI","floor":23}],"player_experience":2047857,"relics_obtained":[{"floor":8,"key":"Bird Faced Urn"},{"floor":9,"key":"Gambling Chip"},{"floor":14,"key":"Prayer Wheel"},{"floor":23,"key":"Art of War"}],"event_choices":[{"damage_healed":0,"gold_gain":0,"player_choice":"Entered Light","damage_taken":21,"max_hp_gain":0,"max_hp_loss":0,"event_name":"Shining Light","floor":4,"gold_loss":0,"cards_upgraded":["Defend_B","Defend_B"]},{"damage_healed":0,"gold_gain":0,"player_choice":"Bought 0 Potions","damage_taken":0,"max_hp_gain":0,"max_hp_loss":0,"event_name":"The Woman in Blue","floor":11,"gold_loss":0},{"damage_healed":0,"gold_gain":0,"player_choice":"Ignored","damage_taken":0,"max_hp_gain":0,"max_hp_loss":0,"event_name":"Vampires","floor":20,"gold_loss":0},{"damage_healed":0,"gold_gain":0,"player_choice":"Smashed Altar","damage_taken":0,"max_hp_gain":0,"max_hp_loss":0,"event_name":"Forgotten Altar","floor":22,"gold_loss":0,"cards_obtained":["Decay"]}],"is_beta":false,"boss_relics":[{"not_picked":["Nuclear Battery","Runic Pyramid"],"picked":"Ectoplasm"}],"items_purged_floors":[7],"is_endless":false,"potions_floor_spawned":[1,5,12,18],"killed_by":"Book of Stabbing","ascension_level":20}}