{"host":"ktoxvvst1mwxww91","time":1608664102,"event":{"mods":["BaseMod","Hermit","Minty Spire (QoL Compilation)","StSLib","The Hierophant","The Mystic","The Necromancer"],"gold_per_floor":[111,124,144,219,219,245,245,245,245],"floor_reached":8,"playtime":273,"items_purged":[],"score":104,"play_id":"35036db8-cd81-409a-a114-12e6cd6069f6","local_time":"20201222200822","is_ascension_mode":true,"campfire_choices":[{"floor":7,"key":"REST"}],"circlet_count":0,"master_deck":["AscendersBane","Strike_B","Strike_B","Strike_B","Strike_B","Defend_B+1","Defend_B","Defend_B","Defend_B","Zap+1","Dualcast","Cold Snap","BootSequence","Cold Snap","Undo"],"relics":["Inserter","Potion Belt"],"acts_visited":["Exordium"],"potions_floor_usage":[6,8],"damage_taken":[{"damage":6,"enemies":"Cultist","floor":1,"turns":3},{"damage":8,"enemies":"Small Slimes","floor":2,"turns":3},{"damage":0,"enemies":"2 Louse","floor":3,"turns":5},{"damage":13,"enemies":"Lagavulin","floor":6,"turns":12},{"damage":50,"enemies":"Gremlin Nob","floor":8,"turns":6}],"seed_played":"7640633841795606989","potions_obtained":[{"floor":2,"key":"PotionOfCapacity"},{"floor":6,"key":"Regen Potion"}],"is_trial":false,"path_per_floor":["M","M","M","?","?","E","R","E"],"character_chosen":"DEFECT","items_purchased":[],"campfire_rested":1,"item_purchase_floors":[],"current_hp_per_floor":[58,50,50,39,18,5,26,0,0],"gold":245,"neow_bonus":"BOSS_RELIC","is_daily":false,"chose_seed":false,"campfire_upgraded":0,"win_rate":0.0,"timestamp":1608664102,"path_taken":["M","?","M","?","?","E","R","E"],"items_purchased_type":[],"build_version":"2020-12-13","purchased_purges":0,"victory":false,"max_hp_per_floor":[71,71,71,71,71,71,71,71,71],"card_choices":[{"not_picked":["Turbo","Sweeping Beam"],"picked":"Cold Snap","floor":1},{"not_picked":["Redo","Heatsinks"],"picked":"BootSequence","floor":2},{"not_picked":["Reinforced Body","Stack"],"picked":"Cold Snap","floor":3},{"not_picked":["Rebound","Lockon"],"picked":"Undo","floor":6}],"player_experience":919581,"relics_obtained":[{"floor":6,"key":"Potion Belt"}],"event_choices":[{"damage_healed":0,"gold_gain":75,"player_choice":"Gather Gold","damage_taken":11,"max_hp_gain":0,"max_hp_loss":0,"event_name":"World of Goop","floor":4,"gold_loss":0},{"damage_healed":0,"gold_gain":0,"player_choice":"Entered Light","damage_taken":21,"max_hp_gain":0,"max_hp_loss":0,"event_name":"Shining Light","floor":5,"gold_loss":0,"cards_upgraded":["Defend_B","Zap"]}],"is_beta":false,"boss_relics":[],"items_purged_floors":[],"is_endless":false,"potions_floor_spawned":[2,6],"killed_by":"Gremlin Nob","ascension_level":17}}