{"host":"k6v1xkuzrj71f4ss","time":1608615076,"event":{"mods":["Act Like it!","BaseMod","Bestiary","Better Altar","Better Third Choice","BetterRewards","Block Reminder","Colored Map","Colored Powertips","Curses Come First","Hubris","Minty Spire (QoL Compilation)","Quick Restart","Relic Stats","Remove Card Discount Mod","Spicy Shops","StSLib","óô»ðÖ¸ÄÏ"],"gold_per_floor":[109,59,4480,4480,4500,4535,4570,4600,4623,4638,4711,4739,4768,4801,4801,4904,4904,4914,4914,5014,4736,4766,4801,4831,4863,4863,4893,4893,4911,4943,4968,4968,5069,5069,5089,4931,4931,4931,4778,4812,4839,4839,4916,4950,4980,4991,5017,5053,5062,5062],"floor_reached":51,"playtime":9430,"items_purged":["Strike_R","Defend_R","Strike_R","Strike_R","Strike_R","Defend_R"],"score":1268,"play_id":"633de340-a372-4ecf-b55c-8d7d01f9b7a5","local_time":"20201222133116","daily_mods":["Green Cards","Heirloom","Flight","DeadlyEvents"],"is_ascension_mode":true,"campfire_choices":[{"floor":15.0,"key":"REST"},{"floor":32.0,"key":"REST"},{"data":"Poisoned Stab","floor":42,"key":"SMITH"},{"floor":49,"key":"REST"}],"circlet_count":0,"master_deck":["Defend_R+1","Bash","Slice","Cleave","Swift Strike","Iron Wave","Rage","Heavy Blade","Deadly Poison+1","Anger","Blood for Blood","Riddle With Holes","Terror+1","Adrenaline+1","Combust+1","Poisoned Stab+1","Anger","Immolate","hubris:StunningStrike","Feed","Anger","Dual Wield+1","Deflect+1","Double Tap+1","Secret Weapon+1","Rage+1","Riddle With Holes+1","Exhume+1","Whirlwind"],"relics":["Black Blood","Turnip","Sundial","Chemical X","Strawberry","Bottled Lightning","Dream Catcher","Omamori","HornCleat","Peace Pipe","Toxic Egg 2","Meat on the Bone","Busted Crown","War Paint","MealTicket","hubris:GlazedTorus","Lantern","Regal Pillow","hubris:Teleporter","Tiny Chest","Question Card","hubris:BottledRain","Thread and Needle","Vajra","Pen Nib","Bag of Marbles","TungstenRod","Mercury Hourglass","InkBottle","CeramicFish","Akabeko","Oddly Smooth Stone","Anchor"],"acts_visited":["Exordium","TheCity","TheBeyond"],"potions_floor_usage":[50,50],"damage_taken":[{"damage":7.0,"enemies":"2 Louse","floor":1.0,"turns":3.0},{"damage":0.0,"enemies":"Small Slimes","floor":5.0,"turns":1.0},{"damage":19.0,"enemies":"Lagavulin","floor":6.0,"turns":5.0},{"damage":20.0,"enemies":"3 Sentries","floor":7.0,"turns":6.0},{"damage":32.0,"enemies":"Lagavulin","floor":8.0,"turns":6.0},{"damage":0.0,"enemies":"Cultist","floor":10.0,"turns":2.0},{"damage":14.0,"enemies":"Gremlin Nob","floor":12.0,"turns":4.0},{"damage":11.0,"enemies":"Lagavulin","floor":13.0,"turns":5.0},{"damage":10.0,"enemies":"3 Sentries","floor":14.0,"turns":4.0},{"damage":46.0,"enemies":"Slime Boss","floor":16.0,"turns":11.0},{"damage":22.0,"enemies":"Spheric Guardian","floor":18.0,"turns":4.0},{"damage":21.0,"enemies":"Book of Stabbing","floor":22.0,"turns":4.0},{"damage":24.0,"enemies":"Slavers","floor":23.0,"turns":4.0},{"damage":4.0,"enemies":"Book of Stabbing","floor":24.0,"turns":4.0},{"damage":2.0,"enemies":"Gremlin Leader","floor":25.0,"turns":5.0},{"damage":32.0,"enemies":"Book of Stabbing","floor":27.0,"turns":4.0},{"damage":2.0,"enemies":"3 Byrds","floor":29.0,"turns":2.0},{"damage":36.0,"enemies":"Slavers","floor":30.0,"turns":4.0},{"damage":30.0,"enemies":"Gremlin Leader","floor":31.0,"turns":4.0},{"damage":16.0,"enemies":"hubris:MusketHawk","floor":33.0,"turns":7.0},{"damage":0,"enemies":"Orb Walker","floor":35,"turns":2},{"damage":17,"enemies":"Reptomancer","floor":40,"turns":5},{"damage":46,"enemies":"Giant Head","floor":41,"turns":7},{"damage":24,"enemies":"Reptomancer","floor":44,"turns":4},{"damage":19,"enemies":"Giant Head","floor":45,"turns":7},{"damage":6,"enemies":"3 Darklings","floor":46,"turns":2},{"damage":15,"enemies":"Reptomancer","floor":48,"turns":3},{"damage":98,"enemies":"Awakened One","floor":50,"turns":10}],"seed_played":"2578664884674258957","potions_obtained":[{"floor":7.0,"key":"Explosive Potion"},{"floor":8.0,"key":"SpeedPotion"},{"floor":14.0,"key":"Explosive Potion"},{"floor":16.0,"key":"Energy Potion"},{"floor":18.0,"key":"ElixirPotion"},{"floor":27.0,"key":"Regen Potion"},{"floor":30.0,"key":"BloodPotion"}],"is_trial":true,"path_per_floor":["M","?","$","?","M","E","E","E","T","M","T","E","E","E","R","B",null,"M","?","?","$","E","E","E","E","T","E","T","M","E","E","R","B",null,"M","$","?","T","$","E","E","R","T","E","E","M","T","E","R","B",null],"character_chosen":"IRONCLAD","items_purchased":["Cleave","Swift Strike","Sundial","Chemical X","Poisoned Stab","Anger","War Paint","Vajra","Bag of Marbles"],"campfire_rested":3,"item_purchase_floors":[3,3,3,3,21,21,21,36,39],"current_hp_per_floor":[79,79,79,79,80,74,60,34,34,40,40,32,27,23,49,21,87,71,71,71,71,56,50,52,56,56,45,45,61,46,34,76,66,93,93,93,83,83,93,91,69,69,69,69,62,68,68,65,96,50],"gold":5062,"neow_bonus":"","is_daily":false,"chose_seed":false,"campfire_upgraded":1,"win_rate":0.0,"timestamp":1608615076,"path_taken":["M","?","$","?","M","E","?","E","T","M","?","E","E","?","R","BOSS","M","?","?","$","?","E","E","E","T","E","?","?","E","E","R","BOSS","M","$","?","?","?","E","E","R","T","?","E","?","?","E","R","BOSS"],"items_purchased_type":["Card","Card","Relic","Relic","Card","Card","Relic","Relic","Relic"],"build_version":"2020-12-13","purchased_purges":6,"victory":true,"max_hp_per_floor":[80,80,80,80,80,87,87,87,87,87,87,87,87,87,87,87,87,87,87,87,87,87,87,87,87,87,90,90,90,93,93,93,93,93,93,93,93,93,93,96,96,96,96,96,96,96,96,96,96,96],"relic_stats":{"Regal Pillow":18,"counters":[28,129],"CeramicFish":27,"Black Blood":199,"Pen Nib":[10],"War Paint":["Deadly Poison","Defend_R"],"Question Card":16,"Mercury Hourglass":[144],"Peace Pipe":0,"Dream Catcher":3,"Busted Crown":44,"Sundial":[14],"MealTicket":10,"Tiny Chest":2,"Turnip":[7],"Chemical X":[4],"obtain_stats":[{"Lantern":24,"Regal Pillow":25,"CeramicFish":44,"Black Blood":34,"Vajra":36,"Burning Blood":0,"Dream Catcher":8,"HornCleat":11,"Sundial":3,"Strawberry":6,"MealTicket":22,"Tiny Chest":27,"Chemical X":3,"Toxic Egg 2":13,"InkBottle":43,"hubris:GlazedTorus":23,"hubris:Teleporter":26,"Oddly Smooth Stone":47,"Thread and Needle":31,"Pen Nib":38,"Omamori":9,"War Paint":21,"Question Card":28,"Akabeko":45,"Mercury Hourglass":41,"Peace Pipe":12,"Anchor":48,"Busted Crown":17,"Turnip":0,"Bag of Marbles":39,"Bottled Lightning":7,"TungstenRod":40,"Meat on the Bone":14,"hubris:BottledRain":30},{"Lantern":14,"Regal Pillow":15,"CeramicFish":24,"Black Blood":20,"Vajra":21,"Burning Blood":0,"Dream Catcher":5,"HornCleat":6,"Sundial":1,"Strawberry":3,"MealTicket":12,"Tiny Chest":16,"Chemical X":1,"Toxic Egg 2":8,"InkBottle":23,"hubris:GlazedTorus":13,"hubris:Teleporter":15,"Oddly Smooth Stone":26,"Thread and Needle":19,"Pen Nib":21,"Omamori":5,"War Paint":11,"Question Card":16,"Akabeko":25,"Mercury Hourglass":23,"Peace Pipe":7,"Anchor":27,"Busted Crown":10,"Turnip":0,"Bag of Marbles":21,"Bottled Lightning":4,"TungstenRod":22,"Meat on the Bone":9,"hubris:BottledRain":18},{"Lantern":63,"Regal Pillow":68,"CeramicFish":107,"Black Blood":89,"Vajra":91,"Burning Blood":0,"Dream Catcher":21,"HornCleat":23,"Sundial":3,"Strawberry":9,"MealTicket":55,"Tiny Chest":72,"Chemical X":3,"Toxic Egg 2":32,"InkBottle":103,"hubris:GlazedTorus":59,"hubris:Teleporter":68,"Oddly Smooth Stone":116,"Thread and Needle":82,"Pen Nib":91,"Omamori":21,"War Paint":51,"Question Card":72,"Akabeko":114,"Mercury Hourglass":103,"Peace Pipe":27,"Anchor":119,"Busted Crown":47,"Turnip":0,"Bag of Marbles":91,"Bottled Lightning":15,"TungstenRod":96,"Meat on the Bone":36,"hubris:BottledRain":78}],"TungstenRod":20,"InkBottle":[11],"Meat on the Bone":108},"card_choices":[{"not_picked":["Deflect","Blade Dance"],"picked":"Slice","floor":1.0},{"not_picked":["Cloak And Dagger","Deadly Poison"],"picked":"Rage","floor":5.0},{"not_picked":["hubris:SlightOfHand","Metallicize"],"picked":"Heavy Blade","floor":6.0},{"not_picked":["Burning Pact","Second Wind","Infinite Blades"],"picked":"SKIP","floor":7.0},{"not_picked":["Skewer","Backflip"],"picked":"Deadly Poison","floor":8.0},{"not_picked":["Iron Wave","Disarm"],"picked":"Anger","floor":10.0},{"not_picked":["Accuracy","Sucker Punch","Clash"],"picked":"SKIP","floor":12.0},{"not_picked":["Corruption","Burning Pact+1"],"picked":"Blood for Blood","floor":13.0},{"not_picked":["Headbutt","Blade Dance+1"],"picked":"Riddle With Holes","floor":14.0},{"not_picked":["Feel No Pain","Underhanded Strike"],"picked":"Terror+1","floor":15.0},{"not_picked":["Feed","Wraith Form v2"],"picked":"Adrenaline+1","floor":16.0},{"not_picked":[],"picked":"Combust+1","floor":18.0},{"not_picked":[],"picked":"Immolate","floor":22.0},{"not_picked":[],"picked":"hubris:StunningStrike","floor":23.0},{"not_picked":[],"picked":"Feed","floor":24.0},{"not_picked":["Rupture"],"picked":"SKIP","floor":25.0},{"not_picked":[],"picked":"Anger","floor":27.0},{"not_picked":["True Grit+1","Body Slam"],"picked":"SKIP","floor":29.0},{"not_picked":["Finisher+1","Wild Strike"],"picked":"SKIP","floor":30.0},{"not_picked":["Disarm+1"],"picked":"Dual Wield+1","floor":31.0},{"not_picked":["Havoc+1"],"picked":"Deflect+1","floor":32.0},{"not_picked":["Envenom"],"picked":"Double Tap+1","floor":33.0},{"not_picked":["Blade Dance+1","Combust"],"picked":"SKIP","floor":35},{"not_picked":["Master of Strategy+1"],"picked":"Secret Weapon+1","floor":37},{"not_picked":["hubris:SlightOfHand+1","Flechettes+1"],"picked":"SKIP","floor":40},{"not_picked":["Backflip+1"],"picked":"Rage+1","floor":41},{"not_picked":["Shockwave+1"],"picked":"Riddle With Holes+1","floor":44},{"not_picked":["Infinite Blades+1","All Out Attack"],"picked":"SKIP","floor":45},{"not_picked":["Body Slam+1","Battle Trance+1"],"picked":"SKIP","floor":46},{"not_picked":["Shrug It Off+1"],"picked":"Exhume+1","floor":48},{"not_picked":["Endless Agony"],"picked":"Whirlwind","floor":49}],"player_experience":179997,"relics_obtained":[{"floor":6.0,"key":"Strawberry"},{"floor":7.0,"key":"Bottled Lightning"},{"floor":8.0,"key":"Dream Catcher"},{"floor":9.0,"key":"Omamori"},{"floor":11.0,"key":"HornCleat"},{"floor":12.0,"key":"Peace Pipe"},{"floor":13.0,"key":"Toxic Egg 2"},{"floor":14.0,"key":"Meat on the Bone"},{"floor":22.0,"key":"MealTicket"},{"floor":23.0,"key":"hubris:GlazedTorus"},{"floor":24.0,"key":"Lantern"},{"floor":25.0,"key":"Regal Pillow"},{"floor":26.0,"key":"hubris:Teleporter"},{"floor":27.0,"key":"Tiny Chest"},{"floor":28.0,"key":"Question Card"},{"floor":30.0,"key":"hubris:BottledRain"},{"floor":31.0,"key":"Thread and Needle"},{"floor":38,"key":"Pen Nib"},{"floor":40,"key":"TungstenRod"},{"floor":41,"key":"Mercury Hourglass"},{"floor":43,"key":"InkBottle"},{"floor":44,"key":"CeramicFish"},{"floor":45,"key":"Akabeko"},{"floor":47,"key":"Oddly Smooth Stone"},{"floor":48,"key":"Anchor"}],"event_choices":[{"cards_removed":["Strike_R"],"damage_healed":0.0,"max_hp_gain":0.0,"max_hp_loss":0.0,"gold_gain":0.0,"event_name":"The Cleric","player_choice":"Card Removal","floor":2.0,"gold_loss":50.0,"damage_taken":0.0},{"cards_removed":["Defend_R"],"damage_healed":0.0,"max_hp_gain":0.0,"max_hp_loss":0.0,"gold_gain":0.0,"event_name":"NoteForYourself","player_choice":"Took Card","floor":4.0,"gold_loss":0.0,"damage_taken":0.0,"cards_obtained":["Iron Wave"]},{"damage_healed":0.0,"max_hp_gain":0.0,"max_hp_loss":0.0,"gold_gain":0.0,"event_name":"Vampires","player_choice":"Ignored","floor":19.0,"gold_loss":0.0,"damage_taken":0.0},{"damage_healed":0.0,"max_hp_gain":0.0,"max_hp_loss":0.0,"gold_gain":100.0,"event_name":"Golden Shrine","player_choice":"Pray","floor":20.0,"gold_loss":0.0,"damage_taken":0.0},{"damage_healed":0,"gold_gain":0,"player_choice":"Memory 3","damage_taken":10,"max_hp_gain":0,"max_hp_loss":0,"event_name":"SensoryStone","floor":37,"gold_loss":0}],"is_beta":false,"boss_relics":[{"not_picked":["Empty Cage","Pandora\u0027s Box"],"picked":"Busted Crown"},{"not_picked":["hubris:HollowSoul","Tiny House"],"picked":"Black Blood"}],"items_purged_floors":[3,3,3,21,21,36],"is_endless":false,"potions_floor_spawned":[7,8,14,16,18,27,30,33,35,44,46,48],"ascension_level":3}}