{"host":"kw4o7b3ro2ktmmbe","time":1608635561,"event":{"mods":["BaseMod","Minty Spire (QoL Compilation)","Robot Space Explorer","StSLib","Swap Starting Deck Mod","Treasure Hunter"],"gold_per_floor":[110,110,134,309,78,78,78,78,78,78,116,191,46,46,46,170,170,154,253,253,353,353,353,386,386,386,387,387],"floor_reached":27,"playtime":1486,"items_purged":["Doubt"],"score":265,"play_id":"e153ea40-f41d-4b61-adb1-3adff0d69cb2","local_time":"20201223001241","is_ascension_mode":true,"campfire_choices":[{"data":"RobotSpaceExplorer:Pulsar","floor":6.0,"key":"SMITH"},{"data":"RobotSpaceExplorer:SelfCleaning","floor":8.0,"key":"SMITH"},{"data":"RobotSpaceExplorer:Multitool","floor":15.0,"key":"SMITH"},{"data":"RobotSpaceExplorer:Autoloader","floor":23,"key":"SMITH"},{"data":"RobotSpaceExplorer:StarDust","floor":25,"key":"SMITH"}],"circlet_count":0,"master_deck":["RobotSpaceExplorer:Strike","RobotSpaceExplorer:Strike+1","RobotSpaceExplorer:Strike","RobotSpaceExplorer:Strike","RobotSpaceExplorer:Defend+1","RobotSpaceExplorer:Defend","RobotSpaceExplorer:Defend","RobotSpaceExplorer:Defend","RobotSpaceExplorer:Scan","RobotSpaceExplorer:MiniLasers+1","RobotSpaceExplorer:SelfCleaning+1","RobotSpaceExplorer:Pulsar+1","TH:ArmorSpikes","RobotSpaceExplorer:Asteroid","Bandage Up+1","TH:BikiniMail","RobotSpaceExplorer:Multitool+1","TH:ElvenBoots","RobotSpaceExplorer:Autoloader+1","TH:CopperCoins","RobotSpaceExplorer:StarDust+1","Injury","TH:BikiniMail"],"relics":["Cursed Key","Bloody Idol","RobotSpaceExplorer:SlideRule","Bottled Lightning","Juzu Bracelet","War Paint","Lee\u0027s Waffle","SlaversCollar","Nilry\u0027s Codex","Art of War","HornCleat"],"acts_visited":["Exordium","TheCity"],"potions_floor_usage":[24,24],"damage_taken":[{"damage":0.0,"enemies":"Cultist","floor":1.0,"turns":4.0},{"damage":0.0,"enemies":"2 Louse","floor":3.0,"turns":4.0},{"damage":12.0,"enemies":"3 Sentries","floor":11.0,"turns":8.0},{"damage":38,"enemies":"The Guardian","floor":16,"turns":13},{"damage":22,"enemies":"2 Thieves","floor":18,"turns":4},{"damage":35,"enemies":"Slavers","floor":24,"turns":5},{"damage":46,"enemies":"Spheric Guardian","floor":27,"turns":5}],"seed_played":"-9044439016585764764","potions_obtained":[{"floor":11.0,"key":"Explosive Potion"},{"floor":18,"key":"Fire Potion"}],"is_trial":false,"path_per_floor":["M","?","M","?","$","R","?","R","T","?","E","?","$","?","R","B",null,"M","?","?","?","?","R","E","R","T","M"],"character_chosen":"RobotSpaceExplorer","items_purchased":["RobotSpaceExplorer:SlideRule","Lee\u0027s Waffle"],"campfire_rested":0,"item_purchase_floors":[5,13],"current_hp_per_floor":[75,57,57,57,57,57,42,42,42,42,34,23,82,75,75,43,82,66,66,66,71,55,55,31,31,31,0,0],"gold":387,"neow_bonus":"BOSS_RELIC","is_daily":false,"chose_seed":false,"campfire_upgraded":5,"win_rate":0.0,"timestamp":1608635561,"path_taken":["M","?","M","?","$","R","?","R","T","?","E","?","$","?","R","BOSS","M","?","?","?","?","R","E","R","T","M"],"items_purchased_type":["Relic","Relic"],"build_version":"2020-12-13","purchased_purges":1,"victory":false,"max_hp_per_floor":[75,75,75,75,75,75,75,75,75,75,75,75,82,82,82,82,82,82,82,82,82,82,82,82,82,82,82,82],"card_choices":[{"not_picked":["RobotSpaceExplorer:SwiftStep","RobotSpaceExplorer:LuckyStrike"],"picked":"RobotSpaceExplorer:SelfCleaning","floor":1.0},{"not_picked":["RobotSpaceExplorer:Electroshield","RobotSpaceExplorer:MiniDrones"],"picked":"RobotSpaceExplorer:Pulsar","floor":3.0},{"not_picked":["TH:PixieDust"],"picked":"TH:ArmorSpikes","floor":9.0},{"not_picked":["TH:Mimic"],"picked":"TH:BikiniMail","floor":11.0},{"not_picked":["RobotSpaceExplorer:ShockKick","RobotSpaceExplorer:FranticSearch"],"picked":"RobotSpaceExplorer:Multitool","floor":11.0},{"not_picked":["TH:TreasureMap"],"picked":"TH:ElvenBoots","floor":16},{"not_picked":["RobotSpaceExplorer:Explosion","RobotSpaceExplorer:Blaster"],"picked":"RobotSpaceExplorer:Autoloader","floor":16},{"not_picked":["RobotSpaceExplorer:MetalStrike","RobotSpaceExplorer:GlueShot","RobotSpaceExplorer:Counterblock"],"picked":"SKIP","floor":18},{"not_picked":["TH:TreasureMap"],"picked":"TH:CopperCoins","floor":24},{"not_picked":["RobotSpaceExplorer:LaserBurst","RobotSpaceExplorer:SlimeMissile+1"],"picked":"RobotSpaceExplorer:StarDust","floor":24},{"not_picked":["TH:CursedSword"],"picked":"TH:BikiniMail","floor":26}],"player_experience":1780250,"relics_obtained":[{"floor":9.0,"key":"Bottled Lightning"},{"floor":11.0,"key":"Juzu Bracelet"},{"floor":11.0,"key":"War Paint"},{"floor":22,"key":"Nilry\u0027s Codex"},{"floor":24,"key":"Art of War"},{"floor":26,"key":"HornCleat"}],"event_choices":[{"damage_healed":0.0,"max_hp_gain":0.0,"max_hp_loss":0.0,"gold_gain":0.0,"event_name":"Golden Idol","player_choice":"Take Damage","floor":2.0,"gold_loss":0.0,"damage_taken":18.0,"relics_obtained":["Golden Idol"]},{"damage_healed":0.0,"max_hp_gain":0.0,"max_hp_loss":0.0,"gold_gain":175.0,"event_name":"Liars Game","player_choice":"AGREE","floor":4.0,"gold_loss":0.0,"damage_taken":0.0,"cards_obtained":["Doubt"]},{"damage_healed":0.0,"max_hp_gain":0.0,"max_hp_loss":0.0,"gold_gain":0.0,"event_name":"Shining Light","player_choice":"Entered Light","floor":7.0,"gold_loss":0.0,"damage_taken":15.0,"cards_upgraded":["RobotSpaceExplorer:MiniLasers","RobotSpaceExplorer:Strike"]},{"damage_healed":0.0,"max_hp_gain":0.0,"max_hp_loss":0.0,"gold_gain":0.0,"event_name":"Match and Keep!","player_choice":"3 cards matched","floor":10.0,"gold_loss":0.0,"damage_taken":0.0,"cards_obtained":["RobotSpaceExplorer:LuckyFind","RobotSpaceExplorer:Asteroid","Bandage Up"]},{"damage_healed":0.0,"max_hp_gain":0.0,"max_hp_loss":0.0,"gold_gain":75.0,"event_name":"World of Goop","player_choice":"Gather Gold","floor":12.0,"gold_loss":0.0,"damage_taken":11.0},{"cards_removed":["Normality"],"damage_healed":0.0,"max_hp_gain":0.0,"max_hp_loss":0.0,"gold_gain":0.0,"event_name":"Golden Wing","player_choice":"Card Removal","floor":14.0,"gold_loss":0.0,"damage_taken":7.0},{"damage_healed":0,"gold_gain":99,"player_choice":"Stole From Cult","damage_taken":0,"max_hp_gain":0,"max_hp_loss":0,"event_name":"Nest","floor":19,"gold_loss":0},{"damage_healed":0,"gold_gain":0,"player_choice":"Gave Idol","damage_taken":0,"relics_obtained":["Bloody Idol"],"max_hp_gain":0,"max_hp_loss":0,"event_name":"Forgotten Altar","floor":20,"relics_lost":["Golden Idol"],"gold_loss":0},{"damage_healed":0,"gold_gain":100,"player_choice":"Pray","damage_taken":0,"max_hp_gain":0,"max_hp_loss":0,"event_name":"Golden Shrine","floor":21,"gold_loss":0},{"damage_healed":0,"gold_gain":0,"player_choice":"Obtained Book","damage_taken":16,"max_hp_gain":0,"max_hp_loss":0,"event_name":"Cursed Tome","floor":22,"gold_loss":0}],"is_beta":false,"boss_relics":[{"not_picked":["Empty Cage","RobotSpaceExplorer:SearchSpecs"],"picked":"SlaversCollar"}],"items_purged_floors":[5],"is_endless":false,"potions_floor_spawned":[11,18],"killed_by":"Spheric Guardian","ascension_level":4}}