{"host":"zksvs3x2ysy9npnz","time":1608642988,"event":{"mods":["Aspiration","BaseMod","Beaked The Cultist","BetterRewards","CatGirl Mod","Clockwork Mod","Conspire","Energized Spire","Fiend Mod","Friendly Minions","Halation","Hermit","Highlight Path","Hubris","Jedi Mod","Minty Spire (QoL Compilation)","Permanent Neow","Quick Restart","Relic Stats","Replay The Spire","Shop Mod","StSLib","SuperFastMode","The Blackbeard","The Bladedancer","The Construct"],"gold_per_floor":[115,115,126,126,145,178,178,211,282,282,311,357,392,392,392,509,509,544,542,542,542,575,575,579,579],"floor_reached":24,"playtime":2032,"items_purged":[],"score":281,"play_id":"eb74b8bd-4e4f-4eda-bb26-fbc0e51a22b6","local_time":"20201222141628","is_ascension_mode":true,"campfire_choices":[{"data":"Predator","floor":7.0,"key":"SMITH"},{"data":"theCatGirl:SearchBackpack","floor":10.0,"key":"SMITH"},{"floor":23,"key":"REST"}],"circlet_count":0,"master_deck":["theCatGirl:Strike+1","theCatGirl:Defend","theCatGirl:Defend","theCatGirl:Defend","theCatGirl:Defend","theCatGirl:ClawStrike","theCatGirl:Evasion","theCatGirl:Parry","Predator+1","Bane","Slice","theCatGirl:FocusedStrike","theCatGirl:QuickStrike+1","theCatGirl:SearchBackpack+1","theCatGirl:KeepAlert","theCatGirl:AngryForm","theCatGirl:Parry","theCatGirl:Misfire+1","theCatGirl:ComboAttack+1"],"relics":["theCatGirl:TrainedRelic","conspire:TopHat","Replay:Bandana","ReplayFunnel","conspire:SlowCooker","hubris:Towel","Omamori"],"acts_visited":["Exordium","TheCity"],"potions_floor_usage":[16,19,22,22],"damage_taken":[{"damage":3.0,"enemies":"Jaw Worm","floor":1.0,"turns":4.0},{"damage":0.0,"enemies":"Cultist","floor":3.0,"turns":4.0},{"damage":0.0,"enemies":"2 Louse","floor":5.0,"turns":2.0},{"damage":7.0,"enemies":"3 Sentries","floor":6.0,"turns":9.0},{"damage":1.0,"enemies":"Gremlin Nob","floor":8.0,"turns":3.0},{"damage":2.0,"enemies":"Exordium Thugs","floor":11.0,"turns":2.0},{"damage":5.0,"enemies":"3 Sentries","floor":12.0,"turns":7.0},{"damage":6.0,"enemies":"Exordium Wildlife","floor":13.0,"turns":5.0},{"damage":56,"enemies":"Hexaghost","floor":16,"turns":11},{"damage":16,"enemies":"Spheric Guardian","floor":18,"turns":4},{"damage":9,"enemies":"2 Thieves","floor":19,"turns":4},{"damage":13,"enemies":"Snake Plant","floor":22,"turns":5},{"damage":0,"enemies":"conspire:Head Lice","floor":24,"turns":1}],"seed_played":"3154490068852808468","potions_obtained":[{"floor":1.0,"key":"SteroidPotion"},{"floor":6.0,"key":"Block Potion"},{"floor":11.0,"key":"Ancient Potion"},{"floor":13.0,"key":"LiquidMemories"},{"floor":18,"key":"Weak Potion"},{"floor":19,"key":"Flashbang"}],"is_trial":false,"path_per_floor":["M","?","M","?","M","E","R","E","T","R","M","E","M","?","R","B",null,"M","M","?","T","M","R","E"],"character_chosen":"THE_CATGIRL","items_purchased":[],"campfire_rested":1,"item_purchase_floors":[],"current_hp_per_floor":[60,60,60,70,70,63,63,62,62,62,60,55,49,54,75,19,61,45,36,36,36,23,45,45,45],"gold":579,"neow_bonus":"RANDOM_EVENT","is_daily":false,"chose_seed":false,"campfire_upgraded":2,"win_rate":0.0,"timestamp":1608642988,"path_taken":["M","?","M","?","M","E","R","E","T","R","?","E","M","?","R","BOSS","M","M","?","?","M","R","E"],"items_purchased_type":[],"build_version":"2020-12-13","purchased_purges":0,"victory":false,"max_hp_per_floor":[70,70,70,70,70,70,70,70,70,70,70,70,70,75,75,75,75,75,75,75,75,75,75,75,75],"relic_stats":{"counters":[13,61],"obtain_stats":[{"ReplayFunnel":12,"Replay:Bandana":8,"theCatGirl:TrainedRelic":0,"conspire:SlowCooker":17,"Omamori":21,"hubris:Towel":20,"conspire:TopHat":6},{"ReplayFunnel":7,"Replay:Bandana":5,"theCatGirl:TrainedRelic":0,"conspire:SlowCooker":9,"Omamori":11,"hubris:Towel":11,"conspire:TopHat":4},{"ReplayFunnel":31,"Replay:Bandana":22,"theCatGirl:TrainedRelic":0,"conspire:SlowCooker":47,"Omamori":55,"hubris:Towel":55,"conspire:TopHat":19}]},"card_choices":[{"not_picked":["theCatGirl:AccidentalSlap","theCatGirl:DefensiveStance"],"picked":"theCatGirl:Parry","floor":1.0},{"not_picked":["theCatGirl:ThatWasntIt","theCatGirl:KeepAlert"],"picked":"theCatGirl:FocusedStrike","floor":3.0},{"not_picked":["theCatGirl:Growl","theCatGirl:DefensiveStance"],"picked":"theCatGirl:QuickStrike","floor":5.0},{"not_picked":["theCatGirl:FinishingMove","theCatGirl:FocusedStrike"],"picked":"theCatGirl:SearchBackpack","floor":6.0},{"not_picked":["theCatGirl:FocusedStrike","theCatGirl:DefensiveStance","theCatGirl:SearchBackpack"],"picked":"SKIP","floor":8.0},{"not_picked":["theCatGirl:FinishingMove","theCatGirl:SearchBackpack"],"picked":"theCatGirl:KeepAlert","floor":11.0},{"not_picked":["theCatGirl:LostTrinket","theCatGirl:TwoStep","theCatGirl:Stalk"],"picked":"SKIP","floor":12.0},{"not_picked":["theCatGirl:AccidentalHeadbutt","theCatGirl:PoisedStrike","theCatGirl:LearnByMistake"],"picked":"SKIP","floor":13.0},{"not_picked":["theCatGirl:NeverGivingUp","theCatGirl:HungerClaw"],"picked":"theCatGirl:AngryForm","floor":16},{"not_picked":["theCatGirl:RunningWithDaggers","theCatGirl:Claws"],"picked":"theCatGirl:Parry","floor":18},{"not_picked":["theCatGirl:EmergencyParry","theCatGirl:Prepared"],"picked":"theCatGirl:Misfire+1","floor":19},{"not_picked":["theCatGirl:ChangeOfPlans","theCatGirl:SpinningStrike"],"picked":"theCatGirl:ComboAttack+1","floor":22}],"player_experience":1529486,"relics_obtained":[{"floor":6.0,"key":"conspire:TopHat"},{"floor":8.0,"key":"Replay:Bandana"},{"floor":12.0,"key":"ReplayFunnel"},{"floor":21,"key":"Omamori"}],"event_choices":[{"damage_healed":10.0,"max_hp_gain":0.0,"max_hp_loss":0.0,"gold_gain":0.0,"event_name":"Wheel of Change","player_choice":"Full Heal","floor":4.0,"gold_loss":0.0,"damage_taken":0.0},{"damage_healed":0.0,"max_hp_gain":5.0,"max_hp_loss":0.0,"gold_gain":0.0,"event_name":"Big Fish","player_choice":"Donut","floor":14.0,"gold_loss":0.0,"damage_taken":0.0}],"is_beta":false,"boss_relics":[{"not_picked":["jedi:battlestandard","energizedSpire:CursedPentagram"],"picked":"conspire:SlowCooker"}],"items_purged_floors":[],"is_endless":false,"potions_floor_spawned":[1,6,11,13,18,19],"killed_by":"conspire:Head Lice","ascension_level":6}}