{"host":"lck2g1j0kcwr02ez","time":1608629502,"event":{"mods":["Act Like it!","BaseMod","CapriCore","Hallownest","KinomotoSakuraMod(Ä¾Ö®±¾Ó£)","Mari Mod (Legacy)","Mari\u0027s V1 Patch","Marked Mod","Minty Spire (QoL Compilation)","Railgun Mod","Rare Cards Sparkle","StSLib","The Bug Knight","The Hierophant"],"gold_per_floor":[117,133,8121,8121,8121,8121,8136,8153,8153,8182,7375,7408,7338,7338,7338,7434,7434,7453,6315,6335,5225,5135,5135,5163,5163,5214,5214,5169,5182,5182,5209,5209,5309,5309,5319,4397,4416,4116,4142,4142,4155,4189,4189,4189,4104,3954,4035,4047,4047,4150,4150,4150,3482,3515,3515],"floor_reached":56,"playtime":11929,"items_purged":["HollowMod:NailStrikeStart","HollowMod:NailStrikeStart","HollowMod:QuickDashStart","HollowMod:QuickDashStart","HollowMod:NailStrikeStart","HollowMod:QuickDashStart"],"score":1552,"play_id":"6c3abae2-9fc9-4096-b053-0398edc30189","local_time":"20201222173142","is_ascension_mode":true,"campfire_choices":[{"data":"HollowMod:HornetsHelp","floor":6.0,"key":"SMITH"},{"data":"HollowMod:GrimmsGift","floor":15.0,"key":"SMITH"},{"floor":23.0,"key":"RECALL"},{"data":"HollowMod:MawleksShell","floor":25.0,"key":"SMITH"},{"data":"HollowMod:CoiledNail","floor":27.0,"key":"SMITH"},{"data":"HollowMod:SoulSplash","floor":30.0,"key":"SMITH"},{"data":"Panacea","floor":32.0,"key":"SMITH"},{"data":"HollowMod:NewLastStag","floor":40.0,"key":"SMITH"},{"data":"HollowMod:NewGlowingWomb","floor":44.0,"key":"SMITH"},{"data":"Hallownest:skillKingdomsEdgeMap","floor":49.0,"key":"SMITH"},{"data":"HollowMod:CloakDash","floor":52.0,"key":"SMITH"}],"circlet_count":0,"master_deck":["HollowMod:NailStrikeStart","HollowMod:QuickDashStart","HollowMod:FocusHealStart","HollowMod:PogoStrike","HollowMod:HeavyBlow","HollowMod:SoulSplash+1","Panacea+1","HollowMod:HornetsHelp+1","HollowMod:GrimmsGift+1","HollowMod:NewGlowingWomb+1","HollowMod:InfectedAttack","HollowMod:CloakDash+1","HollowMod:BrokenVessel+1","HollowMod:SlysStrikes+1","HollowMod:DashSlash+1","HollowMod:CoiledNail+1","Flash of Steel","Master of Strategy","HollowMod:MawleksShell+1","Mayhem+1","HollowMod:NewGlowingWomb+1","Shame","HollowMod:MothsMistake+1","HollowMod:InfectionAssault+1","HollowMod:MothsMistake+1","HollowMod:MantisMark+1","PanicButton+1","HollowMod:DashSlash","HollowMod:NewLastStag+1","Parasite","HollowMod:TaintedHusks+1","Hallownest:skillKingdomsEdgeMap+1","HollowMod:SoulMaster+1","HollowMod:SoulEater+1","HollowMod:CloakDash+1"],"relics":["HollowMod:VesselMask","Bag of Preparation","Happy Flower","Lee\u0027s Waffle","HollowMod:IsmasTear","Tiny Chest","Hallownest:DreamNailRelic","Blue Candle","Boot","Frozen Egg 2","Meat on the Bone","HandDrill","Potion Belt","Cursed Key","OrangePellets","HollowMod:StagPassRelic","Darkstone Periapt","HollowMod:MantisClawRelic","Vajra","TheAbacus","Hallownest:StagBellStandRelic","HollowMod:DelicateFlower","Akabeko","Anchor","Coffee Dripper","HollowMod:JonisBlessing","Gremlin Horn","Centennial Puzzle","Omamori","HollowMod:PaleOreRelic","Mummified Hand","White Beast Statue","Mercury Hourglass","Lantern","Oddly Smooth Stone","HollowMod:KingsBrand"],"acts_visited":["Exordium","Hallownest:Greenpath","Hallownest:CityofTears","TheEnding"],"potions_floor_usage":[55,55,55,55,55,55,55,55,55,55],"damage_taken":[{"damage":1.0,"enemies":"Hallownest:monsterHuskWarrior","floor":1.0,"turns":3.0},{"damage":0.0,"enemies":"Hallownest:2_Tiktiks_and_1_Crawlid","floor":2.0,"turns":3.0},{"damage":0.0,"enemies":"2_ Uuma","floor":7.0,"turns":3.0},{"damage":17.0,"enemies":"Hallownest:Guard_and_Warrior","floor":8.0,"turns":4.0},{"damage":12.0,"enemies":"Hallownest:eliteCrystalGuardian","floor":10.0,"turns":5.0},{"damage":13.0,"enemies":"Hallownest:eliteMossKnight","floor":12.0,"turns":9.0},{"damage":0.0,"enemies":"Hallownest:BossFalseKnight","floor":16.0,"turns":1.0},{"damage":9.0,"enemies":"Hallownest:Guard_and_Sentry","floor":18.0,"turns":3.0},{"damage":1.0,"enemies":"Hallownest:3_Youths","floor":20.0,"turns":5.0},{"damage":5.0,"enemies":"Hallownest:eliteSoulWarrior","floor":24.0,"turns":5.0},{"damage":16.0,"enemies":"Hallownest:2_Husk_Sentries","floor":29.0,"turns":3.0},{"damage":12.0,"enemies":"Hallownest:Nosk","floor":31.0,"turns":5.0},{"damage":16.0,"enemies":"Hallownest:BossMantisLord","floor":33.0,"turns":6.0},{"damage":12.0,"enemies":"Hallownest:2_Littles","floor":35.0,"turns":5.0},{"damage":0.0,"enemies":"Hallownest:3_Siblings","floor":37.0,"turns":4.0},{"damage":21.0,"enemies":"Hallownest:2_Wandering_and_1_Horned","floor":41.0,"turns":3.0},{"damage":0.0,"enemies":"Hallownest:eliteCollector","floor":42.0,"turns":6.0},{"damage":0.0,"enemies":"Hallownest:Slobbering_and_Violent","floor":48.0,"turns":4.0},{"damage":4.0,"enemies":"Hallownest:Radiance","floor":50.0,"turns":6.0},{"damage":6.0,"enemies":"Shield and Spear","floor":54.0,"turns":4.0},{"damage":0,"enemies":"The Heart","floor":55,"turns":5}],"seed_played":"-5669999997745792873","potions_obtained":[{"floor":7.0,"key":"LiquidMemories"},{"floor":10.0,"key":"LiquidMemories"},{"floor":12.0,"key":"GamblersBrew"},{"floor":18.0,"key":"Weak Potion"},{"floor":31.0,"key":"Swift Potion"},{"floor":33.0,"key":"Strength Potion"},{"floor":41.0,"key":"Strength Potion"},{"floor":48.0,"key":"CultistPotion"},{"floor":50.0,"key":"EntropicBrew"}],"is_trial":false,"path_per_floor":["M","M","$","?","?","R","M","M","T","E","$","E","?","T","R","B",null,"M","$","M","$","?","R","E","R","T","R","?","M","R","E","R","B",null,"M","$","M","?","T","R","M","E","T","R","?","?","T","M","R","B",null,"R","$","E","B",null],"character_chosen":"THE_BUGKNIGHT","items_purchased":["Explosive Potion","Bag of Preparation","Happy Flower","Panacea","HollowMod:HornetsHelp","Lee\u0027s Waffle","Frozen Egg 2","HollowMod:InfectedAttack","Meat on the Bone","HandDrill","HollowMod:CloakDash","OrangePellets","HollowMod:StagPassRelic","Darkstone Periapt","HollowMod:CoiledNail","Flash of Steel","Master of Strategy","HollowMod:MantisClawRelic","Vajra","TheAbacus","Mayhem+1","Fruit Juice","Fire Potion","SteroidPotion","HollowMod:NewGlowingWomb+1","HollowMod:JonisBlessing","Gremlin Horn","Centennial Puzzle","HollowMod:MothsMistake+1","HollowMod:MantisMark","PanicButton","Lantern","Oddly Smooth Stone","HollowMod:SoulEater+1","HollowMod:CloakDash","BlessingOfTheForge"],"campfire_rested":0,"item_purchase_floors":[3,3,3,3,3,3,11,11,11,11,11,19,19,19,19,19,19,21,21,21,21,21,21,21,21,36,36,36,36,36,36,53,53,53,53,53],"current_hp_per_floor":[74,74,82,54,54,54,54,37,37,25,25,24,24,24,24,36,82,73,73,72,77,77,77,78,78,84,84,84,68,68,56,56,52,93,81,81,81,81,87,87,66,66,66,66,66,66,66,66,66,62,99,99,99,93,93],"gold":3515,"neow_bonus":"THREE_CARDS","is_daily":false,"chose_seed":false,"campfire_upgraded":10,"win_rate":0.0,"timestamp":1608629502,"path_taken":["M","M","$","?","?","R","?","M","T","E","$","E","?","?","R","BOSS","M","$","M","$","?","R","E","R","T","R","?","M","R","E","R","BOSS","M","$","M","?","?","R","?","E","T","R","?","?","?","M","R","BOSS","R","$","E","BOSS"],"items_purchased_type":["Potion","Relic","Relic","Card","Card","Relic","Relic","Card","Relic","Relic","Card","Relic","Relic","Relic","Card","Card","Card","Relic","Relic","Relic","Card","Potion","Potion","Potion","Card","Relic","Relic","Relic","Card","Card","Card","Relic","Relic","Card","Card","Potion"],"build_version":"2020-12-13","purchased_purges":6,"victory":true,"max_hp_per_floor":[75,75,82,82,82,82,82,82,82,82,82,82,82,82,82,82,82,82,82,82,87,87,87,87,87,93,93,93,93,93,93,93,93,93,93,93,93,93,99,99,99,99,99,99,99,99,99,99,99,99,99,99,99,99,99],"card_choices":[{"not_picked":["HollowMod:DescendingDark","HollowMod:SharpenedShadows"],"picked":"HollowMod:HeavyBlow","floor":0.0},{"not_picked":["HollowMod:CornifersMapStart","HollowMod:DreamGate","HollowMod:HowlingWraiths"],"picked":"SKIP","floor":1.0},{"not_picked":["HollowMod:HeavyBlow","HollowMod:Grubsong"],"picked":"HollowMod:SoulSplash","floor":2.0},{"not_picked":["HollowMod:SharpenedShadows","HollowMod:CycloneSlash","HollowMod:HeavyBlow"],"picked":"SKIP","floor":7.0},{"not_picked":["HollowMod:AbyssShriek","HollowMod:CycloneSlash"],"picked":"HollowMod:GrimmsGift","floor":8.0},{"not_picked":["HollowMod:VoidDash","HollowMod:WraithStrike"],"picked":"HollowMod:NewGlowingWomb","floor":10.0},{"not_picked":["HollowMod:DreamGate","HollowMod:ChannelNail"],"picked":"HollowMod:BrokenVessel+1","floor":12.0},{"not_picked":["HollowMod:PureVessel+1","HollowMod:NewInfectedGuardian"],"picked":"HollowMod:SlysStrikes+1","floor":16.0},{"not_picked":["HollowMod:SiblingsShadow+1","HollowMod:SharpenedNail"],"picked":"HollowMod:DashSlash+1","floor":18.0},{"not_picked":["HollowMod:CornifersMapStart","HollowMod:NewLittleFool"],"picked":"HollowMod:MawleksShell","floor":20.0},{"not_picked":["HollowMod:CycloneSlash","HollowMod:BaldurShell+1","HollowMod:SharpenedNail+1"],"picked":"SKIP","floor":24.0},{"not_picked":["HollowMod:HowlingWraiths","HollowMod:LifebloodCocoon","HollowMod:SoulStrike"],"picked":"SKIP","floor":29.0},{"not_picked":["HollowMod:PureNailStrike","HollowMod:SiblingsSouls"],"picked":"HollowMod:MothsMistake+1","floor":31.0},{"not_picked":["HollowMod:DoubleDash","HollowMod:DungDefenderAura+1"],"picked":"HollowMod:InfectionAssault+1","floor":35.0},{"not_picked":["HollowMod:VengefulSpirit+1","HollowMod:LifebloodCocoon+1"],"picked":"HollowMod:DashSlash","floor":37.0},{"not_picked":["HollowMod:DoubleDash","HollowMod:CycloneSlash+1","HollowMod:HerrahsAnger"],"picked":"SKIP","floor":41.0},{"not_picked":["HollowMod:DesolateDive+1","HollowMod:DescendingDark+1"],"picked":"HollowMod:TaintedHusks+1","floor":42.0},{"not_picked":["HollowMod:SoulShaman+1","HollowMod:SharpenedNail+1","HollowMod:GoodIntentions+1"],"picked":"SKIP","floor":48.0},{"not_picked":["HollowMod:theNailsmith","HollowMod:NewInfectedGuardian"],"picked":"HollowMod:SoulMaster+1","floor":50.0},{"not_picked":["HollowMod:TaintedHusks","HollowMod:HeavyBlow","HollowMod:QuirrelsAssistance+1"],"picked":"SKIP","floor":54.0}],"player_experience":283337,"relics_obtained":[{"floor":9.0,"key":"Blue Candle"},{"floor":10.0,"key":"Boot"},{"floor":12.0,"key":"Potion Belt"},{"floor":24.0,"key":"HollowMod:DelicateFlower"},{"floor":26.0,"key":"Akabeko"},{"floor":31.0,"key":"Anchor"},{"floor":39.0,"key":"Omamori"},{"floor":42.0,"key":"HollowMod:PaleOreRelic"},{"floor":43.0,"key":"Mummified Hand"},{"floor":47.0,"key":"Mercury Hourglass"},{"floor":54.0,"key":"HollowMod:KingsBrand"}],"event_choices":[],"is_beta":false,"boss_relics":[{"not_picked":["Snecko Eye","Sozu"],"picked":"Cursed Key"},{"not_picked":["Runic Dome","Tiny House"],"picked":"Coffee Dripper"}],"items_purged_floors":[3,11,19,21,36,53],"is_endless":false,"potions_floor_spawned":[7,10,12,18,31,33,41,48,50,54],"ascension_level":4}}