{"host":"cvw9qspg8f691jio","time":1608657451,"event":{"mods":["BaseMod","Filter the Spire","Minty Spire (QoL Compilation)","Relic Stats","StSLib"],"gold_per_floor":[113,126,126,144,69,100,100,119,119,14,34,61,61,122,122,122,122],"floor_reached":16,"playtime":642,"items_purged":[],"score":209,"play_id":"a7166db3-2fcf-4c79-9262-a916b085b8ce","local_time":"20201222121731","is_ascension_mode":true,"campfire_choices":[{"floor":7,"key":"REST"},{"data":"Noxious Fumes","floor":15,"key":"SMITH"}],"circlet_count":0,"master_deck":["AscendersBane","Strike_G","Strike_G","Strike_G","Strike_G","Defend_G+1","Defend_G","Defend_G+1","Defend_G","Defend_G","Survivor","Neutralize","Underhanded Strike","Backstab","Terror","Endless Agony","Noxious Fumes+1","All Out Attack","Acrobatics","Deadly Poison","Die Die Die"],"relics":["Ring of the Snake","Lantern","Shuriken","Akabeko","War Paint"],"acts_visited":["Exordium"],"potions_floor_usage":[6],"damage_taken":[{"damage":3,"enemies":"Cultist","floor":1,"turns":5},{"damage":1,"enemies":"Small Slimes","floor":2,"turns":3},{"damage":0,"enemies":"Jaw Worm","floor":4,"turns":4},{"damage":44,"enemies":"3 Sentries","floor":6,"turns":15},{"damage":1,"enemies":"Looter","floor":8,"turns":3},{"damage":4,"enemies":"Blue Slaver","floor":11,"turns":3},{"damage":12,"enemies":"Lagavulin","floor":12,"turns":6},{"damage":5,"enemies":"Gremlin Nob","floor":14,"turns":3},{"damage":18,"enemies":"The Guardian","floor":16,"turns":7}],"seed_played":"1875006238282699498","potions_obtained":[{"floor":1,"key":"Ancient Potion"},{"floor":4,"key":"ColorlessPotion"},{"floor":6,"key":"SteroidPotion"}],"is_trial":false,"path_per_floor":["M","M","?","M","?","E","R","M","T","$","M","E","$","?","R","B"],"character_chosen":"THE_SILENT","items_purchased":["All Out Attack","Acrobatics"],"campfire_rested":1,"item_purchase_floors":[10,10],"current_hp_per_floor":[56,55,60,60,60,16,37,36,36,36,32,20,20,15,15,0,0],"gold":122,"neow_bonus":"RANDOM_COMMON_RELIC","is_daily":false,"chose_seed":false,"campfire_upgraded":1,"win_rate":0.0,"timestamp":1608657451,"path_taken":["M","M","?","M","?","E","R","M","T","?","M","E","$","?","R","BOSS"],"items_purchased_type":["Card","Card"],"build_version":"2020-12-13","purchased_purges":0,"victory":false,"max_hp_per_floor":[66,66,71,71,71,71,71,71,71,71,71,71,71,71,71,71,71],"relic_stats":{"counters":[9,49],"Shuriken":[5],"War Paint":["Defend_G","Defend_G"],"obtain_stats":[{"Lantern":0,"Shuriken":6,"War Paint":14,"Akabeko":12,"Ring of the Snake":0},{"Lantern":0,"Shuriken":4,"War Paint":7,"Akabeko":7,"Ring of the Snake":0},{"Lantern":0,"Shuriken":27,"War Paint":39,"Akabeko":39,"Ring of the Snake":0}],"Ring of the Snake":[20]},"card_choices":[{"not_picked":["Tactician","Caltrops"],"picked":"Underhanded Strike","floor":1},{"not_picked":["Dodge and Roll","PiercingWail"],"picked":"Backstab","floor":2},{"not_picked":["Backflip","Flying Knee"],"picked":"Terror","floor":4},{"not_picked":["Wraith Form v2","Accuracy"],"picked":"Endless Agony","floor":6},{"not_picked":["Bane","Distraction"],"picked":"Noxious Fumes","floor":8},{"not_picked":["Blur","Dodge and Roll"],"picked":"Deadly Poison","floor":11},{"not_picked":["Well Laid Plans","Riddle With Holes"],"picked":"Die Die Die","floor":12}],"player_experience":456624,"relics_obtained":[{"floor":6,"key":"Shuriken"},{"floor":12,"key":"Akabeko"}],"event_choices":[{"damage_healed":0,"gold_gain":0,"player_choice":"Donut","damage_taken":0,"max_hp_gain":5,"max_hp_loss":0,"event_name":"Big Fish","floor":3,"gold_loss":0},{"cards_removed":["Strike_G"],"damage_healed":0,"gold_gain":0,"player_choice":"Card Removal","damage_taken":0,"max_hp_gain":0,"max_hp_loss":0,"event_name":"The Cleric","floor":5,"gold_loss":75},{"damage_healed":0,"gold_gain":0,"player_choice":"Searched \u00273\u0027 times","damage_taken":0,"relics_obtained":["War Paint"],"max_hp_gain":0,"max_hp_loss":0,"event_name":"Dead Adventurer","floor":14,"gold_loss":0}],"is_beta":false,"boss_relics":[],"items_purged_floors":[],"is_endless":false,"potions_floor_spawned":[1,4,6,11,12],"killed_by":"The Guardian","ascension_level":18}}