{"host":"rwzz6mk6bpmb57ql","time":1608603784,"event":{"mods":["AchievementEnabler","BaseMod","BetterRewards","Colored Map","Highlight Path","Hubris","Minty Spire (QoL Compilation)","Replay The Spire","StSLib"],"gold_per_floor":[5111,5126,5126,4454,4474,4474,4491,3516,3516,3534,2835,2850,2876,2193,2193,2288,2288,2301,2313,1641,1641,1641,1641,1670,864,864,898,898,919,948,988,988,1098,1098,1139,1049,1049,1049,1077,1122,1161,1161,1186,1186,1186,1186,1224,402,402,424,424,424,199,257,283],"floor_reached":56,"playtime":2435,"items_purged":["Defend_R","Defend_R","Defend_R","True Grit","Defend_R","Shame","hubris:Greed"],"score":2181,"play_id":"a31d2481-3673-463c-b2fe-5e3535399f4c","local_time":"20201221202304","is_ascension_mode":true,"campfire_choices":[{"floor":6,"key":"RECALL"},{"data":"Perfected Strike","floor":15,"key":"SMITH"},{"data":"Perfected Strike","floor":23,"key":"SMITH"},{"data":"True Grit","floor":32,"key":"SMITH"},{"data":"Berserk","floor":42,"key":"SMITH"},{"data":"Burning Pact","floor":44,"key":"SMITH"},{"data":"Berserk","floor":46,"key":"SMITH"},{"data":"Discovery","floor":49,"key":"SMITH"}],"circlet_count":0,"master_deck":["Strike_R","Strike_R","Strike_R","Strike_R","Strike_R","Bash","Disarm","Perfected Strike+1","Shrug It Off","Inflame+1","Carnage","True Grit","ReplayTheSpireMod:LeadingStrike","ReplayTheSpireMod:LeadingStrike","Pot Of Greed","Pot Of Greed","Wild Strike","Mayhem","Discovery+1","hubris:EnhanceAbility","Berserk+1","Perfected Strike","Perfected Strike+1","Twin Strike","Pot Of Greed","ReplayTheSpireMod:Strike From Hell","ReplayTheSpireMod:Strike From Hell+1","True Grit+1","hubris:Greed","CurseOfTheBell","Berserk+1","Hallucinations","Burning Pact+1","Twin Strike+1","Pot Of Greed","True Grit+1"],"relics":["Burning Blood","Red Skull","NlothsMask","Blue Candle","ReplayFunnel","Lee\u0027s Waffle","Girya","HandDrill","hubris:MedicalManual","hubris:Reverence","Darkstone Periapt","Grinning Jar","ReplayTheSpireMod:Ninjato","Oddly Smooth Stone","ReplayTheSpireMod:ShopPack","Cursed Key","King of Hearts","Eternal Feather","Chemical X","MutagenicStrength","Replay:Wax Seal","Lantern","hubris:BundleOfHerbs","hubris:EmptyBottle","Tiny Chest","Strawberry","Calling Bell","Replay:Bandana","Replay:Accelerometer","Replay:Multitool","Dream Catcher","hubris:GlazedTorus","ReplayTheSpireMod:TigerMarble","Another Sword","Magic Flower","TungstenRod"],"acts_visited":["Exordium","TheCity","TheBeyond","TheEnding"],"potions_floor_usage":[12,16,19,19,27,27,31,31,33,33,35,35,39,39,39,39,47,47,50,50,54,54,55,55,55,55],"damage_taken":[{"damage":12,"enemies":"Jaw Worm","floor":1,"turns":3},{"damage":8,"enemies":"Cultist","floor":2,"turns":4},{"damage":0,"enemies":"Small Slimes","floor":5,"turns":3},{"damage":56,"enemies":"Exordium Thugs","floor":7,"turns":5},{"damage":8,"enemies":"Large Slime","floor":10,"turns":5},{"damage":18,"enemies":"Exordium Wildlife","floor":12,"turns":3},{"damage":18,"enemies":"Gremlin Nob","floor":13,"turns":3},{"damage":56,"enemies":"Fading Forest","floor":16,"turns":11},{"damage":16,"enemies":"3 Byrds","floor":18,"turns":6},{"damage":0,"enemies":"Spheric Guardian","floor":19,"turns":1},{"damage":66,"enemies":"Slavers","floor":24,"turns":5},{"damage":10,"enemies":"Gremlin Leader","floor":27,"turns":2},{"damage":1,"enemies":"Snecko","floor":29,"turns":3},{"damage":9,"enemies":"Cultist and Chosen","floor":30,"turns":2},{"damage":0,"enemies":"Replay:Snechameleon","floor":31,"turns":4},{"damage":40,"enemies":"Pondfish","floor":33,"turns":6},{"damage":17,"enemies":"3 Darklings","floor":35,"turns":4},{"damage":8,"enemies":"Orb Walker","floor":39,"turns":2},{"damage":111,"enemies":"Nemesis","floor":40,"turns":9},{"damage":54,"enemies":"Jaw Worm Horde","floor":41,"turns":4},{"damage":11,"enemies":"Transient","floor":47,"turns":5},{"damage":77,"enemies":"Time Eater","floor":50,"turns":6},{"damage":143,"enemies":"Shield and Spear","floor":54,"turns":6},{"damage":85,"enemies":"The Heart","floor":55,"turns":8}],"seed_played":"-7879755479743729379","potions_obtained":[{"floor":5,"key":"BloodPotion"},{"floor":10,"key":"Death Potion"},{"floor":13,"key":"FearPotion"},{"floor":16,"key":"FearPotion"},{"floor":18,"key":"HeartOfIron"},{"floor":24,"key":"AttackPotion"},{"floor":30,"key":"Fire Potion"},{"floor":31,"key":"Flashbang"},{"floor":33,"key":"PowerPotion"},{"floor":35,"key":"ColorlessPotion"},{"floor":41,"key":"Swift Potion"},{"floor":47,"key":"Toxic Potion"},{"floor":52,"key":"Venom Potion"}],"is_trial":false,"path_per_floor":["M","M","?","$","M","R","M","$","T","M","$","M","E","$","R","B",null,"M","M","$","?","?","R","E","$","T","E","?","M","M","E","R","B",null,"M","?","T","?","M","E","M","R","T","R","?","R","M","$","R","B",null,"R","$","E","B",null],"character_chosen":"IRONCLAD","items_purchased":["Blue Candle","ReplayFunnel","Lee\u0027s Waffle","Shrug It Off","Girya","Carnage","True Grit","HandDrill","hubris:MedicalManual","ReplayTheSpireMod:LeadingStrike","hubris:Reverence","Darkstone Periapt","ReplayTheSpireMod:Ninjato","Oddly Smooth Stone","ReplayTheSpireMod:ShopPack","Twin Strike","King of Hearts","Eternal Feather","Chemical X","DuplicationPotion","Lantern","hubris:BundleOfHerbs","ReplayTheSpireMod:Strike From Hell+1","hubris:EmptyBottle","True Grit+1","Another Sword","Magic Flower"],"campfire_rested":0,"item_purchase_floors":[4,4,4,4,8,8,8,8,8,11,11,11,14,14,14,20,20,20,20,20,25,25,25,25,48,48,48],"current_hp_per_floor":[116,114,114,137,137,137,87,87,87,85,85,100,88,88,88,46,114,104,110,110,110,110,125,65,65,71,67,67,78,81,94,112,78,147,136,136,142,142,140,35,87,105,111,132,132,153,148,148,169,101,160,180,180,180,104],"gold":283,"neow_bonus":"RANDOM_COMMON_RELIC","is_daily":false,"chose_seed":false,"campfire_upgraded":7,"win_rate":0.0,"timestamp":1608603784,"path_taken":["M","M","?","$","M","R","?","?","T","M","?","M","E","$","R","BOSS","M","M","$","?","?","R","E","$","T","E","?","M","?","E","R","BOSS","M","?","?","?","M","E","M","R","T","R","?","R","M","$","R","BOSS","R","$","E","BOSS"],"items_purchased_type":["Relic","Relic","Relic","Card","Relic","Card","Card","Relic","Relic","Card","Relic","Relic","Relic","Relic","Relic","Card","Relic","Relic","Relic","Potion","Relic","Relic","Card","Relic","Card","Relic","Relic"],"build_version":"2020-12-13","purchased_purges":7,"victory":true,"max_hp_per_floor":[130,130,130,137,137,137,137,137,137,137,137,137,137,137,137,137,137,137,137,137,137,137,137,137,137,143,143,143,149,155,162,162,162,168,168,168,174,174,174,174,174,174,180,180,180,180,180,180,180,180,180,180,180,180,180],"card_choices":[{"not_picked":["Cleave","Defy Death"],"picked":"Disarm","floor":1},{"not_picked":["Run Through","hubris:ReadiedAction"],"picked":"Perfected Strike","floor":2},{"not_picked":["hubris:SharpeningStone","Sword Boomerang","Flex"],"picked":"SKIP","floor":5},{"not_picked":["Sword Boomerang","Havoc"],"picked":"Inflame","floor":7},{"not_picked":["Clash","Cleave"],"picked":"ReplayTheSpireMod:LeadingStrike","floor":10},{"not_picked":["Abandon","Barricade","ReplayTheSpireMod:Strike From Hell"],"picked":"SKIP","floor":12},{"not_picked":["Body Slam","Clothesline"],"picked":"Wild Strike","floor":13},{"not_picked":["The Bomb","Secret Technique"],"picked":"Mayhem","floor":14},{"not_picked":["Madness","Flash of Steel"],"picked":"Discovery","floor":14},{"not_picked":["Dark Shackles","Jack Of All Trades"],"picked":"hubris:EnhanceAbility","floor":14},{"not_picked":["Juggernaut","Bludgeon"],"picked":"Berserk","floor":16},{"not_picked":["Twin Strike","Armaments"],"picked":"Perfected Strike","floor":18},{"not_picked":["hubris:SharpeningStone","Flex+1"],"picked":"Perfected Strike","floor":19},{"not_picked":["Run Through","Eclipse"],"picked":"ReplayTheSpireMod:Strike From Hell","floor":24},{"not_picked":["Anger","Reckless Charge","hubris:SharpeningStone"],"picked":"SKIP","floor":27},{"not_picked":["Clothesline","Run Through"],"picked":"True Grit","floor":29},{"not_picked":["Clothesline","Run Through","Heavy Blade"],"picked":"SKIP","floor":30},{"not_picked":["Barricade","Impervious","Run Through"],"picked":"SKIP","floor":31},{"not_picked":["Replay:Undeath\u0027s Touch","Armaments+1"],"picked":"Berserk","floor":35},{"not_picked":["Flex+1","Armaments","Blood for Blood"],"picked":"SKIP","floor":39},{"not_picked":["ReplayTheSpireMod:Muscle Training","Flex"],"picked":"Burning Pact","floor":40},{"not_picked":["Dark Embrace+1","Barricade","Inflame+1"],"picked":"SKIP","floor":41},{"not_picked":["Entrench","Second Wind+1"],"picked":"Twin Strike+1","floor":47},{"not_picked":["Entrench","Abandon","Disarm"],"picked":"SKIP","floor":54}],"player_experience":63983,"relics_obtained":[{"floor":13,"key":"Grinning Jar"},{"floor":24,"key":"Replay:Wax Seal"},{"floor":27,"key":"Tiny Chest"},{"floor":31,"key":"Strawberry"},{"floor":34,"key":"Replay:Bandana"},{"floor":34,"key":"Replay:Accelerometer"},{"floor":34,"key":"Replay:Multitool"},{"floor":37,"key":"Dream Catcher"},{"floor":40,"key":"hubris:GlazedTorus"},{"floor":43,"key":"ReplayTheSpireMod:TigerMarble"},{"floor":54,"key":"TungstenRod"}],"event_choices":[{"damage_healed":0,"gold_gain":0,"player_choice":"Trade","damage_taken":0,"relics_obtained":["NlothsMask"],"max_hp_gain":0,"max_hp_loss":0,"event_name":"FaceTrader","floor":3,"gold_loss":0},{"damage_healed":0,"gold_gain":0,"player_choice":"Inject Mutagens","damage_taken":0,"relics_obtained":["MutagenicStrength"],"max_hp_gain":0,"max_hp_loss":0,"event_name":"Drug Dealer","floor":21,"gold_loss":0},{"damage_healed":0,"gold_gain":0,"player_choice":"Ignored","damage_taken":0,"max_hp_gain":0,"max_hp_loss":0,"event_name":"Ghosts","floor":22,"gold_loss":0},{"damage_healed":0,"gold_gain":0,"player_choice":"0 cards matched","damage_taken":0,"max_hp_gain":0,"max_hp_loss":0,"event_name":"Match and Keep!","floor":28,"gold_loss":0,"cards_obtained":[]},{"cards_removed":["hubris:Greed"],"damage_healed":0,"gold_gain":0,"player_choice":"Upgrade and Remove","damage_taken":0,"max_hp_gain":0,"max_hp_loss":0,"event_name":"Designer","floor":36,"gold_loss":90,"cards_upgraded":["Inflame"]},{"damage_healed":0,"gold_gain":0,"player_choice":"Ignored","damage_taken":0,"max_hp_gain":0,"max_hp_loss":0,"event_name":"Tomb of Lord Red Mask","floor":38,"gold_loss":0},{"damage_healed":0,"gold_gain":0,"player_choice":"Ignored","damage_taken":0,"max_hp_gain":0,"max_hp_loss":0,"event_name":"SecretPortal","floor":45,"gold_loss":0}],"is_beta":false,"boss_relics":[{"not_picked":["hubris:GrandSneckoEye","Runic Dome"],"picked":"Cursed Key"},{"not_picked":["Replay:Drink Me","Velvet Choker"],"picked":"Calling Bell"}],"items_purged_floors":[4,8,11,14,25,48,53],"is_endless":false,"potions_floor_spawned":[5,10,13,16,18,24,30,31,33,35,41,47],"ascension_level":8}}