{"host":"iawk615p0198zs2h","time":1608670169,"event":{"mods":["BaseMod","Better Third Choice","BetterRewards","Gold Saver","Infinite Spire","Minty Spire (QoL Compilation)","Quick Restart","Rare Cards Sparkle","Replay The Spire","Spicy Shops","StSLib"],"gold_per_floor":[668,247,261,271,286,318,54,89,115,115,115,115,142,154,154,154,154],"floor_reached":16,"playtime":1450,"items_purged":["Strike_R","Strike_R"],"score":132,"play_id":"359ad203-262b-4607-90c9-e115655e2961","local_time":"20201222214929","is_ascension_mode":true,"campfire_choices":[{"data":"Entrench","floor":12,"key":"SMITH"},{"floor":15,"key":"DIG"}],"circlet_count":0,"master_deck":["Strike_R","Strike_R","Strike_R","Defend_R","Defend_R","Bash","Searing Blow","Shrug It Off","Shrug It Off","Berserk","Shrug It Off","Battle Trance","Ghostly Armor","Replay:Parry+1","Master of Strategy","Entrench+1","Power Through"],"relics":["Sozu","Membership Card","Molten Egg 2","infinitespire:Lychee Nut","ReplayTheSpireMod:ShopPack","FossilizedHelix","Anchor","PreservedInsect","Self Forming Clay"],"acts_visited":["Exordium"],"potions_floor_usage":[],"damage_taken":[{"damage":1,"enemies":"Cultist","floor":1,"turns":3},{"damage":5,"enemies":"Small Slimes","floor":3,"turns":3},{"damage":0,"enemies":"Jaw Worm","floor":4,"turns":4},{"damage":4,"enemies":"2 Fungi Beasts","floor":5,"turns":4},{"damage":11,"enemies":"Lagavulin","floor":6,"turns":9},{"damage":8,"enemies":"3 Sentries","floor":8,"turns":11},{"damage":46,"enemies":"Gremlin Nob","floor":13,"turns":6},{"damage":0,"enemies":"Exordium Wildlife","floor":14,"turns":3},{"damage":22,"enemies":"Hexaghost","floor":16,"turns":12}],"seed_played":"5724103117610927253","potions_obtained":[],"is_trial":false,"path_per_floor":["M","$","M","M","M","E","$","E","T","?","?","R","E","M","R","B"],"character_chosen":"IRONCLAD","items_purchased":["Shrug It Off","Membership Card","Molten Egg 2","Berserk","ReplayTheSpireMod:ShopPack","Ghostly Armor","FossilizedHelix"],"campfire_rested":0,"item_purchase_floors":[2,2,2,2,7,7,7],"current_hp_per_floor":[79,79,74,74,70,59,59,52,52,52,45,45,5,10,10,0,0],"gold":154,"neow_bonus":"BOSS_RELIC","is_daily":false,"chose_seed":false,"campfire_upgraded":1,"win_rate":0.0,"timestamp":1608670169,"path_taken":["M","$","M","M","?","E","$","E","T","?","?","R","E","M","R","BOSS"],"items_purchased_type":["Card","Relic","Relic","Card","Relic","Card","Relic"],"build_version":"2020-12-13","purchased_purges":2,"victory":false,"max_hp_per_floor":[80,80,80,80,80,60,60,60,60,60,60,60,60,60,60,60,60],"card_choices":[{"not_picked":["Warcry","Anger"],"picked":"Searing Blow","floor":1},{"not_picked":["Flex","Sword Boomerang+1"],"picked":"Shrug It Off","floor":3},{"not_picked":["Thunderclap+1","Anger+1","Abandon"],"picked":"SKIP","floor":4},{"not_picked":["Replay:Undeath\u0027s Touch+1","Massacre+1","Cleave+1"],"picked":"SKIP","floor":5},{"not_picked":["Flex","Heavy Blade+1"],"picked":"Battle Trance","floor":6},{"not_picked":["ReplayTheSpireMod:Private Reserves","Impatience"],"picked":"Replay:Parry","floor":7},{"not_picked":["ReplayTheSpireMod:Trickstab","ReplayTheSpireMod:Uncanny Aura"],"picked":"Master of Strategy","floor":7},{"not_picked":["ReplayTheSpireMod:LeadingStrike+1","Fiend Fire+1"],"picked":"Entrench","floor":8},{"not_picked":["Warcry","Heavy Blade+1"],"picked":"Power Through","floor":13},{"not_picked":["Pommel Strike+1","Flame Barrier","Feel No Pain"],"picked":"SKIP","floor":14}],"player_experience":196191,"relics_obtained":[{"floor":6,"key":"infinitespire:Lychee Nut"},{"floor":8,"key":"Anchor"},{"floor":13,"key":"PreservedInsect"},{"floor":15,"key":"Self Forming Clay"}],"event_choices":[{"cards_removed":["Defend_R"],"damage_healed":0,"gold_gain":0,"player_choice":"Card Removal","damage_taken":7,"max_hp_gain":0,"max_hp_loss":0,"event_name":"Golden Wing","floor":11,"gold_loss":0}],"is_beta":false,"boss_relics":[],"items_purged_floors":[2,7],"is_endless":false,"potions_floor_spawned":[3,4,6,14],"killed_by":"Hexaghost","ascension_level":2}}