{"host":"g1na4j704t0qpw5f","time":1608678731,"event":{"mods":["AchievementEnabler","BaseMod","Card Forge","Colored Powertips","Custom Start","Googly Eyes","Highlight Path","Minty Spire (QoL Compilation)","StSLib"],"gold_per_floor":[117,128,138,138,49372,49372,49387,49419,49419,48268,48302,48302,48302,48319,48319,48396,48396,48409,48425,48375,48385,48404,48404,48429,48429,48429,48429,47716,47716,47716,46725,46725,46798,46798,46817,46817,46817,45693,45708,45736,45736,45768,45768,45782,45814,45814,45814,45841,45841,45841],"floor_reached":51,"playtime":2253,"items_purged":["Strike_B","Strike_B","Strike_B","Strike_B+1"],"score":1910,"play_id":"f7b90815-667c-428a-b965-67bd27654549","local_time":"20201222181211","is_ascension_mode":true,"campfire_choices":[{"data":"Redo","floor":6.0,"key":"SMITH"},{"data":"Loop","floor":13.0,"key":"SMITH"},{"data":"Zap","floor":15.0,"key":"SMITH"},{"data":"Buffer","floor":23.0,"key":"SMITH"},{"data":"Chaos","floor":25.0,"key":"SMITH"},{"data":"Conserve Battery","floor":27.0,"key":"SMITH"},{"data":"Heatsinks","floor":32.0,"key":"SMITH"},{"data":"Echo Form","floor":41.0,"key":"SMITH"},{"data":"Master of Strategy","floor":46,"key":"SMITH"},{"data":"Storm","floor":49,"key":"SMITH"}],"circlet_count":0,"master_deck":["AscendersBane","Defend_B+1","Defend_B+1","Defend_B+1","Defend_B+1","Zap+1","Dualcast+1","Ball Lightning","Genetic Algorithm","Cold Snap","Redo+1","Ball Lightning","Machine Learning","Sadistic Nature","Loop+1","Ball Lightning","Ball Lightning","Force Field","Buffer+1","Conserve Battery+1","Self Repair+1","Chaos+1","Compile Driver","Heatsinks+1","Storm+1","Beam Cell+1","Echo Form+1","Cold Snap+1","Madness","Madness","Storm+1","Master of Strategy+1","Flash of Steel+1","Compile Driver+1","Skim","Cold Snap+1","Loop+1","Loop","Glacier+1"],"relics":["Cracked Core","Hammer of Thor","Seething Fire","Anvil of the Gods","Cables","Bird Faced Urn","Cauldron","Omamori","Mummified Hand","Bottled Tornado","Runic Capacitor","White Beast Statue","Meat on the Bone","Strawberry","Calling Bell","DataDisk","Mercury Hourglass","Gambling Chip","Lantern","Boot","Medical Kit","Orichalcum","Pen Nib","Sundial","Molten Egg 2","Bottled Flame","TheAbacus","Runic Pyramid","Thread and Needle","StrikeDummy","HandDrill","Pocketwatch","FossilizedHelix","Gremlin Horn","Bottled Lightning","Letter Opener"],"acts_visited":["Exordium","TheCity","TheBeyond"],"potions_floor_usage":[50,50],"damage_taken":[{"damage":2.0,"enemies":"Cultist","floor":1.0,"turns":4.0},{"damage":4.0,"enemies":"Jaw Worm","floor":2.0,"turns":3.0},{"damage":2.0,"enemies":"2 Louse","floor":3.0,"turns":3.0},{"damage":0.0,"enemies":"Large Slime","floor":7.0,"turns":5.0},{"damage":16.0,"enemies":"Lagavulin","floor":8.0,"turns":5.0},{"damage":7.0,"enemies":"Gremlin Nob","floor":11.0,"turns":3.0},{"damage":14.0,"enemies":"3 Louse","floor":14.0,"turns":2.0},{"damage":8.0,"enemies":"The Guardian","floor":16.0,"turns":7.0},{"damage":22.0,"enemies":"2 Thieves","floor":18.0,"turns":3.0},{"damage":0.0,"enemies":"Spheric Guardian","floor":19.0,"turns":3.0},{"damage":8.0,"enemies":"Centurion and Healer","floor":21.0,"turns":5.0},{"damage":7.0,"enemies":"Snecko","floor":22.0,"turns":4.0},{"damage":39.0,"enemies":"Book of Stabbing","floor":24.0,"turns":5.0},{"damage":8.0,"enemies":"Champ","floor":33.0,"turns":6.0},{"damage":0.0,"enemies":"3 Darklings","floor":35.0,"turns":3.0},{"damage":0.0,"enemies":"3 Shapes","floor":39.0,"turns":4.0},{"damage":0.0,"enemies":"Giant Head","floor":40.0,"turns":5.0},{"damage":57.0,"enemies":"Reptomancer","floor":42.0,"turns":6.0},{"damage":0,"enemies":"Maw","floor":44,"turns":5},{"damage":0,"enemies":"Nemesis","floor":45,"turns":5},{"damage":0,"enemies":"Reptomancer","floor":48,"turns":3},{"damage":0,"enemies":"Awakened One","floor":50,"turns":10}],"seed_played":"5292853381459015842","potions_obtained":[{"floor":2.0,"key":"Ancient Potion"},{"floor":5.0,"key":"PowerPotion"},{"floor":5.0,"key":"EssenceOfDarkness"},{"floor":8.0,"key":"Strength Potion"},{"floor":14.0,"key":"FocusPotion"}],"is_trial":false,"path_per_floor":["M","M","M","?","$","R","M","E","T","$","E","?","R","M","R","B",null,"M","M","?","M","M","R","E","R","T","R","$","T","?","$","R","B",null,"M","?","?","$","M","E","R","E","T","M","E","R","?","E","R","B",null],"character_chosen":"DEFECT","items_purchased":["Bird Faced Urn","Cauldron","Omamori","Redo","Runic Capacitor","White Beast Statue","Meat on the Bone","Sadistic Nature","Loop","Ball Lightning","Medical Kit","Orichalcum","Pen Nib","Heatsinks","Molten Egg 2","Bottled Flame","TheAbacus","Storm","Beam Cell+1","Thread and Needle","StrikeDummy","HandDrill","Storm","Master of Strategy","Flash of Steel+1"],"campfire_rested":0,"item_purchase_floors":[5,5,5,5,10,10,10,10,10,10,28,28,28,28,31,31,31,31,31,38,38,38,38,38,38],"current_hp_per_floor":[69,65,63,52,52,52,52,38,38,38,54,54,54,46,46,44,75,57,63,63,75,85,85,62,62,62,62,62,62,62,62,62,78,83,85,70,70,70,85,85,85,60,60,85,85,85,85,85,85,85],"gold":45841,"neow_bonus":"TEN_PERCENT_HP_BONUS","is_daily":false,"chose_seed":false,"campfire_upgraded":10,"win_rate":0.0,"timestamp":1608678731,"path_taken":["M","?","M","?","$","R","M","E","T","$","E","?","R","M","R","BOSS","M","M","?","M","M","R","E","R","T","R","$","?","?","$","R","BOSS","M","?","?","$","M","E","R","E","T","M","E","R","?","E","R","BOSS"],"items_purchased_type":["Relic","Relic","Relic","Card","Relic","Relic","Relic","Card","Card","Card","Relic","Relic","Relic","Card","Relic","Relic","Relic","Card","Card","Relic","Relic","Relic","Card","Card","Card"],"build_version":"2020-12-13","purchased_purges":4,"victory":true,"max_hp_per_floor":[78,78,78,78,78,78,78,78,78,78,85,85,85,85,85,85,85,85,85,85,85,85,85,85,85,85,85,85,85,85,85,85,85,85,85,85,85,85,85,85,85,85,85,85,85,85,85,85,85,85],"card_choices":[{"not_picked":["Leap","Rebound"],"picked":"Ball Lightning","floor":1.0},{"not_picked":["Redo","Coolheaded"],"picked":"Genetic Algorithm","floor":2.0},{"not_picked":["Steam","Go for the Eyes"],"picked":"Cold Snap","floor":3.0},{"not_picked":["Sweeping Beam","Stack"],"picked":"Ball Lightning","floor":7.0},{"not_picked":["Coolheaded","Barrage"],"picked":"Machine Learning","floor":8.0},{"not_picked":["Conserve Battery","Leap"],"picked":"Ball Lightning","floor":11.0},{"not_picked":["Hologram","Steam"],"picked":"Force Field","floor":14.0},{"not_picked":["Reboot","Fission"],"picked":"Buffer","floor":16.0},{"not_picked":["Steam","Rebound"],"picked":"Conserve Battery","floor":18.0},{"not_picked":["Rip and Tear","Gash+1"],"picked":"Self Repair+1","floor":19.0},{"not_picked":["Conserve Battery","Beam Cell","Sweeping Beam"],"picked":"SKIP","floor":21.0},{"not_picked":["Tempest","Stack"],"picked":"Chaos","floor":22.0},{"not_picked":["Turbo","Doom and Gloom"],"picked":"Compile Driver","floor":24.0},{"not_picked":["Electrodynamics","Amplify"],"picked":"Echo Form","floor":33.0},{"not_picked":["Aggregate","Beam Cell+1"],"picked":"Cold Snap+1","floor":35.0},{"not_picked":["Go for the Eyes+1","Stack"],"picked":"Compile Driver+1","floor":39.0},{"not_picked":["Hologram","Turbo"],"picked":"Skim","floor":40.0},{"not_picked":["Lockon+1","Steam+1"],"picked":"Cold Snap+1","floor":42.0},{"not_picked":["Lockon+1","Cold Snap+1"],"picked":"Loop+1","floor":44},{"not_picked":["Aggregate","Lockon+1"],"picked":"Loop","floor":45},{"not_picked":["Self Repair","Static Discharge"],"picked":"Glacier+1","floor":48}],"player_experience":496108,"relics_obtained":[{"floor":8.0,"key":"Mummified Hand"},{"floor":9.0,"key":"Bottled Tornado"},{"floor":11.0,"key":"Strawberry"},{"floor":17.0,"key":"DataDisk"},{"floor":17.0,"key":"Mercury Hourglass"},{"floor":17.0,"key":"Gambling Chip"},{"floor":24.0,"key":"Lantern"},{"floor":26.0,"key":"Boot"},{"floor":29.0,"key":"Sundial"},{"floor":40.0,"key":"Pocketwatch"},{"floor":42.0,"key":"FossilizedHelix"},{"floor":43.0,"key":"Gremlin Horn"},{"floor":45,"key":"Bottled Lightning"},{"floor":48,"key":"Letter Opener"}],"event_choices":[{"damage_healed":0.0,"max_hp_gain":0.0,"max_hp_loss":0.0,"gold_gain":0.0,"event_name":"Scrap Ooze","player_choice":"Success","floor":4.0,"gold_loss":0.0,"damage_taken":11.0,"relics_obtained":["Cables"]},{"damage_healed":0.0,"max_hp_gain":0.0,"max_hp_loss":0.0,"gold_gain":0.0,"event_name":"Accursed Blacksmith","player_choice":"Forge","floor":12.0,"gold_loss":0.0,"damage_taken":0.0,"cards_upgraded":["Dualcast"]},{"damage_healed":0.0,"max_hp_gain":0.0,"max_hp_loss":0.0,"gold_gain":0.0,"event_name":"The Joust","player_choice":"Bet on Murderer","floor":20.0,"gold_loss":50.0,"damage_taken":0.0},{"damage_healed":0.0,"max_hp_gain":0.0,"max_hp_loss":0.0,"gold_gain":0.0,"event_name":"Back to Basics","player_choice":"Simplicity","floor":30.0,"gold_loss":0.0,"damage_taken":0.0,"cards_upgraded":["Strike_B","Defend_B","Defend_B","Defend_B","Defend_B"]},{"damage_healed":0.0,"max_hp_gain":0.0,"max_hp_loss":0.0,"gold_gain":0.0,"event_name":"Winding Halls","player_choice":"Embrace Madness","floor":36.0,"gold_loss":0.0,"damage_taken":15.0,"cards_obtained":["Madness","Madness"]},{"damage_healed":0.0,"max_hp_gain":0.0,"max_hp_loss":0.0,"gold_gain":0.0,"event_name":"Tomb of Lord Red Mask","player_choice":"Ignored","floor":37.0,"gold_loss":0.0,"damage_taken":0.0},{"damage_healed":0,"gold_gain":0,"player_choice":"Upgraded","damage_taken":0,"max_hp_gain":0,"max_hp_loss":0,"event_name":"Upgrade Shrine","floor":47,"gold_loss":0,"cards_upgraded":["Storm"]}],"is_beta":false,"boss_relics":[{"not_picked":["Fusion Hammer","Velvet Choker"],"picked":"Calling Bell"},{"not_picked":["Pandora\u0027s Box","SacredBark"],"picked":"Runic Pyramid"}],"items_purged_floors":[5,10,28,31],"is_endless":false,"potions_floor_spawned":[2,7,8,11,14,16,18,19,21,22,24,33,35,39,40,42,44,45,48],"ascension_level":19}}