{"host":"zksvs3x2ysy9npnz","time":1608650828,"event":{"mods":["Aspiration","BaseMod","Beaked The Cultist","BetterRewards","CatGirl Mod","Clockwork Mod","Conspire","Energized Spire","Fiend Mod","Friendly Minions","Halation","Hermit","Highlight Path","Hubris","Jedi Mod","Minty Spire (QoL Compilation)","Permanent Neow","Quick Restart","Relic Stats","Replay The Spire","Shop Mod","StSLib","SuperFastMode","The Blackbeard","The Bladedancer","The Construct"],"gold_per_floor":[118,18,38,38,38,67,67,97,151,179,199,199,199,213,213,311,311,322,262,282,59,59,59,84,84,111,138,157,60,92,111,111,215,215,229,229,240,45,57,89,89,117,117,147,147,147,162,174,174,174,174],"floor_reached":50,"playtime":4605,"items_purged":["Sickly"],"score":1034,"play_id":"ae5c6975-0190-428f-836a-4cad7249adf1","local_time":"20201222162708","is_ascension_mode":true,"campfire_choices":[{"data":"Ghostly","floor":12,"key":"SMITH"},{"data":"Fiend:FiendExecute","floor":15,"key":"SMITH"},{"floor":23,"key":"RECALL"},{"floor":25,"key":"REST"},{"data":"Fiend:FiendBloodstone+1","floor":32,"key":"SMITH"},{"floor":41,"key":"REST"},{"floor":45,"key":"REST"},{"data":"Clockwork:CraftMomentumEngine","floor":49,"key":"SMITH"}],"circlet_count":0,"master_deck":["AscendersBane","Fiend:FiendDemonSlash+1","Fiend:FiendDemonSlash","Fiend:FiendDemonSlash","Fiend:FiendDemonSlash","Fiend:FiendDemonSlash","Fiend:FiendFortify","Fiend:FiendFortify","Fiend:FiendFortify","Fiend:FiendFortify","Fiend:FiendConsume","Fiend:FiendFiendishCharge","Ghostly+1","Fiend:FiendExecute+1","Fiend:FiendDemonWhip+1","Fiend:FiendBloodstone+2","Fiend:FiendBloodlust+1","Fiend:FiendFleshPlating+1","Fiend:FiendMeditate","jedi:forcepull","Fiend:FiendDemonWhip","Fiend:FiendBloodstone","Fiend:FiendGreaterDemonSlash","Panache","Fiend:FiendExecute+1","Fiend:FiendExecute","Fiend:FiendBloodlust+1","Fiend:FiendMeditate+1"],"relics":["Fiend:FiendTotem","NeowsBlessing","Ring of Fangs","Ring of Peace","Pear","halation:PinkSoulGem","Ancient Tea Set","aspiration:ChemicalBlood","construct:WeddingRing","halation:Thesaurus","Orichalcum","jedi:arcanewood","Whetstone","Strawberry","aspiration:FrozenJewel","beaked:SacredDeck","Replay:Mystery Machine","Nunchaku","ReplayTheSpireMod:Shallot","halation:BottledLove","hubris:Towel","Clockwork:MomentumEngine"],"acts_visited":["Exordium","TheCity","TheBeyond"],"potions_floor_usage":[8,8,16,20,24,24,28,30,33,33,39,40,40,42,42,44,50,50,50,50],"damage_taken":[{"damage":0,"enemies":"2 Louse","floor":1,"turns":1},{"damage":0,"enemies":"Small Slimes","floor":3,"turns":1},{"damage":0,"enemies":"Lagavulin","floor":6,"turns":3},{"damage":10,"enemies":"Gremlin Nob","floor":8,"turns":5},{"damage":47,"enemies":"3 Sentries","floor":10,"turns":13},{"damage":0,"enemies":"Jaw Worm","floor":11,"turns":5},{"damage":0,"enemies":"2 Fungi Beasts","floor":14,"turns":4},{"damage":6,"enemies":"Hexaghost","floor":16,"turns":9},{"damage":14,"enemies":"3 Byrds","floor":18,"turns":7},{"damage":0,"enemies":"Chosen","floor":20,"turns":5},{"damage":38,"enemies":"Gremlin Leader","floor":24,"turns":11},{"damage":0,"enemies":"Slavers","floor":27,"turns":3},{"damage":0,"enemies":"Centurion and Healer","floor":28,"turns":5},{"damage":10,"enemies":"Book of Stabbing","floor":30,"turns":5},{"damage":7,"enemies":"Shelled Parasite and Fungi","floor":31,"turns":7},{"damage":70,"enemies":"Champ","floor":33,"turns":10},{"damage":21,"enemies":"3 Shapes","floor":35,"turns":9},{"damage":0,"enemies":"3 Darklings","floor":37,"turns":13},{"damage":32,"enemies":"4 Shapes","floor":39,"turns":11},{"damage":32,"enemies":"Reptomancer","floor":40,"turns":9},{"damage":31,"enemies":"Nemesis","floor":42,"turns":9},{"damage":37,"enemies":"Reptomancer","floor":44,"turns":9},{"damage":24,"enemies":"Jaw Worm Horde","floor":47,"turns":6},{"damage":0,"enemies":"3 Darklings","floor":48,"turns":7},{"damage":123,"enemies":"conspire:OrnateMirror","floor":50,"turns":10}],"seed_played":"-5029805436175094789","potions_obtained":[{"floor":6,"key":"Strength Potion"},{"floor":8,"key":"Fruit Juice"},{"floor":14,"key":"Fiend:FleshPotion"},{"floor":18,"key":"Milkshake"},{"floor":20,"key":"Dexterity Potion"},{"floor":31,"key":"EntropicBrew"},{"floor":33,"key":"EssenceOfSteel"},{"floor":33,"key":"Fire Potion"},{"floor":35,"key":"jedi:tentaclejuice"},{"floor":39,"key":"conspire:TimeTravelPotion"},{"floor":40,"key":"Adrenaline Potion"},{"floor":50,"key":"ColorlessPotion"}],"is_trial":false,"path_per_floor":["M","?","M","?","$","E","?","E","T","E","M","R","?","M","R","B",null,"M","?","M","$","?","R","E","R","T","E","M","$","E","M","R","B",null,"M","?","M","$","M","E","R","E","T","E","R","?","M","M","R","B"],"character_chosen":"THE_FIEND","items_purchased":["halation:Thesaurus","jedi:forcepull","Panache"],"campfire_rested":3,"item_purchase_floors":[21,29,38],"current_hp_per_floor":[63,63,63,63,63,73,73,68,68,25,29,29,4,7,7,9,68,60,60,69,69,69,69,38,65,65,77,86,86,89,90,90,32,85,80,80,100,100,74,58,90,108,108,72,104,104,86,91,91,0,0],"gold":174,"neow_bonus":"THREE_ENEMY_KILL","is_daily":false,"chose_seed":false,"campfire_upgraded":4,"win_rate":0.0,"timestamp":1608650828,"path_taken":["M","?","M","?","$","E","?","E","T","E","M","R","?","M","R","BOSS","M","?","M","$","?","R","E","R","T","E","M","$","E","M","R","BOSS","M","?","?","$","M","E","R","E","T","E","R","?","?","M","R","BOSS"],"items_purchased_type":["Relic","Card","Card"],"build_version":"2020-12-13","purchased_purges":1,"victory":false,"max_hp_per_floor":[70,70,70,70,70,80,80,85,85,86,87,87,87,87,87,88,88,89,89,90,90,90,90,91,91,91,99,100,100,101,102,102,103,103,104,104,105,105,106,107,107,108,108,109,109,109,110,111,111,112,112],"relic_stats":{"Nunchaku":[8],"counters":[25,177],"Whetstone":["Fiend:FiendDemonSlash","Fiend:FiendDemonWhip"],"Orichalcum":[246],"obtain_stats":[{"Pear":6,"construct:WeddingRing":17,"NeowsBlessing":0,"halation:BottledLove":44,"halation:Thesaurus":21,"Whetstone":26,"Orichalcum":21,"Replay:Mystery Machine":40,"hubris:Towel":46,"Fiend:FiendTotem":0,"Ancient Tea Set":8,"Pet Ghost":13,"aspiration:FrozenJewel":30,"Clockwork:MomentumEngine":50,"Nunchaku":42,"Ring of Fangs":4,"ReplayTheSpireMod:Shallot":43,"Ring of Peace":4,"Strawberry":27,"beaked:SacredDeck":34,"halation:PinkSoulGem":7,"jedi:arcanewood":24,"aspiration:ChemicalBlood":10},{"Pear":3,"construct:WeddingRing":8,"NeowsBlessing":0,"halation:BottledLove":22,"halation:Thesaurus":10,"Whetstone":11,"Orichalcum":10,"Replay:Mystery Machine":20,"hubris:Towel":22,"Fiend:FiendTotem":0,"Ancient Tea Set":4,"Pet Ghost":6,"aspiration:FrozenJewel":14,"Clockwork:MomentumEngine":25,"Nunchaku":21,"Ring of Fangs":2,"ReplayTheSpireMod:Shallot":21,"Ring of Peace":2,"Strawberry":12,"beaked:SacredDeck":16,"halation:PinkSoulGem":3,"jedi:arcanewood":11,"aspiration:ChemicalBlood":5},{"Pear":5,"construct:WeddingRing":41,"NeowsBlessing":0,"halation:BottledLove":154,"halation:Thesaurus":53,"Whetstone":64,"Orichalcum":53,"Replay:Mystery Machine":136,"hubris:Towel":154,"Fiend:FiendTotem":0,"Ancient Tea Set":10,"Pet Ghost":28,"aspiration:FrozenJewel":77,"Clockwork:MomentumEngine":174,"Nunchaku":145,"Ring of Fangs":2,"ReplayTheSpireMod:Shallot":145,"Ring of Peace":2,"Strawberry":67,"beaked:SacredDeck":94,"halation:PinkSoulGem":5,"jedi:arcanewood":64,"aspiration:ChemicalBlood":23}]},"card_choices":[{"not_picked":["Fiend:FiendExecute","Fiend:FiendRam"],"picked":"Fiend:FiendFiendishCharge","floor":1},{"not_picked":["Fiend:FiendSalvage","Fiend:FiendSliceAndDice"],"picked":"Fiend:FiendExecute","floor":3},{"not_picked":["Fiend:FiendInfect","Fiend:FiendVaccine"],"picked":"Fiend:FiendDemonWhip","floor":6},{"not_picked":["Fiend:FiendMeatPaste","Fiend:FiendNom","Fiend:FiendHarden"],"picked":"SKIP","floor":8},{"not_picked":["Fiend:FiendFleshPlating","Fiend:FiendBlackMarket"],"picked":"Fiend:FiendFiendishCharge","floor":10},{"not_picked":["Fiend:FiendFleshWhip","Fiend:FiendDemonicContract","Fiend:FiendMeatShield"],"picked":"SKIP","floor":11},{"not_picked":["Fiend:FiendMeatShield","Fiend:FiendConserve","Fiend:FiendRage"],"picked":"SKIP","floor":14},{"not_picked":["Fiend:FiendAmnesia","Fiend:FiendFleshForFlesh"],"picked":"Fiend:FiendBloodstone","floor":16},{"not_picked":["Fiend:FiendMeatPaste","Fiend:FiendRadiation+1"],"picked":"Fiend:FiendBloodlust+1","floor":18},{"not_picked":["Fiend:FiendDemonicContract","Fiend:FiendMeatPaste","Fiend:FiendBloodPrice"],"picked":"SKIP","floor":20},{"not_picked":["Fiend:FiendUnstableCells","Fiend:FiendDemonicContract+1"],"picked":"Fiend:FiendFleshPlating+1","floor":24},{"not_picked":["Fiend:FiendAlchemeat","Fiend:FiendFleshWhip"],"picked":"Fiend:FiendMeditate","floor":27},{"not_picked":["Fiend:FiendFiendishCharge","Fiend:FiendSplat","Fiend:FiendVaccine+1"],"picked":"SKIP","floor":28},{"not_picked":["Fiend:FiendRage","Fiend:FiendInjection+1","Fiend:FiendMeatShield"],"picked":"SKIP","floor":30},{"not_picked":["Fiend:FiendBloodlust","Fiend:FiendDemonicContract+1"],"picked":"Fiend:FiendDemonWhip","floor":31},{"not_picked":["Fiend:FiendBribery","Fiend:FiendSatanicRitual"],"picked":"Fiend:FiendBloodstone","floor":33},{"not_picked":["Fiend:FiendHarden+1","Fiend:FiendFleshWhip","Fiend:FiendLeech+1"],"picked":"SKIP","floor":35},{"not_picked":["Fiend:FiendConserve+1","Fiend:FiendRage+1","Fiend:FiendRampage+1"],"picked":"SKIP","floor":37},{"not_picked":["Fiend:FiendMeatShield+1","Fiend:FiendLeech","Fiend:FiendAlchemeat"],"picked":"SKIP","floor":39},{"not_picked":["Fiend:FiendMutativeArms+1","Fiend:FiendFlay"],"picked":"Fiend:FiendExecute+1","floor":40},{"not_picked":["Fiend:FiendConserve","Fiend:FiendMeatPaste+1"],"picked":"Fiend:FiendExecute","floor":42},{"not_picked":["Fiend:FiendDeepenWound+1","Fiend:FiendSplat","Fiend:FiendFiendishCharge"],"picked":"SKIP","floor":44},{"not_picked":["Fiend:FiendBackFromHell+1","Fiend:FiendBulkUp"],"picked":"Fiend:FiendBloodlust+1","floor":47},{"not_picked":["Fiend:FiendBloodlust+1","Fiend:FiendMeatPaste+1"],"picked":"Fiend:FiendMeditate+1","floor":48}],"player_experience":1531518,"relics_obtained":[{"floor":4,"key":"Ring of Fangs"},{"floor":4,"key":"Ring of Peace"},{"floor":6,"key":"Pear"},{"floor":8,"key":"Ancient Tea Set"},{"floor":10,"key":"aspiration:ChemicalBlood"},{"floor":24,"key":"jedi:arcanewood"},{"floor":26,"key":"Whetstone"},{"floor":27,"key":"Strawberry"},{"floor":30,"key":"aspiration:FrozenJewel"},{"floor":40,"key":"Replay:Mystery Machine"},{"floor":42,"key":"Nunchaku"},{"floor":43,"key":"ReplayTheSpireMod:Shallot"},{"floor":44,"key":"halation:BottledLove"}],"event_choices":[{"damage_healed":0,"gold_gain":0,"player_choice":"Argue","damage_taken":0,"max_hp_gain":0,"max_hp_loss":0,"event_name":"conspire:LoneGhost","floor":2,"gold_loss":0},{"damage_healed":0,"gold_gain":0,"player_choice":"Success","damage_taken":25,"relics_obtained":["Pet Ghost"],"max_hp_gain":0,"max_hp_loss":0,"event_name":"Scrap Ooze","floor":13,"gold_loss":0},{"damage_healed":0,"gold_gain":0,"cards_transformed":["Fiend:FiendFiendishCharge"],"player_choice":"Transformed","damage_taken":0,"max_hp_gain":0,"max_hp_loss":0,"event_name":"Transmorgrifier","floor":36,"gold_loss":0,"cards_obtained":["Fiend:FiendGreaterDemonSlash"]}],"is_beta":false,"boss_relics":[{"not_picked":["conspire:RunicOctahedron","hubris:Stopwatch"],"picked":"construct:WeddingRing"},{"not_picked":["Replay:Bronze Core","halation:Yufonium"],"picked":"beaked:SacredDeck"}],"items_purged_floors":[21],"is_endless":false,"potions_floor_spawned":[6,8,14,18,20,31,35,39,40],"killed_by":"conspire:OrnateMirror","ascension_level":10}}