{"host":"4b06nrmhsmzqjm1r","time":1608678692,"event":{"mods":["2.2 Compatiblity","AchievementEnabler","BaseMod","BetterRewards","Colored Map","Colored Powertips","Hermit","Highlight Path","Marisa????????","Minty Spire (QoL Compilation)","StSLib","The Animator","The Cursed","The Hierophant","The Servant 0.9.4"],"gold_per_floor":[119,119,147,117,46,46,6,6,6,29,62,62,62,91,91,232,232,263,263,306,306,331,331,331,331],"floor_reached":24,"playtime":3203,"items_purged":["hermit:Strike_Hermit","hermit:Defend_Hermit"],"score":184,"play_id":"fa8f1e1c-5c65-4ca1-aa2f-e97ba86b262e","local_time":"20201223001132","is_ascension_mode":false,"campfire_choices":[{"floor":6.0,"key":"REST"},{"data":"hermit:BigShot","floor":8.0,"key":"SMITH"},{"floor":15.0,"key":"REST"},{"floor":23,"key":"REST"}],"circlet_count":0,"master_deck":["hermit:Strike_Hermit","hermit:Strike_Hermit","hermit:Strike_Hermit","hermit:Defend_Hermit","hermit:Defend_Hermit","hermit:Snapshot","hermit:Covet","hermit:CalledShot","hermit:GhostlyPresence","hermit:TakeAim","hermit:Dive","hermit:Scavenge","hermit:BigShot","hermit:Vantage","hermit:Scavenge","hermit:CalledShot","hermit:Enervate","hermit:BigShot+1","hermit:Headshot","hermit:Coalescence","Injury","hermit:TrackingShot","hermit:Gambit"],"relics":["hermit:ClaspedLocket","Pen Nib","Pantograph","Odd Mushroom","Golden Idol","Centennial Puzzle"],"acts_visited":["Exordium","TheCity"],"potions_floor_usage":[20,20,20,20,20,20,20,22,22,24,24],"damage_taken":[{"damage":7.0,"enemies":"Jaw Worm","floor":1.0,"turns":3.0},{"damage":0.0,"enemies":"Small Slimes","floor":3.0,"turns":4.0},{"damage":0.0,"enemies":"Cultist","floor":10.0,"turns":3.0},{"damage":13.0,"enemies":"The Mushroom Lair","floor":11.0,"turns":5.0},{"damage":0.0,"enemies":"Looter","floor":14.0,"turns":2.0},{"damage":37.0,"enemies":"Hexaghost","floor":16.0,"turns":8.0},{"damage":8.0,"enemies":"Shell Parasite","floor":18.0,"turns":4.0},{"damage":60,"enemies":"3 Byrds","floor":20,"turns":7},{"damage":2,"enemies":"Centurion and Healer","floor":22,"turns":6},{"damage":32,"enemies":"Snake Plant","floor":24,"turns":4}],"seed_played":"8675040135330260157","potions_obtained":[{"floor":1.0,"key":"Swift Potion"},{"floor":4.0,"key":"SteroidPotion"},{"floor":4.0,"key":"AttackPotion"},{"floor":11.0,"key":"Explosive Potion"},{"floor":19.0,"key":"hermit:Eclipse"},{"floor":19.0,"key":"LiquidMemories"},{"floor":19.0,"key":"EntropicBrew"},{"floor":20,"key":"Strength Potion"},{"floor":22,"key":"hermit:BlackBile"}],"is_trial":false,"path_per_floor":["M","?","M","?","$","R","$","R","T","M","?","$","?","M","R","B",null,"M","?","M","?","M","R","M"],"character_chosen":"HERMIT","items_purchased":["hermit:CalledShot","hermit:GhostlyPresence","hermit:TakeAim","Pen Nib","hermit:Dive","hermit:Scavenge","hermit:BigShot","hermit:Vantage","hermit:Enervate","hermit:BigShot"],"campfire_rested":3,"item_purchase_floors":[0,0,0,0,0,0,0,0,5,7],"current_hp_per_floor":[33,26,26,26,26,48,48,48,48,48,35,35,35,35,57,38,75,67,67,7,7,5,27,0,0],"gold":331,"neow_bonus":"","is_daily":false,"chose_seed":false,"campfire_upgraded":1,"win_rate":0.0,"timestamp":1608678692,"path_taken":["M","?","M","?","$","R","$","R","T","?","?","?","?","M","R","BOSS","M","?","?","?","M","R","M"],"items_purchased_type":["Card","Card","Card","Relic","Card","Card","Card","Card","Card","Card"],"build_version":"2020-12-13","purchased_purges":2,"victory":false,"max_hp_per_floor":[75,75,75,75,75,75,75,75,75,75,75,75,75,75,75,75,75,75,75,75,75,75,75,75,75],"card_choices":[{"not_picked":["hermit:Desperado","hermit:WideOpen"],"picked":"hermit:Scavenge","floor":1.0},{"not_picked":["hermit:Feint","hermit:WideOpen"],"picked":"hermit:CalledShot","floor":3.0},{"not_picked":["hermit:Horror","hermit:Glare"],"picked":"hermit:Headshot","floor":10.0},{"not_picked":["hermit:HoleUp","hermit:PistolWhip"],"picked":"hermit:Coalescence","floor":11.0},{"not_picked":["hermit:Enervate","hermit:Quickdraw"],"picked":"hermit:TrackingShot","floor":14.0},{"not_picked":["hermit:EternalForm","hermit:BlackWind"],"picked":"hermit:Gambit","floor":16.0},{"not_picked":["hermit:Manifest","hermit:Virtue","hermit:LoneWolf+1"],"picked":"SKIP","floor":18.0},{"not_picked":["hermit:HoleUp","hermit:Roulette","hermit:WideOpen+1"],"picked":"SKIP","floor":20},{"not_picked":["hermit:Midnight","hermit:Manifest+1","hermit:WideOpen"],"picked":"SKIP","floor":22}],"player_experience":213784,"relics_obtained":[{"floor":9.0,"key":"Pantograph"},{"floor":11.0,"key":"Odd Mushroom"}],"event_choices":[{"cards_removed":["hermit:Defend_Hermit"],"damage_healed":0.0,"max_hp_gain":0.0,"max_hp_loss":0.0,"gold_gain":0.0,"event_name":"Golden Wing","player_choice":"Card Removal","floor":2.0,"gold_loss":0.0,"damage_taken":7.0},{"damage_healed":0.0,"max_hp_gain":0.0,"max_hp_loss":0.0,"gold_gain":0.0,"event_name":"The Woman in Blue","player_choice":"Bought 2 Potions","floor":4.0,"gold_loss":0.0,"damage_taken":0.0},{"damage_healed":0.0,"max_hp_gain":0.0,"max_hp_loss":0.0,"gold_gain":0.0,"event_name":"Mushrooms","player_choice":"Fought Mushrooms","floor":11.0,"gold_loss":0.0,"damage_taken":0.0},{"damage_healed":0.0,"max_hp_gain":0.0,"max_hp_loss":0.0,"gold_gain":0.0,"event_name":"Golden Idol","player_choice":"Take Wound","floor":13.0,"gold_loss":0.0,"damage_taken":0.0,"relics_obtained":["Golden Idol"],"cards_obtained":["Injury"]},{"damage_healed":0.0,"max_hp_gain":0.0,"max_hp_loss":0.0,"gold_gain":0.0,"event_name":"Lab","player_choice":"Got Potions","floor":19.0,"gold_loss":0.0,"damage_taken":0.0},{"damage_healed":0,"gold_gain":0,"player_choice":"Opened","damage_taken":0,"relics_obtained":["Centennial Puzzle"],"max_hp_gain":0,"max_hp_loss":0,"event_name":"The Mausoleum","floor":21,"gold_loss":0}],"is_beta":false,"boss_relics":[{"not_picked":["hermit:BartenderGlass","Black Star"],"picked":"hermit:ClaspedLocket"}],"items_purged_floors":[0,0],"is_endless":false,"potions_floor_spawned":[1,11,20,22],"killed_by":"Snake Plant","ascension_level":0}}