{"host":"m3rs92yjkwi06hli","time":1608676746,"event":{"mods":["Act Like it!","Aspiration","BaseMod","Colored Map","Conspire","Defuse TimeMaze Blight","Downfall","Energized Spire","Hubris","Infinite Spire","Minty Spire (QoL Compilation)","Relic Stats","Replay The Spire","Spicy Shops","StSLib"],"gold_per_floor":[99,99,99,99,99,99,99,112,112,147,165,165,165,165],"floor_reached":12,"playtime":381,"items_purged":[],"score":74,"play_id":"544818ed-6cf8-4e5a-86f8-eba20cb73f28","local_time":"20201222163906","is_ascension_mode":false,"campfire_choices":[{"data":"champ:Execute","floor":1,"key":"SMITH"},{"data":"champ:Improvising","floor":6,"key":"SMITH"},{"data":"champ:Taunt","floor":9,"key":"SMITH"}],"circlet_count":0,"master_deck":["champ:Strike","champ:Strike","champ:Strike","champ:Defend","champ:Defend","champ:Defend","champ:Defend","champ:Execute+1","champ:Taunt+1","champ:GutPunch","champ:Haymaker","champ:Improvising+1","champ:FanOfKnives","champ:DeathBlow"],"relics":["champ:ChampionCrown","downfall:HeartsMalice","Replay:Wax Seal","infinitespire:PuzzleCube"],"acts_visited":["Exordium"],"potions_floor_usage":[],"damage_taken":[{"damage":0,"enemies":"Small Slimes","floor":3,"turns":1},{"damage":0,"enemies":"Cultist","floor":4,"turns":1},{"damage":0,"enemies":"conspire:RoseBush","floor":5,"turns":1},{"damage":30,"enemies":"Exordium Wildlife","floor":8,"turns":5},{"damage":37,"enemies":"3 Sentries","floor":10,"turns":6},{"damage":20,"enemies":"Large Slime","floor":11,"turns":3},{"damage":30,"enemies":"Gremlin Nob","floor":12,"turns":3}],"seed_played":"-1667988143808087603","potions_obtained":[{"floor":8,"key":"champ:CounterPotion"}],"is_trial":false,"path_per_floor":["R","?","M","M","M","R","T","M","R","E","M","E"],"character_chosen":"THE_CHAMP","items_purchased":[],"campfire_rested":0,"item_purchase_floors":[],"current_hp_per_floor":[90,90,90,90,90,90,90,70,70,41,26,0,0,0],"gold":165,"neow_bonus":"THREE_ENEMY_KILL","is_daily":false,"chose_seed":false,"campfire_upgraded":3,"win_rate":0.0,"timestamp":1608676746,"path_taken":["R","?","M","M","M","R","T","?","R","E","M","E"],"items_purchased_type":[],"build_version":"2020-12-13","purchased_purges":0,"victory":false,"max_hp_per_floor":[90,90,90,90,90,90,90,90,90,90,90,90,90,90],"relic_stats":{"counters":[7,17],"obtain_stats":[{"champ:ChampionCrown":0,"downfall:HeartsMalice":0,"Replay:Wax Seal":7,"infinitespire:PuzzleCube":10},{"champ:ChampionCrown":0,"downfall:HeartsMalice":0,"Replay:Wax Seal":3,"infinitespire:PuzzleCube":5},{"champ:ChampionCrown":0,"downfall:HeartsMalice":0,"Replay:Wax Seal":0,"infinitespire:PuzzleCube":11}]},"card_choices":[{"not_picked":["champ:StanceDance","champ:Circumvent"],"picked":"champ:GutPunch","floor":3},{"not_picked":["champ:Circumvent","champ:FocusedBerserking"],"picked":"champ:Haymaker","floor":4},{"not_picked":["champ:PreciseThrust","champ:Encircle"],"picked":"champ:Improvising","floor":5},{"not_picked":["champ:BerserkersShout","champ:Backstep"],"picked":"champ:FanOfKnives","floor":8},{"not_picked":["champ:RecklessLeap","champ:PerfectedStrike"],"picked":"champ:DeathBlow","floor":10},{"not_picked":["champ:Circumvent","champ:BladeFlurry","champ:Haymaker"],"picked":"SKIP","floor":11}],"player_experience":859608,"relics_obtained":[{"floor":7,"key":"Replay:Wax Seal"},{"floor":10,"key":"infinitespire:PuzzleCube"}],"event_choices":[{"cards_removed":["champ:Strike"],"damage_healed":0,"gold_gain":0,"player_choice":"Purged","damage_taken":0,"max_hp_gain":0,"max_hp_loss":0,"event_name":"Purifier","floor":2,"gold_loss":0}],"is_beta":false,"boss_relics":[],"items_purged_floors":[],"is_endless":false,"potions_floor_spawned":[8],"killed_by":"Gremlin Nob","ascension_level":0}}