{"host":"ci7ivtocgfxh0ueo","time":1608614328,"event":{"mods":["BaseMod","GifTheSpireLib","Minty Spire (QoL Compilation)","StSLib"],"gold_per_floor":[119,194,207,263,263,263,278,297,297,297,307,318,5,24,24,98,98,113,388,399,34,34,34,34,34,83,98,126,126,126,145,145,145,145],"floor_reached":33,"playtime":838,"items_purged":["Regret"],"score":475,"play_id":"68a3e33f-4910-42a2-ba9b-316a3f696e3c","local_time":"20201222131848","is_ascension_mode":true,"campfire_choices":[{"data":"Neutralize","floor":6,"key":"SMITH"},{"data":"All Out Attack","floor":10,"key":"SMITH"},{"floor":15,"key":"REST"},{"floor":23,"key":"REST"},{"data":"Venomology","floor":25,"key":"SMITH"},{"floor":30,"key":"REST"},{"data":"Noxious Fumes","floor":32,"key":"SMITH"}],"circlet_count":0,"master_deck":["AscendersBane","Strike_G","Strike_G","Strike_G","Strike_G","Strike_G","Defend_G","Defend_G","Defend_G","Defend_G","Defend_G","Survivor","Neutralize+1","Die Die Die","All Out Attack+1","Masterful Stab","Bouncing Flask","Noxious Fumes+1","Footwork","Escape Plan","Venomology+1","Glass Knife","Writhe","Crippling Poison","Setup+1","Leg Sweep"],"relics":["Ring of the Snake","TungstenRod","Membership Card","Strawberry","SacredBark","Gambling Chip","Bronze Scales","Darkstone Periapt","Unceasing Top","Pen Nib","Ancient Tea Set","The Courier"],"acts_visited":["Exordium","TheCity"],"potions_floor_usage":[11,16,16,18,27,27,28,28,31,31,33],"damage_taken":[{"damage":0,"enemies":"2 Louse","floor":1,"turns":2},{"damage":0,"enemies":"Small Slimes","floor":3,"turns":2},{"damage":7,"enemies":"Jaw Worm","floor":7,"turns":4},{"damage":13,"enemies":"Blue Slaver","floor":8,"turns":3},{"damage":14,"enemies":"Exordium Thugs","floor":11,"turns":5},{"damage":8,"enemies":"Large Slime","floor":12,"turns":5},{"damage":8,"enemies":"Red Slaver","floor":14,"turns":4},{"damage":8,"enemies":"The Guardian","floor":16,"turns":9},{"damage":16,"enemies":"Spheric Guardian","floor":18,"turns":8},{"damage":22,"enemies":"Chosen","floor":20,"turns":5},{"damage":14,"enemies":"Snake Plant","floor":27,"turns":3},{"damage":38,"enemies":"Book of Stabbing","floor":28,"turns":6},{"damage":0,"enemies":"Sentry and Sphere","floor":31,"turns":3},{"damage":79,"enemies":"Champ","floor":33,"turns":14}],"seed_played":"343182086734932866","potions_obtained":[{"floor":7,"key":"SteroidPotion"},{"floor":11,"key":"Ancient Potion"},{"floor":27,"key":"Weak Potion"},{"floor":28,"key":"Swift Potion"}],"is_trial":false,"path_per_floor":["M","?","M","?","?","R","M","M","T","R","M","M","$","M","R","B",null,"M","?","M","$","T","R","?","R","T","M","E","?","R","M","R","B"],"character_chosen":"THE_SILENT","items_purchased":["Membership Card","Strawberry","Footwork","SteroidPotion","DistilledChaos","Glass Knife","Gambling Chip","Bronze Scales"],"campfire_rested":3,"item_purchase_floors":[13,13,13,13,21,21,21,21],"current_hp_per_floor":[59,48,48,48,48,48,41,28,28,28,14,6,13,5,26,18,59,43,43,21,21,21,42,48,48,48,34,43,43,66,66,66,0,0],"gold":145,"neow_bonus":"ONE_RANDOM_RARE_CARD","is_daily":false,"chose_seed":false,"campfire_upgraded":4,"win_rate":0.0,"timestamp":1608614328,"path_taken":["M","?","M","?","?","R","M","?","T","R","M","M","$","M","R","BOSS","M","?","M","$","?","R","?","R","T","M","E","?","R","?","R","BOSS"],"items_purchased_type":["Relic","Relic","Card","Potion","Potion","Card","Relic","Relic"],"build_version":"2020-12-13","purchased_purges":1,"victory":false,"max_hp_per_floor":[66,66,66,66,66,66,66,66,66,66,66,66,73,73,73,73,73,73,73,73,73,73,73,79,79,79,79,79,79,79,79,79,79,79],"card_choices":[{"not_picked":["Acrobatics","Prepared"],"picked":"All Out Attack","floor":1},{"not_picked":["Prepared","Outmaneuver","Flying Knee"],"picked":"SKIP","floor":3},{"not_picked":["Underhanded Strike","Acrobatics"],"picked":"Masterful Stab","floor":7},{"not_picked":["Crippling Poison","Flying Knee"],"picked":"Bouncing Flask","floor":8},{"not_picked":["Cloak And Dagger","Accuracy"],"picked":"Noxious Fumes","floor":11},{"not_picked":["Acrobatics","Dodge and Roll"],"picked":"Underhanded Strike","floor":12},{"not_picked":["Leg Sweep","Poisoned Stab"],"picked":"Escape Plan","floor":14},{"not_picked":["After Image","Wraith Form v2"],"picked":"Venomology","floor":16},{"not_picked":["Expertise","Underhanded Strike","Riddle With Holes"],"picked":"SKIP","floor":18},{"not_picked":["Bane","Deadly Poison","Dodge and Roll"],"picked":"SKIP","floor":20},{"not_picked":["Blade Dance","Finisher"],"picked":"Crippling Poison","floor":27},{"not_picked":["Riddle With Holes","Predator"],"picked":"Setup+1","floor":28},{"not_picked":["Poisoned Stab","Bane+1"],"picked":"Leg Sweep","floor":31}],"player_experience":1276416,"relics_obtained":[{"floor":9,"key":"TungstenRod"},{"floor":22,"key":"Darkstone Periapt"},{"floor":26,"key":"Pen Nib"},{"floor":28,"key":"Ancient Tea Set"}],"event_choices":[{"damage_healed":0,"gold_gain":75,"player_choice":"Gather Gold","damage_taken":11,"max_hp_gain":0,"max_hp_loss":0,"event_name":"World of Goop","floor":2,"gold_loss":0},{"damage_healed":0,"gold_gain":56,"player_choice":"Gained Gold","damage_taken":0,"max_hp_gain":0,"max_hp_loss":0,"event_name":"Golden Wing","floor":4,"gold_loss":0},{"damage_healed":0,"gold_gain":0,"player_choice":"Ignored","damage_taken":0,"max_hp_gain":0,"max_hp_loss":0,"event_name":"Golden Idol","floor":5,"gold_loss":0},{"damage_healed":0,"gold_gain":275,"player_choice":"Desecrate","damage_taken":0,"max_hp_gain":0,"max_hp_loss":0,"event_name":"Golden Shrine","floor":19,"gold_loss":0,"cards_obtained":["Regret"]},{"damage_healed":0,"gold_gain":0,"player_choice":"Opened","damage_taken":0,"relics_obtained":["Unceasing Top"],"max_hp_gain":0,"max_hp_loss":0,"event_name":"The Mausoleum","floor":24,"gold_loss":0,"cards_obtained":["Writhe"]},{"cards_removed":["Underhanded Strike"],"damage_healed":0,"gold_gain":0,"player_choice":"Gave Card","damage_taken":0,"relics_obtained":["The Courier"],"max_hp_gain":0,"max_hp_loss":0,"event_name":"WeMeetAgain","floor":29,"gold_loss":0}],"is_beta":false,"boss_relics":[{"not_picked":["Cursed Key","Snecko Eye"],"picked":"SacredBark"}],"items_purged_floors":[21],"is_endless":false,"potions_floor_spawned":[7,11,14,27,28],"killed_by":"Champ","ascension_level":17}}