{"host":"y8hg8nbtd8qkv7tj","time":1608610387,"event":{"mods":["AchievementEnabler","Aspiration","BaseMod","BetterRewards","CapriCore","Colored Map","Downfall","Friendly Minions","GifTheSpireLib","GungeonMod","Hubris","Lobotomy","LobotomyExtend","Minty Spire (QoL Compilation)","Replay The Spire","StSLib","The Animator","The Bladedancer"],"gold_per_floor":[116,129,155,355,39,39,39,39,63,76,76,91,91,111,111,206,206,206,223,235,245,21,21,21,21,21,21,39,49,65,75,85,85,85,185,185,199,34,45,56,56,56,75,75,75,90,103,3,20,20,20,20],"floor_reached":53,"playtime":4458,"items_purged":["Guardian:ConstructionForm"],"score":530,"play_id":"2192a2f5-a072-4c0b-83a8-d2e9742804a1","local_time":"20201221231307","daily_mods":["Vintage","Heirloom","Time Dilation","Flight","DeadlyEvents","Elite Swarm"],"is_ascension_mode":false,"campfire_choices":[],"circlet_count":0,"master_deck":["CENSORED","BlueStar","BigBird","LongBird","Demon Form","Wraith Form v2","Echo Form+1","hexamod:ParanormalForm","sneckomod:SerpentMind","Slimebound:DuplicatedForm","DemoMod:GunslingerForm","SpecialBullet","SpecialBullet","SpecialBullet","SpecialBullet","SpecialBullet","SpecialBullet","SpecialBullet","SpecialBullet","ControlCode","TrainingCode","Horn","WristCuter","expansioncontent:Hexaburn+1","expansioncontent:Hexaburn+1","InformationCode","Pinks+1","VoidDream","BlackSwan","DisciplinaryCode","OSAHOGD","WhiteNight","ParadiseLost","DemoMod:Elimentaler","Horn","Spore+1","WristCuter","TT2Protocol","SummonCall"],"relics":["CogitoBucket","DemoMod:Orange","Blue Doll","LetterFromLob","War Paint","aspiration:HiddenCompartment","BargainBundle","Strawberry","hubris:OldNail","DemoMod:WhiteGuonStone","Tiny Chest","Velvet Choker","Heaven_r","Moonlight_r","TungstenRod","BackwardClock","Replay:Bottled Snecko","CaptainsWheel","DemoMod:MeatBun","Bronze Scales","Guardian:PocketSentry","DemoMod:MonsterBlood","AspirationHeart","hubris:GlazedTorus","Pet Ghost","DemoMod:RatBoots","DemoMod:ResourcefulSack","DemoMod:PartiallyEatenCheese","Replay:Grab Bag","hubris:VirtuousBlindfold","AtMidnight","DemoMod:MemoryAlloy","Replay:Wax Seal","Oddly Smooth Stone","hexamod:BolsterEngine","champ:DeflectingBracers","hubris:TenFootPole","ReplayTheSpireMod:Shallot","Calipers","aspiration:HummingbirdHeart","Logging_r","Counterbalance","MagicBullet_r","Moonlight_r","Justitia_r","Lamp_r","SoundOfStar_r","CENSORED_r"],"acts_visited":["Exordium","TheCity","DemoMod:Maze","TheBeyond"],"potions_floor_usage":[52],"damage_taken":[{"damage":15.0,"enemies":"Cultist","floor":1.0,"turns":4.0},{"damage":13.0,"enemies":"2 Louse","floor":2.0,"turns":2.0},{"damage":6.0,"enemies":"Small Slimes","floor":10.0,"turns":2.0},{"damage":6.0,"enemies":"Looter","floor":12.0,"turns":1.0},{"damage":0.0,"enemies":"Lots of Slimes","floor":14.0,"turns":2.0},{"damage":6.0,"enemies":"Slime Boss","floor":16.0,"turns":3.0},{"damage":0.0,"enemies":"Spheric Guardian","floor":18.0,"turns":2.0},{"damage":14.0,"enemies":"Spheric Guardian","floor":19.0,"turns":2.0},{"damage":6.0,"enemies":"2 Thieves","floor":20.0,"turns":2.0},{"damage":23.0,"enemies":"Shelled Parasite and Fungi","floor":21.0,"turns":2.0},{"damage":3.0,"enemies":"DemoMod:Red_and_blue_shotgun_kin","floor":28.0,"turns":2.0},{"damage":18.0,"enemies":"DemoMod:Veteran_shot_gun_kin_and_red_shotgun_kin","floor":29.0,"turns":1.0},{"damage":29.0,"enemies":"DemoMod:Veteran_shot_gun_kin_and_red_shotgun_kin_with_gunsinger","floor":30.0,"turns":3.0},{"damage":4.0,"enemies":"DemoMod:2_Mousers","floor":31.0,"turns":3.0},{"damage":0.0,"enemies":"DemoMod:Red_and_blue_shotgun_kin_with_gunsinger","floor":32.0,"turns":1.0},{"damage":32.0,"enemies":"DemoMod:ResourcefulRat","floor":35.0,"turns":7.0},{"damage":0.0,"enemies":"Orb Walker","floor":37.0,"turns":2.0},{"damage":3,"enemies":"3 Darklings","floor":39,"turns":3},{"damage":14,"enemies":"Maw","floor":40,"turns":4},{"damage":24,"enemies":"Writhing Mass","floor":43,"turns":3},{"damage":0,"enemies":"Jaw Worm Horde","floor":46,"turns":1},{"damage":3,"enemies":"Spire Growth","floor":47,"turns":3},{"damage":0,"enemies":"4 Shapes","floor":49,"turns":3},{"damage":42,"enemies":"Replay:Hell Engine","floor":52,"turns":7},{"damage":0,"enemies":"Malkuth","floor":53,"turns":3},{"damage":7,"enemies":"Netzach","floor":53,"turns":3}],"seed_played":"590119955359729069","potions_obtained":[{"floor":16.0,"key":"DemoMod:LeadSkinPotion"}],"is_trial":true,"path_per_floor":["M","M","T","?","$","R","R","R","T","M","R","M","R","M","R","B",null,"M","M","M","M","$","R","R","R","T","R","M","M","M","M","M","R","B","B",null,"M","$","M","M","T","R","M","R","T","M","M","NS","M","?","R_BF","B",null],"character_chosen":"Angela","items_purchased":["DemoMod:GnawedKey","BargainBundle","RedEyes+1","WristCuter","expansioncontent:Hexaburn","BlessingOfTheForge","FearPotion","SpeedPotion","DemoMod:MeatBun","ColorlessPotion","CherryBlossom+1","Replay:Wax Seal","Spore","WristCuter"],"campfire_rested":0,"item_purchase_floors":[5,5,5,5,5,5,5,5,22,22,22,38,38,38],"current_hp_per_floor":[75,70,70,50,50,50,50,50,57,59,59,65,65,73,73,75,93,57,61,73,58,72,72,72,72,101,101,101,101,108,122,126,126,102,116,116,126,126,126,126,126,126,118,118,118,131,138,138,142,142,53,123],"gold":20,"neow_bonus":"","is_daily":false,"chose_seed":false,"campfire_upgraded":0,"win_rate":0.0,"timestamp":1608610387,"path_taken":["M","M","?","?","$","R","R","R","T","?","R","M","R","M","R","BOSS","M","M","M","M","$","R","R","R","T","R","M","M","M","M","M","R","BOSS","BOSS","M","$","M","?","?","R","M","R","T","M","M","NS","M","?","R_BF","BOSS"],"items_purchased_type":["Relic","Relic","Card","Card","Card","Potion","Potion","Potion","Relic","Potion","Card","Relic","Card","Card"],"build_version":"2020-12-13","purchased_purges":1,"victory":true,"max_hp_per_floor":[82,82,82,82,82,82,82,82,89,89,89,93,93,93,93,93,93,93,97,101,101,101,101,101,101,101,101,101,101,122,122,126,126,126,126,126,126,126,126,130,130,130,134,134,134,138,142,142,146,146,146,146],"card_choices":[{"not_picked":["Loneliness"],"picked":"Horn","floor":4.0},{"not_picked":["Bloodbath","SpiderBud"],"picked":"BlueStar","floor":10.0},{"not_picked":["Bloodbath","FairyFestival"],"picked":"QueenOfHatred","floor":12.0},{"not_picked":["Justitia"],"picked":"Pinks","floor":16.0},{"not_picked":["FairyFestival","Porccubus"],"picked":"VoidDream","floor":19.0},{"not_picked":["PunishingBird","Scorched"],"picked":"BlackSwan","floor":20.0},{"not_picked":["MeatLantern","CherryBlossoms"],"picked":"OSAHOGD","floor":30.0},{"not_picked":["Scarecrow","MHz"],"picked":"WhiteNight","floor":32.0},{"not_picked":["GoldRush"],"picked":"ParadiseLost","floor":35.0},{"not_picked":[],"picked":"DemoMod:Elimentaler","floor":35.0},{"not_picked":["SomewhereSpear+1"],"picked":"Horn","floor":36.0},{"not_picked":["NakedNest","WallGazer"],"picked":"Woodsman","floor":40},{"not_picked":["MeltingLove","GreedKing"],"picked":"BodiesMountain","floor":43},{"not_picked":["SnowQueen","ShyLook"],"picked":"CENSORED","floor":46},{"not_picked":["DreamingCurrent","QueenBee"],"picked":"BigBird","floor":47},{"not_picked":["GreedKing","WhitesApple"],"picked":"LongBird","floor":49}],"player_experience":77974,"relics_obtained":[{"floor":1.0,"key":"Blue Doll"},{"floor":1.0,"key":"LetterFromLob"},{"floor":2.0,"key":"War Paint"},{"floor":3.0,"key":"aspiration:HiddenCompartment"},{"floor":9.0,"key":"Strawberry"},{"floor":10.0,"key":"hubris:OldNail"},{"floor":12.0,"key":"DemoMod:WhiteGuonStone"},{"floor":14.0,"key":"Tiny Chest"},{"floor":19.0,"key":"TungstenRod"},{"floor":20.0,"key":"Replay:Bottled Snecko"},{"floor":21.0,"key":"CaptainsWheel"},{"floor":28.0,"key":"Bronze Scales"},{"floor":29.0,"key":"Guardian:PocketSentry"},{"floor":30.0,"key":"DemoMod:MonsterBlood"},{"floor":31.0,"key":"hubris:GlazedTorus"},{"floor":32.0,"key":"Pet Ghost"},{"floor":36.0,"key":"DemoMod:RatBoots"},{"floor":36.0,"key":"DemoMod:ResourcefulSack"},{"floor":36.0,"key":"DemoMod:PartiallyEatenCheese"},{"floor":36.0,"key":"Replay:Grab Bag"},{"floor":36.0,"key":"hubris:VirtuousBlindfold"},{"floor":37,"key":"AtMidnight"},{"floor":37,"key":"DemoMod:MemoryAlloy"},{"floor":39,"key":"Oddly Smooth Stone"},{"floor":40,"key":"hexamod:BolsterEngine"},{"floor":41,"key":"champ:DeflectingBracers"},{"floor":43,"key":"hubris:TenFootPole"},{"floor":45,"key":"ReplayTheSpireMod:Shallot"},{"floor":46,"key":"Calipers"},{"floor":47,"key":"aspiration:HummingbirdHeart"},{"floor":49,"key":"Counterbalance"}],"event_choices":[],"is_beta":false,"boss_relics":[{"not_picked":["Astrolabe","hubris:CrackedHourglass"],"picked":"Velvet Choker"},{"not_picked":[]}],"items_purged_floors":[5],"is_endless":false,"potions_floor_spawned":[16],"ascension_level":0}}