{"host":"cv6i479uilws7tk5","time":1608660524,"event":{"mods":["BaseMod","Better Altar","Better Match","Better Note","Better Sensory Stone","Better Skull","Better Third Choice","Energized Spire","Highlight Path","Minty Spire (QoL Compilation)","Rare Cards Sparkle","Relic Stats","StSLib"],"gold_per_floor":[109,124,138,138,15,46,46,61,110,110,120,120,120,120,120,219,219,229,229,36,36,36,36,6,23,23,23,56,66,96,46,46,46,46],"floor_reached":33,"playtime":1167,"items_purged":["Regret","Shame"],"score":351,"play_id":"6b9848a1-03f8-43cc-b94b-05efe8621993","local_time":"20201222110844","is_ascension_mode":true,"campfire_choices":[{"data":"Disarm","floor":7,"key":"SMITH"},{"data":"Body Slam","floor":12,"key":"SMITH"},{"data":"Clothesline","floor":15,"key":"SMITH"},{"data":"Juggernaut","floor":23,"key":"SMITH"},{"data":"Sentinel","floor":27,"key":"SMITH"},{"floor":32,"key":"REST"}],"circlet_count":0,"master_deck":["Strike_R","Strike_R","Strike_R","Defend_R","Defend_R","Defend_R","Defend_R","Bash","Thunderclap","Clothesline+1","Disarm+1","Whirlwind","Body Slam+1","Juggernaut+1","Sentinel+1","Shrug It Off","Writhe","Metallicize"],"relics":["Burning Blood","Kunai","Oddly Smooth Stone","Centennial Puzzle","energizedSpire:RedRose","Lee\u0027s Waffle","Smiling Mask","The Courier","Letter Opener","Bronze Scales","Red Skull"],"acts_visited":["Exordium","TheCity"],"potions_floor_usage":[16,18,28,28,33,33,33],"damage_taken":[{"damage":6,"enemies":"Cultist","floor":1,"turns":4},{"damage":9,"enemies":"Jaw Worm","floor":2,"turns":3},{"damage":5,"enemies":"Small Slimes","floor":3,"turns":3},{"damage":28,"enemies":"Gremlin Nob","floor":6,"turns":5},{"damage":7,"enemies":"Red Slaver","floor":8,"turns":4},{"damage":9,"enemies":"2 Fungi Beasts","floor":11,"turns":3},{"damage":24,"enemies":"Hexaghost","floor":16,"turns":13},{"damage":24,"enemies":"3 Byrds","floor":18,"turns":5},{"damage":14,"enemies":"Shell Parasite","floor":25,"turns":7},{"damage":44,"enemies":"Slavers","floor":28,"turns":4},{"damage":9,"enemies":"Shelled Parasite and Fungi","floor":29,"turns":4},{"damage":16,"enemies":"Book of Stabbing","floor":30,"turns":6},{"damage":57,"enemies":"Collector","floor":33,"turns":7}],"seed_played":"6322142250555596459","potions_obtained":[{"floor":3,"key":"Fire Potion"},{"floor":8,"key":"LiquidBronze"},{"floor":11,"key":"DuplicationPotion"},{"floor":16,"key":"DuplicationPotion"},{"floor":25,"key":"Energy Potion"},{"floor":29,"key":"Explosive Potion"},{"floor":30,"key":"SkillPotion"}],"is_trial":false,"path_per_floor":["M","M","M","?","$","E","R","M","T","?","M","R","$","?","R","B",null,"M","?","$","?","?","R","$","M","T","R","E","M","E","$","R","B"],"character_chosen":"IRONCLAD","items_purchased":["Dexterity Potion","Lee\u0027s Waffle","Shrug It Off","Metallicize"],"campfire_rested":1,"item_purchase_floors":[5,20,20,24],"current_hp_per_floor":[80,77,78,78,78,56,56,55,55,59,56,56,56,56,56,38,70,52,52,87,87,87,87,87,79,79,79,41,38,28,28,54,0,0],"gold":46,"neow_bonus":"THREE_CARDS","is_daily":false,"chose_seed":false,"campfire_upgraded":5,"win_rate":0.0,"timestamp":1608660524,"path_taken":["M","?","M","?","$","E","R","M","T","?","?","R","$","?","R","BOSS","M","?","?","?","?","R","?","?","T","R","E","M","E","$","R","BOSS"],"items_purchased_type":["Potion","Relic","Card","Card"],"build_version":"2020-12-13","purchased_purges":2,"victory":false,"max_hp_per_floor":[80,80,80,80,80,80,80,80,80,80,80,80,80,80,80,80,80,80,80,87,87,87,87,87,87,87,87,87,87,87,87,87,87,87],"relic_stats":{"Centennial Puzzle":[24],"Lee\u0027s Waffle":35,"counters":[13,68],"Bronze Scales":[83],"Kunai":[11],"Letter Opener":[79],"Smiling Mask":30,"obtain_stats":[{"energizedSpire:RedRose":17,"Centennial Puzzle":9,"Lee\u0027s Waffle":20,"Bronze Scales":28,"Oddly Smooth Stone":6,"The Courier":22,"Kunai":4,"Letter Opener":26,"Smiling Mask":21,"Burning Blood":0,"Red Skull":30},{"energizedSpire:RedRose":7,"Centennial Puzzle":5,"Lee\u0027s Waffle":8,"Bronze Scales":10,"Oddly Smooth Stone":4,"The Courier":8,"Kunai":3,"Letter Opener":9,"Smiling Mask":8,"Burning Blood":0,"Red Skull":12},{"energizedSpire:RedRose":35,"Centennial Puzzle":19,"Lee\u0027s Waffle":40,"Bronze Scales":51,"Oddly Smooth Stone":15,"The Courier":40,"Kunai":10,"Letter Opener":47,"Smiling Mask":40,"Burning Blood":0,"Red Skull":61}],"Burning Blood":72},"card_choices":[{"not_picked":["Infernal Blade","Flex"],"picked":"Thunderclap","floor":0},{"not_picked":["Anger","Headbutt"],"picked":"Clothesline","floor":1},{"not_picked":["Shockwave","Evolve"],"picked":"Disarm","floor":2},{"not_picked":["Battle Trance","Wild Strike"],"picked":"Whirlwind","floor":3},{"not_picked":["Searing Blow","Reckless Charge","Evolve"],"picked":"SKIP","floor":6},{"not_picked":["Infernal Blade","Thunderclap","Clash"],"picked":"SKIP","floor":8},{"not_picked":["Feel No Pain","Heavy Blade"],"picked":"Body Slam","floor":11},{"not_picked":["Reaper","Demon Form"],"picked":"Juggernaut","floor":16},{"not_picked":["Wild Strike","Flex"],"picked":"Sentinel","floor":18},{"not_picked":["Second Wind","Bloodletting+1","Sword Boomerang+1"],"picked":"SKIP","floor":25},{"not_picked":["Searing Blow","Fire Breathing","Cleave"],"picked":"SKIP","floor":28},{"not_picked":["Flex+1","Clash+1","Carnage"],"picked":"SKIP","floor":29},{"not_picked":["Cleave","Exhume","Pommel Strike"],"picked":"SKIP","floor":30}],"player_experience":326864,"relics_obtained":[{"floor":6,"key":"Oddly Smooth Stone"},{"floor":9,"key":"Centennial Puzzle"},{"floor":26,"key":"Letter Opener"},{"floor":28,"key":"Bronze Scales"},{"floor":30,"key":"Red Skull"}],"event_choices":[{"damage_healed":0,"gold_gain":0,"player_choice":"Box","damage_taken":0,"relics_obtained":["Kunai"],"max_hp_gain":0,"max_hp_loss":0,"event_name":"Big Fish","floor":4,"gold_loss":0,"cards_obtained":["Regret"]},{"damage_healed":4,"gold_gain":0,"player_choice":"LEAVE ","damage_taken":0,"relics_obtained":[],"max_hp_gain":0,"max_hp_loss":0,"event_name":"betterSkull:BetterSkull","floor":10,"gold_loss":0,"cards_upgraded":[]},{"cards_removed":["Strike_R"],"damage_healed":0,"gold_gain":0,"player_choice":"Card Removal","damage_taken":0,"max_hp_gain":0,"max_hp_loss":0,"event_name":"Wheel of Change","floor":14,"gold_loss":0},{"cards_removed":["Strike_R"],"damage_healed":0,"gold_gain":0,"player_choice":"Purged","damage_taken":0,"max_hp_gain":0,"max_hp_loss":0,"event_name":"Purifier","floor":19,"gold_loss":0},{"damage_healed":0,"gold_gain":0,"player_choice":"Stole Relic","damage_taken":0,"relics_obtained":["Smiling Mask"],"max_hp_gain":0,"max_hp_loss":0,"event_name":"Addict","floor":21,"gold_loss":0,"cards_obtained":["Shame"]},{"damage_healed":0,"gold_gain":0,"player_choice":"Opened","damage_taken":0,"relics_obtained":["The Courier"],"max_hp_gain":0,"max_hp_loss":0,"event_name":"The Mausoleum","floor":22,"gold_loss":0,"cards_obtained":["Writhe"]}],"is_beta":false,"boss_relics":[{"not_picked":["Philosopher\u0027s Stone","Runic Dome"],"picked":"energizedSpire:RedRose"}],"items_purged_floors":[5,31],"is_endless":false,"potions_floor_spawned":[3,8,11,16,25,29,30],"killed_by":"Collector","ascension_level":5}}