{"host":"1mv6gj0zv8k9e9tz","time":1608625566,"event":{"mods":["AchievementEnabler","BaseMod","Better Third Choice","Colored Map","KOR Keyword Fix","Minty Spire (QoL Compilation)","Permanent Neow","Rare Cards Sparkle","StSLib"],"gold_per_floor":[114,128,145,70,20,33,61,61,61,61,75,75,75,94,94,94,94],"floor_reached":16,"playtime":547,"items_purged":["Strike_B"],"score":143,"play_id":"179e94a3-ab2f-4c36-ad3c-19c8b5ecd421","local_time":"20201222172606","is_ascension_mode":true,"campfire_choices":[{"data":"Zap","floor":8.0,"key":"SMITH"},{"data":"Dualcast","floor":12.0,"key":"SMITH"},{"data":"Gash","floor":15.0,"key":"SMITH"}],"circlet_count":0,"master_deck":["Strike_B","Strike_B","Defend_B","Defend_B","Zap+1","Dualcast+1","Hologram","Gash+1","Steam","Rebound","Redo+1","Leap+1"],"relics":["Cracked Core","Pear","Toxic Egg 2"],"acts_visited":["Exordium"],"potions_floor_usage":[16],"damage_taken":[{"damage":12.0,"enemies":"Small Slimes","floor":1.0,"turns":3.0},{"damage":0.0,"enemies":"2 Louse","floor":2.0,"turns":2.0},{"damage":2.0,"enemies":"Jaw Worm","floor":3.0,"turns":3.0},{"damage":0.0,"enemies":"Blue Slaver","floor":6.0,"turns":3.0},{"damage":19.0,"enemies":"Lagavulin","floor":7.0,"turns":7.0},{"damage":0.0,"enemies":"Large Slime","floor":11.0,"turns":5.0},{"damage":0.0,"enemies":"Looter","floor":14.0,"turns":2.0},{"damage":42,"enemies":"Slime Boss","floor":16,"turns":5}],"seed_played":"-7741119179248265175","potions_obtained":[{"floor":3.0,"key":"CultistPotion"},{"floor":11.0,"key":"Weak Potion"}],"is_trial":false,"path_per_floor":["M","M","M","$","?","M","E","R","T","?","M","R","?","M","R","B"],"character_chosen":"DEFECT","items_purchased":[],"campfire_rested":0,"item_purchase_floors":[],"current_hp_per_floor":[56,56,54,54,54,54,45,45,45,38,38,38,38,38,38,0,0],"gold":94,"neow_bonus":"REMOVE_CARD","is_daily":false,"chose_seed":false,"campfire_upgraded":3,"win_rate":0.0,"timestamp":1608625566,"path_taken":["M","M","M","$","?","M","E","R","T","?","M","R","?","M","R","BOSS"],"items_purchased_type":[],"build_version":"2020-12-13","purchased_purges":1,"victory":false,"max_hp_per_floor":[75,75,75,75,75,75,85,85,85,85,85,85,85,85,85,85,85],"card_choices":[{"not_picked":["Redo","Heatsinks"],"picked":"Hologram","floor":1.0},{"not_picked":["Chill","Leap"],"picked":"Gash","floor":2.0},{"not_picked":["Cold Snap","Turbo"],"picked":"Steam","floor":3.0},{"not_picked":["Cold Snap","Steam Power"],"picked":"Rebound","floor":6.0},{"not_picked":["Hello World","Redo","Cold Snap"],"picked":"SKIP","floor":7.0},{"not_picked":["Steam+1","Scrape"],"picked":"Redo+1","floor":11.0},{"not_picked":["Multi-Cast+1","Ball Lightning"],"picked":"Leap+1","floor":14.0}],"player_experience":481080,"relics_obtained":[{"floor":7.0,"key":"Pear"},{"floor":9.0,"key":"Toxic Egg 2"}],"event_choices":[{"cards_removed":["Defend_B"],"damage_healed":0.0,"max_hp_gain":0.0,"max_hp_loss":0.0,"gold_gain":0.0,"event_name":"The Cleric","player_choice":"Card Removal","floor":5.0,"gold_loss":50.0,"damage_taken":0.0},{"cards_removed":["Strike_B"],"damage_healed":0.0,"max_hp_gain":0.0,"max_hp_loss":0.0,"gold_gain":0.0,"event_name":"Golden Wing","player_choice":"Card Removal","floor":10.0,"gold_loss":0.0,"damage_taken":7.0},{"damage_healed":0.0,"max_hp_gain":0.0,"max_hp_loss":0.0,"gold_gain":0.0,"event_name":"betterThird:BetterSerpent","player_choice":"Ignored","floor":13.0,"gold_loss":0.0,"damage_taken":75.0}],"is_beta":false,"boss_relics":[],"items_purged_floors":[4],"is_endless":false,"potions_floor_spawned":[3,11],"killed_by":"Slime Boss","ascension_level":8}}