{"host":"mll5wdr2ir0q8rma","time":1608657521,"event":{"mods":["AchievementEnabler","BaseMod","Colored Map","DeckTracker","Highlight Path","Minty Spire (QoL Compilation)","Random Character Button","Rare Cards Sparkle","StSLib"],"gold_per_floor":[114,114,39,39,54,54,69,99,99,114,129,129,129,144,144,244,244,259,259,259,259,274,304,304,319,369,384,414,414,414,429,429,529,529,544,644,644,644],"floor_reached":37,"playtime":2192,"items_purged":["Regret"],"score":409,"play_id":"05fcde8b-ffd2-45c5-bf56-b01fb4935bc2","local_time":"20201222181841","daily_mods":["Allstar","Diverse","DeadlyEvents"],"is_ascension_mode":false,"campfire_choices":[{"data":"Double Energy","floor":6.0,"key":"SMITH"},{"floor":13,"key":"REST"},{"data":"Creative AI","floor":15,"key":"SMITH"},{"data":"Echo Form","floor":24,"key":"SMITH"},{"floor":29,"key":"REST"},{"floor":32,"key":"REST"}],"circlet_count":0,"master_deck":["Strike_B+1","Strike_B+1","Strike_B+1","Strike_B+1","Defend_B+1","Defend_B+1","Defend_B+1","Defend_B+1","Zap","Dualcast","Chrysalis","Enlightenment","Good Instincts","The Bomb","Thinking Ahead","BootSequence","Reinforced Body","Double Energy+1","Consecrate","Conserve Battery","Acrobatics","Creative AI+1","Lockon","Echo Form+1","Anger+1","Anger+1","Conserve Battery+1","Ball Lightning+1","Self Repair","MasterReality"],"relics":["Cracked Core","Unceasing Top","Ginger","Letter Opener","Cursed Key","Strawberry","Ancient Tea Set","Centennial Puzzle","Sundial","Empty Cage"],"acts_visited":["Exordium","TheCity","TheBeyond"],"potions_floor_usage":[16,16,23,27,33,33,33],"damage_taken":[{"damage":1.0,"enemies":"Jaw Worm","floor":1.0,"turns":4.0},{"damage":0.0,"enemies":"2 Louse","floor":5.0,"turns":3.0},{"damage":0.0,"enemies":"Cultist","floor":7.0,"turns":4.0},{"damage":25.0,"enemies":"Lagavulin","floor":8.0,"turns":7.0},{"damage":0,"enemies":"2 Fungi Beasts","floor":10,"turns":2},{"damage":0,"enemies":"3 Louse","floor":11,"turns":1},{"damage":0,"enemies":"Looter","floor":14,"turns":4},{"damage":19,"enemies":"Slime Boss","floor":16,"turns":5},{"damage":15,"enemies":"2 Thieves","floor":18,"turns":3},{"damage":2,"enemies":"Shell Parasite","floor":22,"turns":3},{"damage":2,"enemies":"Book of Stabbing","floor":23,"turns":3},{"damage":0,"enemies":"Snake Plant","floor":25,"turns":3},{"damage":1,"enemies":"Chosen and Byrds","floor":27,"turns":6},{"damage":36,"enemies":"Slavers","floor":28,"turns":3},{"damage":0,"enemies":"Centurion and Healer","floor":31,"turns":3},{"damage":53,"enemies":"Automaton","floor":33,"turns":8},{"damage":14,"enemies":"3 Darklings","floor":35,"turns":9},{"damage":76,"enemies":"Reptomancer","floor":37,"turns":4}],"seed_played":"-7682526130134428503","potions_obtained":[{"floor":5.0,"key":"SteroidPotion"},{"floor":7.0,"key":"Block Potion"},{"floor":10,"key":"EssenceOfSteel"},{"floor":14,"key":"LiquidBronze"},{"floor":18,"key":"FearPotion"},{"floor":25,"key":"PowerPotion"},{"floor":28,"key":"Weak Potion"},{"floor":31,"key":"FocusPotion"}],"is_trial":false,"path_per_floor":["M","?","$","?","M","R","M","E","T","M","M","$","R","M","R","B",null,"M","$","?","?","M","E","R","M","T","M","E","R","T","M","R","B",null,"M","?","E"],"character_chosen":"DEFECT","items_purchased":[],"campfire_rested":3,"item_purchase_floors":[],"current_hp_per_floor":[74,74,74,74,74,74,74,49,49,49,49,49,71,71,71,52,75,60,60,60,60,58,63,63,63,63,62,26,50,50,57,81,35,82,75,75,0,0],"gold":644,"neow_bonus":"","is_daily":true,"chose_seed":false,"campfire_upgraded":3,"win_rate":0.0,"timestamp":1608657521,"path_taken":["M","?","$","?","M","R","M","?","T","M","M","$","R","M","R","BOSS","M","$","?","?","M","E","R","?","T","M","E","R","?","M","R","BOSS","M","?","?"],"items_purchased_type":[],"build_version":"2020-12-13","purchased_purges":1,"victory":false,"max_hp_per_floor":[75,75,75,75,75,75,75,75,75,75,75,75,75,75,75,75,75,75,75,75,75,75,82,82,82,82,82,82,82,82,82,82,82,82,82,82,82,82],"card_choices":[{"not_picked":["Shrug It Off","Skewer"],"picked":"BootSequence","floor":1.0},{"not_picked":["Sucker Punch","Shrug It Off"],"picked":"Double Energy","floor":5.0},{"not_picked":["Collect","Cloak And Dagger"],"picked":"Consecrate","floor":7.0},{"not_picked":["Fiend Fire","EmptyFist"],"picked":"Conserve Battery","floor":8.0},{"not_picked":["EmptyFist","Adaptation"],"picked":"Acrobatics","floor":10},{"not_picked":["Bane","Redo"],"picked":"Creative AI","floor":11},{"not_picked":["Poisoned Stab","WindmillStrike"],"picked":"Lockon","floor":14},{"not_picked":["Die Die Die","Malaise"],"picked":"Echo Form","floor":16},{"not_picked":["Capacitor","Barrage"],"picked":"Anger+1","floor":18},{"not_picked":["Swivel","Clothesline"],"picked":"Anger+1","floor":22},{"not_picked":["Dual Wield","BowlingBash+1"],"picked":"Conserve Battery+1","floor":23},{"not_picked":["Cleave+1","Flame Barrier"],"picked":"Ball Lightning+1","floor":25},{"not_picked":["Clash+1","Flying Knee","Cold Snap"],"picked":"SKIP","floor":27},{"not_picked":["Pummel","MentalFortress"],"picked":"Self Repair","floor":28},{"not_picked":["Sentinel+1","Rebound","Combust"],"picked":"SKIP","floor":31},{"not_picked":["Berserk","Storm of Steel"],"picked":"MasterReality","floor":33},{"not_picked":["Ball Lightning","Study","PiercingWail+1"],"picked":"SKIP","floor":35}],"player_experience":282430,"relics_obtained":[{"floor":8.0,"key":"Ginger"},{"floor":9.0,"key":"Letter Opener"},{"floor":23,"key":"Strawberry"},{"floor":26,"key":"Ancient Tea Set"},{"floor":28,"key":"Centennial Puzzle"},{"floor":30,"key":"Sundial"}],"event_choices":[{"damage_healed":0.0,"max_hp_gain":0.0,"max_hp_loss":0.0,"gold_gain":0.0,"event_name":"Big Fish","player_choice":"Box","floor":2.0,"gold_loss":0.0,"damage_taken":0.0,"relics_obtained":["Unceasing Top"],"cards_obtained":["Regret"]},{"damage_healed":0.0,"max_hp_gain":0.0,"max_hp_loss":0.0,"gold_gain":0.0,"event_name":"Match and Keep!","player_choice":"1 cards matched","floor":4.0,"gold_loss":0.0,"damage_taken":0.0,"cards_obtained":["Reinforced Body"]},{"damage_healed":0,"gold_gain":0,"player_choice":"Ignored","damage_taken":0,"max_hp_gain":0,"max_hp_loss":0,"event_name":"Beggar","floor":20,"gold_loss":0},{"damage_healed":0,"gold_gain":0,"player_choice":"Simplicity","damage_taken":0,"max_hp_gain":0,"max_hp_loss":0,"event_name":"Back to Basics","floor":21,"gold_loss":0,"cards_upgraded":["Strike_B","Strike_B","Strike_B","Strike_B","Defend_B","Defend_B","Defend_B","Defend_B"]},{"damage_healed":0,"gold_gain":100,"player_choice":"Pray","damage_taken":0,"max_hp_gain":0,"max_hp_loss":0,"event_name":"Golden Shrine","floor":36,"gold_loss":0}],"is_beta":false,"boss_relics":[{"not_picked":["Black Star","Inserter"],"picked":"Cursed Key"},{"not_picked":["Snecko Eye","Fusion Hammer"],"picked":"Empty Cage"}],"items_purged_floors":[3],"is_endless":false,"potions_floor_spawned":[5,7,10,14,18,25,28,31],"killed_by":"Reptomancer","ascension_level":0}}