{"host":"6h0diz2ap0m56grs","time":1608667452,"event":{"mods":["2.2 Compatiblity","BaseMod","Colored Map","Marisa????????","Minty Spire (QoL Compilation)","Quick Restart","Replay The Spire","Shop Mod","StSLib","The Servant 0.9.4"],"gold_per_floor":[117,127,127,127,141,175,175,201,228,254,204,204,231,33,33,33,33],"floor_reached":16,"playtime":410,"items_purged":[],"score":237,"play_id":"227e3708-ab62-41e0-900e-76be0fed9fb5","local_time":"20201222140412","daily_mods":["SealedDeck","Heirloom","Time Dilation","Flight"],"is_ascension_mode":true,"campfire_choices":[{"data":"Draining Mist","floor":7,"key":"SMITH"},{"data":"Replay:Poison Smokescreen","floor":15,"key":"SMITH"}],"circlet_count":0,"master_deck":["Dodge and Roll+1","Dodge and Roll+1","Dodge and Roll","Underhanded Strike+1","Toxin Wave+1","Underhanded Strike","Dash","Noxious Fumes","Draining Mist+1","Replay:Poison Smokescreen+1","Bane","Noxious Fumes","Poisoned Stab","Replay:Poison Smokescreen","Underhanded Strike"],"relics":["Snecko Eye","Ring of Chaos","replay:Trail_Library","Turnip","Golden Egg","Lantern","Akabeko","War Paint","MerchantsRug","ReplayFunnel"],"acts_visited":["Exordium"],"potions_floor_usage":[],"damage_taken":[{"damage":0,"enemies":"Cultist","floor":1,"turns":2},{"damage":0,"enemies":"Jaw Worm","floor":2,"turns":1},{"damage":0,"enemies":"2 Louse","floor":5,"turns":2},{"damage":0,"enemies":"3 Sentries","floor":6,"turns":4},{"damage":0,"enemies":"Gremlin Nob","floor":8,"turns":1},{"damage":0,"enemies":"Lagavulin","floor":10,"turns":4},{"damage":0,"enemies":"Replay:BlueRogue","floor":13,"turns":2},{"damage":0,"enemies":"Fading Forest","floor":16,"turns":3}],"seed_played":"-2159024532902468884","potions_obtained":[{"floor":5,"key":"Venom Potion"},{"floor":6,"key":"PowerPotion"},{"floor":8,"key":"Flashbang"}],"is_trial":true,"path_per_floor":["M","M","?","T","M","E","R","E","T","E","?","?","E","$","R","B"],"character_chosen":"THE_SILENT","items_purchased":["MerchantsRug","ReplayFunnel"],"campfire_rested":0,"item_purchase_floors":[14,14],"current_hp_per_floor":[70,70,56,56,56,56,56,58,58,58,58,63,65,65,65,65,65],"gold":33,"neow_bonus":"","is_daily":false,"chose_seed":false,"campfire_upgraded":2,"win_rate":0.0,"timestamp":1608667452,"path_taken":["M","M","?","?","?","E","R","E","T","E","?","?","E","$","R","BOSS"],"items_purchased_type":["Relic","Relic"],"build_version":"2020-12-13","purchased_purges":0,"victory":false,"max_hp_per_floor":[70,70,70,70,70,70,70,70,70,70,70,75,75,75,75,75,75],"card_choices":[{"not_picked":["Toxin Wave","Dodge and Roll"],"picked":"Bane","floor":1},{"not_picked":["Finisher","Sucker Punch"],"picked":"Noxious Fumes","floor":2},{"not_picked":["Dagger Throw","Cloak And Dagger","Backflip"],"picked":"SKIP","floor":5},{"not_picked":["ReplayTheSpireMod:Necrosis","Replay:Poison Smokescreen"],"picked":"Poisoned Stab","floor":6},{"not_picked":["Blade Dance","Prepared","Dagger Spray"],"picked":"SKIP","floor":8},{"not_picked":["Backflip","Dagger Throw","Skewer"],"picked":"SKIP","floor":10},{"not_picked":["Acrobatics","Poisoned Stab","Finisher"],"picked":"SKIP","floor":13}],"player_experience":131678,"relics_obtained":[{"floor":4,"key":"Golden Egg"},{"floor":6,"key":"Snack Pack"},{"floor":8,"key":"Regal Pillow"},{"floor":9,"key":"Lantern"},{"floor":10,"key":"Akabeko"},{"floor":13,"key":"War Paint"}],"event_choices":[{"damage_healed":0,"gold_gain":0,"player_choice":"Entered Light","damage_taken":14,"max_hp_gain":0,"max_hp_loss":0,"event_name":"Shining Light","floor":3,"gold_loss":0,"cards_upgraded":["Dodge and Roll","Underhanded Strike"]},{"cards_removed":["Footwork"],"damage_healed":0,"gold_gain":0,"player_choice":"Card Removal","damage_taken":0,"max_hp_gain":0,"max_hp_loss":0,"event_name":"The Cleric","floor":11,"gold_loss":50},{"damage_healed":0,"gold_gain":0,"player_choice":"Donut","damage_taken":0,"max_hp_gain":5,"max_hp_loss":0,"event_name":"Big Fish","floor":12,"gold_loss":0}],"is_beta":false,"boss_relics":[],"items_purged_floors":[],"is_endless":false,"potions_floor_spawned":[5,6,8],"killed_by":"Fading Forest","ascension_level":1}}