{"host":"f14d6hm2349s9jse","time":1608666628,"event":{"mods":["2.2 Compatiblity","BaseMod","Minty Spire (QoL Compilation)","StSLib","The Necromancer"],"gold_per_floor":[111,125,138,213,213,232,232,232,310,310,329,329,341,361,361,361,361],"floor_reached":16,"playtime":564,"items_purged":[],"score":119,"play_id":"6d904c78-e2a2-44d8-98e2-38fbb06dd799","local_time":"20201222145028","is_ascension_mode":false,"campfire_choices":[{"floor":8,"key":"REST"},{"floor":15,"key":"RECALL"}],"circlet_count":0,"master_deck":["Strike_W","Strike_W","Defend_W+1","Defend_W+1","Defend_W","Negative_Energy_Arrows","Bone_Wall","Negative_Energy_Javelin","Slay_Living+1","Negative_Energy_Mist","Shade_Step","Spectral_Walk","Cloudkill"],"relics":["Empty Cage","Question Card","CultistMask"],"acts_visited":["Exordium"],"potions_floor_usage":[],"damage_taken":[{"damage":1,"enemies":"Cultist","floor":1,"turns":4},{"damage":0,"enemies":"2 Louse","floor":2,"turns":2},{"damage":0,"enemies":"Jaw Worm","floor":3,"turns":4},{"damage":7,"enemies":"Gremlin Gang","floor":6,"turns":7},{"damage":1,"enemies":"Looter","floor":11,"turns":4},{"damage":0,"enemies":"2 Fungi Beasts","floor":13,"turns":6},{"damage":1,"enemies":"Large Slime","floor":14,"turns":5},{"damage":8,"enemies":"Slime Boss","floor":16,"turns":7}],"seed_played":"7555180320893946332","potions_obtained":[{"floor":6,"key":"CultistPotion"},{"floor":13,"key":"Explosive Potion"}],"is_trial":false,"path_per_floor":["M","M","M","?","?","M","?","R","T","?","M","?","M","M","R","B"],"character_chosen":"NECROMANCER","items_purchased":[],"campfire_rested":1,"item_purchase_floors":[],"current_hp_per_floor":[74,74,74,63,63,56,41,63,63,63,62,62,62,61,61,53,53],"gold":361,"neow_bonus":"BOSS_RELIC","is_daily":false,"chose_seed":false,"campfire_upgraded":0,"win_rate":0.0,"timestamp":1608666628,"path_taken":["M","M","?","?","?","?","?","R","T","?","M","?","?","M","R","BOSS"],"items_purchased_type":[],"build_version":"2020-12-13","purchased_purges":0,"victory":false,"max_hp_per_floor":[75,75,75,75,75,75,75,75,75,75,75,75,75,75,75,75,75],"card_choices":[{"not_picked":["Bone_Shift","Blood_Curse"],"picked":"Negative_Energy_Javelin","floor":1},{"not_picked":["Negative_Energy_Shield","Chill_Blood","Bones_to_Steel"],"picked":"SKIP","floor":2},{"not_picked":["Death_March_Dance","Consume_Illness"],"picked":"Slay_Living","floor":3},{"not_picked":["Flesh_Made_Foul","Toxic_Smoke_Screen","Negative_Energy_Bomb"],"picked":"SKIP","floor":6},{"not_picked":["Thousand_Bone_Knives","Corrupt","Blood_Whip"],"picked":"Shade_Step","floor":11},{"not_picked":["Negative_Energy_Mist","Corrupt","Bone_Spikes"],"picked":"Spectral_Walk","floor":13},{"not_picked":["Chill_Blood","Finger_Of_Death","Shackles_Of_Pain"],"picked":"Cloudkill","floor":14}],"player_experience":2468028,"relics_obtained":[{"floor":9,"key":"Question Card"}],"event_choices":[{"damage_healed":0,"gold_gain":75,"player_choice":"Gather Gold","damage_taken":11,"max_hp_gain":0,"max_hp_loss":0,"event_name":"World of Goop","floor":4,"gold_loss":0},{"damage_healed":0,"gold_gain":0,"player_choice":"Forge","damage_taken":0,"max_hp_gain":0,"max_hp_loss":0,"event_name":"Accursed Blacksmith","floor":5,"gold_loss":0,"cards_upgraded":["Slay_Living"]},{"damage_healed":0,"gold_gain":0,"player_choice":"Entered Light","damage_taken":15,"max_hp_gain":0,"max_hp_loss":0,"event_name":"Shining Light","floor":7,"gold_loss":0,"cards_upgraded":["Defend_W","Defend_W"]},{"damage_healed":0,"gold_gain":0,"cards_transformed":["Strike_W"],"player_choice":"Change","damage_taken":0,"max_hp_gain":0,"max_hp_loss":0,"event_name":"Living Wall","floor":10,"gold_loss":0,"cards_obtained":["Negative_Energy_Mist"]},{"damage_healed":0,"gold_gain":0,"player_choice":"Trade","damage_taken":0,"relics_obtained":["CultistMask"],"max_hp_gain":0,"max_hp_loss":0,"event_name":"FaceTrader","floor":12,"gold_loss":0}],"is_beta":false,"boss_relics":[],"items_purged_floors":[],"is_endless":false,"potions_floor_spawned":[6,13],"killed_by":"Slime Boss","ascension_level":0}}