{"host":"03a85bwj0a5skoit","time":1608605946,"event":{"mods":["BaseMod","Block Reminder","Minty Spire (QoL Compilation)","Relic Stats","StSLib"],"gold_per_floor":[109,119,119,139,155,155,185,185,185,185,202,8,19,19,19,19,19],"floor_reached":16,"playtime":397,"items_purged":[],"score":204,"play_id":"4358fdb1-089e-43da-8831-cf2196e7bbf4","local_time":"20201222132906","is_ascension_mode":true,"campfire_choices":[{"data":"Cloak And Dagger","floor":6,"key":"SMITH"},{"data":"Cloak And Dagger","floor":8,"key":"SMITH"},{"data":"Accuracy","floor":15,"key":"SMITH"}],"circlet_count":0,"master_deck":["AscendersBane","Strike_G","Strike_G","Strike_G","Strike_G","Defend_G","Defend_G","Defend_G","Defend_G","Defend_G","Survivor","Neutralize","Cloak And Dagger+1","Backstab","Cloak And Dagger+1","Accuracy+1","Catalyst","Catalyst","Accuracy","Storm of Steel","PiercingWail"],"relics":["Ring of the Snake","NeowsBlessing","Pen Nib","The Specimen","InkBottle"],"acts_visited":["Exordium"],"potions_floor_usage":[7,11,16],"damage_taken":[{"damage":0,"enemies":"2 Louse","floor":1,"turns":1},{"damage":0,"enemies":"Small Slimes","floor":2,"turns":1},{"damage":0,"enemies":"Cultist","floor":4,"turns":1},{"damage":2,"enemies":"Lots of Slimes","floor":5,"turns":5},{"damage":11,"enemies":"3 Sentries","floor":7,"turns":9},{"damage":0,"enemies":"3 Louse","floor":11,"turns":3},{"damage":0,"enemies":"Red Slaver","floor":13,"turns":2},{"damage":28,"enemies":"Hexaghost","floor":16,"turns":8}],"seed_played":"3968333758715914322","potions_obtained":[{"floor":1,"key":"Weak Potion"},{"floor":5,"key":"SneckoOil"},{"floor":7,"key":"CunningPotion"}],"is_trial":false,"path_per_floor":["M","M","?","M","M","R","E","R","T","?","M","$","M","$","R","B"],"character_chosen":"THE_SILENT","items_purchased":["Accuracy","Storm of Steel"],"campfire_rested":0,"item_purchase_floors":[12,12],"current_hp_per_floor":[59,59,41,41,39,39,28,28,28,28,28,28,28,28,28,0,0],"gold":19,"neow_bonus":"THREE_ENEMY_KILL","is_daily":false,"chose_seed":false,"campfire_upgraded":3,"win_rate":0.0,"timestamp":1608605946,"path_taken":["M","M","?","M","M","R","E","R","T","?","?","$","?","$","R","BOSS"],"items_purchased_type":["Card","Card"],"build_version":"2020-12-13","purchased_purges":0,"victory":false,"max_hp_per_floor":[66,66,66,66,66,66,66,66,66,66,66,66,66,66,66,66,66],"relic_stats":{"counters":[8,30],"Pen Nib":[6],"obtain_stats":[{"NeowsBlessing":0,"The Specimen":7,"Pen Nib":3,"InkBottle":9,"Ring of the Snake":0},{"NeowsBlessing":0,"The Specimen":5,"Pen Nib":2,"InkBottle":5,"Ring of the Snake":0},{"NeowsBlessing":0,"The Specimen":17,"Pen Nib":2,"InkBottle":17,"Ring of the Snake":0}],"InkBottle":[6],"Ring of the Snake":[16]},"card_choices":[{"not_picked":["Backflip","Dodge and Roll"],"picked":"Cloak And Dagger","floor":1},{"not_picked":["Deadly Poison","Endless Agony"],"picked":"Backstab","floor":2},{"not_picked":["Dagger Throw","Blade Dance"],"picked":"Cloak And Dagger","floor":4},{"not_picked":["Concentrate","Deflect"],"picked":"Accuracy","floor":5},{"not_picked":["Acrobatics","Eviscerate"],"picked":"Catalyst","floor":7},{"not_picked":["Blade Dance","Prepared"],"picked":"Catalyst","floor":11},{"not_picked":["Backflip","Flechettes"],"picked":"PiercingWail","floor":13}],"player_experience":2285010,"relics_obtained":[{"floor":7,"key":"The Specimen"},{"floor":9,"key":"InkBottle"}],"event_choices":[{"damage_healed":0,"gold_gain":0,"player_choice":"Success","damage_taken":18,"relics_obtained":["Pen Nib"],"max_hp_gain":0,"max_hp_loss":0,"event_name":"Scrap Ooze","floor":3,"gold_loss":0},{"cards_removed":["Strike_G"],"damage_healed":0,"gold_gain":0,"player_choice":"Purged","damage_taken":0,"max_hp_gain":0,"max_hp_loss":0,"event_name":"Purifier","floor":10,"gold_loss":0}],"is_beta":false,"boss_relics":[],"items_purged_floors":[],"is_endless":false,"potions_floor_spawned":[1,5,7],"killed_by":"Hexaghost","ascension_level":20}}