{"host":"kgj3hkp928synzkd","time":1608656967,"event":{"mods":["2.2 Compatiblity","A Magickal Journey","AchievementEnabler","Act Like it!","AlwaysNeverKeys","BaseMod","Better Altar","Better Match","Better Note","Better Sensory Stone","Better Synergies","Better Third Choice","Better Vampires","Block Reminder","Colored Map","Colored Powertips","Conspire","Curses Come First","Disable Question Mark Monsters","Downfall","GifTheSpireLib","Googly Eyes","Gremlin Skip","GungeonMod","Hallownest","Infinite Spire","Luminous","Marisa????????","Marked Mod","Minty Spire (QoL Compilation)","Permanent Neow","Quick Restart","Random Character Button","Rare Cards Sparkle","Replay The Spire","Spicy Shops","StSLib","SuperFastMode","The Bug Knight","The Exalted","Uncapped"],"gold_per_floor":[109,34,0,0,53,53,72,83,107,136,146,161,161,161,161,257,257,274,284,216,228,228,228],"floor_reached":22,"playtime":2716,"items_purged":[],"score":211,"play_id":"3c8cfe74-e646-47ea-b6e6-6a6fb04f829c","local_time":"20201222120927","is_ascension_mode":false,"campfire_choices":[{"data":"HollowMod:GoodIntentions","floor":6,"key":"SMITH"},{"floor":13,"key":"REST"},{"floor":15,"key":"REST"}],"circlet_count":0,"master_deck":["HollowMod:NailStrikeStart","HollowMod:NailStrikeStart","HollowMod:NailStrikeStart","HollowMod:NailStrikeStart","HollowMod:QuickDashStart","HollowMod:QuickDashStart","HollowMod:QuickDashStart","HollowMod:QuickDashStart","HollowMod:FocusHealStart","HollowMod:PogoStrike","HollowMod:GoodIntentions+1","HollowMod:PureNailStrike+1","HollowMod:SoulShaman","HollowMod:DoubleDash","HollowMod:HeavyBlow+1","HollowMod:CycloneSlash","HollowMod:ShapeofUnn+1","HollowMod:Weaversong","HollowMod:HowlingWraiths","HollowMod:SharpenedNail+1","HollowMod:MothsMistake","HollowMod:DoubleDash"],"relics":["HollowMod:VesselMask","Gremlin Food","DemoMod:MonsterBlood","Bag of Preparation","infinitespire:Eraser","conspire:RunicOctahedron"],"acts_visited":["Exordium","Hallownest:Greenpath"],"potions_floor_usage":[12,12,16,22],"damage_taken":[{"damage":3,"enemies":"Hallownest:2_Tiktiks_and_1_Crawlid","floor":1,"turns":6},{"damage":0,"enemies":"2_ Uuma","floor":7,"turns":4},{"damage":0,"enemies":"Hallownest:monsterHuskWarrior","floor":8,"turns":4},{"damage":72,"enemies":"Hallownest:eliteVengeflyKing","floor":10,"turns":28},{"damage":7,"enemies":"Hallownest:MossCreep_and_Mosskin","floor":11,"turns":7},{"damage":11,"enemies":"Hallownest:Guard_and_Warrior","floor":12,"turns":7},{"damage":57,"enemies":"Hallownest:BossHornet","floor":16,"turns":34},{"damage":38,"enemies":"Hallownest:Flukemon_and_Top","floor":18,"turns":7},{"damage":31,"enemies":"Hallownest:Guard_and_Sentry","floor":19,"turns":8},{"damage":28,"enemies":"Hallownest:2_Husk_Sentries","floor":21,"turns":5},{"damage":29,"enemies":"Hallownest:monsterMisterMushroom","floor":22,"turns":6}],"seed_played":"-402471704799070953","potions_obtained":[{"floor":5,"key":"infinitespire:BlackPotion"},{"floor":8,"key":"Flashbang"},{"floor":11,"key":"SteroidPotion"},{"floor":12,"key":"Fruit Juice"},{"floor":16,"key":"PowerPotion"}],"is_trial":false,"path_per_floor":["M","?","?","$","?","R","M","M","T","E","M","M","R","?","R","B",null,"M","M","$","M","M"],"character_chosen":"THE_BUGKNIGHT","items_purchased":["HollowMod:MothsMistake"],"campfire_rested":2,"item_purchase_floors":[20],"current_hp_per_floor":[80,80,80,80,87,87,87,89,89,27,26,20,48,39,67,22,94,56,35,35,7,0,0],"gold":228,"neow_bonus":"TEN_PERCENT_HP_BONUS","is_daily":false,"chose_seed":false,"campfire_upgraded":1,"win_rate":0.0,"timestamp":1608656967,"path_taken":["M","?","?","$","?","R","?","M","T","E","M","M","R","?","R","BOSS","M","M","$","M","M"],"items_purchased_type":["Card"],"build_version":"2020-12-13","purchased_purges":0,"victory":false,"max_hp_per_floor":[82,82,82,82,89,89,89,89,89,89,89,94,94,94,94,94,94,94,94,94,94,94,94],"card_choices":[{"not_picked":["HollowMod:InfectedCysts","HollowMod:InfectedAttack"],"picked":"HollowMod:GoodIntentions","floor":1},{"not_picked":["HollowMod:DreamGate+1","HollowMod:BrokenVessel+1"],"picked":"HollowMod:PureNailStrike+1","floor":2},{"not_picked":["HollowMod:CornifersMapStart","HollowMod:HowlingWraiths"],"picked":"HollowMod:SoulShaman","floor":5},{"not_picked":["HollowMod:BrokenVessel","HollowMod:AwokenDreamNail","HollowMod:SiblingsSouls"],"picked":"SKIP","floor":7},{"not_picked":["HollowMod:SoulShaman","HollowMod:SiblingsSouls"],"picked":"HollowMod:DoubleDash","floor":8},{"not_picked":["HollowMod:BaldurShell","HollowMod:HornetsHelp"],"picked":"HollowMod:HeavyBlow","floor":10},{"not_picked":["HollowMod:ShadowDash","HollowMod:DesolateDive"],"picked":"HollowMod:CycloneSlash","floor":11},{"not_picked":["HollowMod:RecoilStrike","HollowMod:ChannelNail"],"picked":"HollowMod:ShapeofUnn","floor":12},{"not_picked":["HollowMod:MidwifesHunger","HollowMod:Hiveblood"],"picked":"HollowMod:Weaversong","floor":16},{"not_picked":["HollowMod:VengefulVoid","HollowMod:SiblingsSouls+1"],"picked":"HollowMod:HowlingWraiths","floor":18},{"not_picked":["HollowMod:BrokenVessel","HollowMod:DescendingDark"],"picked":"HollowMod:SharpenedNail+1","floor":19},{"not_picked":["HollowMod:GrimmsGift","HollowMod:MawleksShell"],"picked":"HollowMod:DoubleDash","floor":21}],"player_experience":288547,"relics_obtained":[{"floor":5,"key":"DemoMod:MonsterBlood"},{"floor":9,"key":"Bag of Preparation"},{"floor":10,"key":"infinitespire:Eraser"}],"event_choices":[{"damage_healed":0,"gold_gain":0,"player_choice":"2","damage_taken":0,"max_hp_gain":0,"max_hp_loss":0,"event_name":"betterMatch:BetterMatch","floor":2,"gold_loss":0,"cards_obtained":["betterMatch:UncommonCard"]}],"is_beta":false,"boss_relics":[{"not_picked":["Empty Cage","ReplayTheSpireMod:SealedPack"],"picked":"conspire:RunicOctahedron"}],"items_purged_floors":[],"is_endless":false,"potions_floor_spawned":[8,11,12,16],"killed_by":"Hallownest:monsterMisterMushroom","ascension_level":0}}