{"host":"36ls4ricihodphgx","time":1608635860,"event":{"mods":["AchievementEnabler","BaseMod","Colored Map","Downfall","Hermit","HololiveMod","Marisa????????","Minty Spire (QoL Compilation)","Replay The Spire","StSLib","The Animator","The Cursed","The Servant 0.9.4"],"gold_per_floor":[99,99,99,99,99,99,99,99,119,151,151,251,271,284,295,399,399,399,412,430,317,317,317,342,357,374,374,374,374],"floor_reached":27,"playtime":1705,"items_purged":["Guardian:Defend_Guardian"],"score":209,"play_id":"2ae5be34-4e65-4707-838b-15887a69bc43","local_time":"20201222041740","is_ascension_mode":false,"campfire_choices":[{"data":"Guardian:TwinSlam","floor":1,"key":"SMITH"},{"data":"Guardian:RollAttack","floor":6,"key":"SMITH"},{"data":"Guardian:CurlUp","floor":8,"key":"SMITH"},{"floor":11,"key":"REST"},{"data":"Guardian:ArmoredProtocol","floor":18,"key":"SMITH"}],"circlet_count":0,"master_deck":["Guardian:Strike_Guardian","Guardian:Strike_Guardian","Guardian:Strike_Guardian","Guardian:Defend_Guardian","Guardian:Defend_Guardian","Guardian:Defend_Guardian","Guardian:CurlUp+1","Guardian:TwinSlam+1","Guardian:RollAttack+1","Spreading Infection","Guardian:GuardianWhirl","Guardian:PiercingHide","Guardian:ArmoredProtocol+1","Guardian:PrismaticBeam","Guardian:BaubleBeam","Guardian:Gem_Cyan","Guardian:ShieldSpikes","Guardian:Gem_Lightblue","Guardian:Gem_Green","Guardian:Gem_Green","Guardian:Gem_White","Guardian:Gem_Red"],"relics":["Guardian:ModeShifter","downfall:HeartsMalice","Ring of Hypnosis","ReplayTheSpireMod:Ring of Exchange","Regal Pillow","Odd Mushroom","Blue Doll","SacredBark","PreservedInsect","Replay:Baseball"],"acts_visited":["Exordium","TheCity"],"potions_floor_usage":[16,26,27,27],"damage_taken":[{"damage":0,"enemies":"Jaw Worm","floor":2,"turns":1},{"damage":0,"enemies":"Small Slimes","floor":5,"turns":1},{"damage":0,"enemies":"The Mushroom Lair","floor":9,"turns":1},{"damage":44,"enemies":"Lagavulin","floor":10,"turns":9},{"damage":0,"enemies":"2 Louse","floor":13,"turns":3},{"damage":10,"enemies":"Exordium Thugs","floor":14,"turns":4},{"damage":0,"enemies":"Exordium Wildlife","floor":15,"turns":3},{"damage":58,"enemies":"downfall:Defect","floor":16,"turns":11},{"damage":12,"enemies":"3 Byrds","floor":19,"turns":3},{"damage":18,"enemies":"Snecko","floor":20,"turns":7},{"damage":5,"enemies":"downfall:FleeingMerchant","floor":21,"turns":4},{"damage":37,"enemies":"Sentry and Sphere","floor":25,"turns":9},{"damage":8,"enemies":"Snake Plant","floor":26,"turns":3},{"damage":27,"enemies":"Gremlin Leader","floor":27,"turns":6}],"seed_played":"8061946669046359700","potions_obtained":[{"floor":9,"key":"Death Potion"},{"floor":13,"key":"champ:CounterPotion"},{"floor":16,"key":"ColorlessPotion"},{"floor":26,"key":"Swift Potion"}],"is_trial":false,"path_per_floor":["R","M","?","?","M","R","T","R","?","E","R","?","M","M","M","B",null,"R","M","M","$","?","?","T","M","M","E"],"character_chosen":"GUARDIAN","items_purchased":["Guardian:Gem_Green"],"campfire_rested":1,"item_purchase_floors":[21],"current_hp_per_floor":[80,80,80,80,80,80,80,80,80,36,75,75,75,65,65,7,80,80,68,50,45,71,71,71,34,26,0,0,0],"gold":374,"neow_bonus":"THREE_ENEMY_KILL","is_daily":false,"chose_seed":false,"campfire_upgraded":4,"win_rate":0.0,"timestamp":1608635860,"path_taken":["R","M","?","?","M","R","T","R","?","E","R","?","M","M","M","BOSS","R","M","M","$","?","?","T","M","M","E"],"items_purchased_type":["Card"],"build_version":"2020-12-13","purchased_purges":1,"victory":false,"max_hp_per_floor":[80,80,80,80,80,80,80,80,80,80,80,80,80,80,80,80,80,80,80,80,80,80,80,80,80,80,80,80,80],"card_choices":[{"not_picked":["Guardian:TimeBomb","Guardian:Recover"],"picked":"Guardian:RollAttack","floor":2},{"not_picked":["Guardian:Incinerate","Guardian:Clone"],"picked":"Guardian:Gem_Red","floor":5},{"not_picked":["Guardian:Gem_Synthetic","Guardian:Planning"],"picked":"Guardian:GuardianWhirl","floor":9},{"not_picked":["Guardian:Gem_Cyan","Guardian:Incinerate"],"picked":"Guardian:Gem_Synthetic","floor":10},{"not_picked":["Guardian:Gem_Lightblue","Guardian:Harden"],"picked":"Guardian:PiercingHide","floor":13},{"not_picked":["Guardian:BronzeOrb","Guardian:BronzeArmor"],"picked":"Guardian:ArmoredProtocol","floor":14},{"not_picked":["Guardian:PrimingBeam","Guardian:Planning"],"picked":"Guardian:PrismaticBeam","floor":15},{"not_picked":["Guardian:HyperBeam_Guardian","Guardian:StasisStrike"],"picked":"Guardian:BaubleBeam","floor":16},{"not_picked":["Guardian:RefractedBeam+1","Guardian:VentSteam+1"],"picked":"Guardian:Gem_Cyan","floor":19},{"not_picked":["Guardian:WalkerClaw","Guardian:Gem_Green"],"picked":"Guardian:ShieldSpikes","floor":20},{"not_picked":["Guardian:VentSteam","Guardian:Clone"],"picked":"Guardian:Gem_Lightblue","floor":21},{"not_picked":["Guardian:PiercingHide+1","Guardian:Suspension"],"picked":"Guardian:Gem_White","floor":25},{"not_picked":["Guardian:ShieldCharger","Guardian:MultiBeam+1"],"picked":"Guardian:Gem_Red","floor":26}],"player_experience":2478,"relics_obtained":[{"floor":3,"key":"Ring of Hypnosis"},{"floor":3,"key":"ReplayTheSpireMod:Ring of Exchange"},{"floor":7,"key":"Regal Pillow"},{"floor":9,"key":"Odd Mushroom"},{"floor":10,"key":"Blue Doll"},{"floor":24,"key":"Replay:Baseball"}],"event_choices":[{"damage_healed":0,"gold_gain":0,"player_choice":"Fought Mushrooms","damage_taken":0,"max_hp_gain":0,"max_hp_loss":0,"event_name":"Mushrooms","floor":9,"gold_loss":0},{"damage_healed":26,"gold_gain":0,"player_choice":"Heal","damage_taken":0,"max_hp_gain":0,"max_hp_loss":0,"event_name":"The Library","floor":22,"gold_loss":0}],"is_beta":false,"boss_relics":[{"not_picked":["Hololive_TopUpMoneyS","Replay:Wanted Poster"],"picked":"SacredBark"}],"items_purged_floors":[21],"is_endless":false,"potions_floor_spawned":[9,13,16,26],"killed_by":"Gremlin Leader","ascension_level":0}}