{"host":"03a85bwj0a5skoit","time":1608599129,"event":{"mods":["BaseMod","Block Reminder","Minty Spire (QoL Compilation)","Relic Stats","StSLib"],"gold_per_floor":[113,128,53,53,53,53,97,97,97,113,146,30,30,71,71,169,169,187,462,482,501,501,501,520,30,30,155,155,168,168,75,75,168,168,189,22,0,0,60,60,60],"floor_reached":40,"playtime":1537,"items_purged":["Strike_G"],"score":850,"play_id":"65b1f271-894c-4f8f-a000-b8d42988ca2f","local_time":"20201222113529","is_ascension_mode":true,"campfire_choices":[{"data":"Footwork","floor":6,"key":"SMITH"},{"data":"Eviscerate","floor":8,"key":"SMITH"},{"data":"Dash","floor":13,"key":"SMITH"},{"data":"After Image","floor":15,"key":"SMITH"},{"data":"Wraith Form v2","floor":23,"key":"SMITH"},{"floor":28,"key":"REST"},{"data":"Doppelganger","floor":30,"key":"SMITH"},{"floor":32,"key":"REST"}],"circlet_count":0,"master_deck":["AscendersBane","Survivor","Neutralize","Deadly Poison","Poisoned Stab","Footwork+1","After Image+1","Eviscerate+1","Dash+1","Caltrops","Caltrops","Wraith Form v2+1","CurseOfTheBell","Regret","Tactician","Doppelganger+1","Flechettes+1","Dagger Throw","Backflip+1","Outmaneuver","Well Laid Plans","Prepared","A Thousand Cuts","Infinite Blades","Predator","Escape Plan","Phantasmal Killer","Terror","Well Laid Plans","Quick Slash","Doppelganger","Writhe"],"relics":["Snecko Eye","Golden Idol","Question Card","Blue Candle","Du-Vu Doll","Akabeko","Calling Bell","Potion Belt","Singing Bowl","Torii","Chemical X","Bottled Flame","Pocketwatch","Mummified Hand","Pandora\u0027s Box","Strange Spoon","Red Mask","Peace Pipe"],"acts_visited":["Exordium","TheCity","TheBeyond"],"potions_floor_usage":[11,11,22,33,33,40],"damage_taken":[{"damage":1,"enemies":"2 Louse","floor":1,"turns":6},{"damage":2,"enemies":"Jaw Worm","floor":2,"turns":4},{"damage":11,"enemies":"Lagavulin","floor":7,"turns":7},{"damage":4,"enemies":"Small Slimes","floor":10,"turns":3},{"damage":12,"enemies":"3 Sentries","floor":11,"turns":10},{"damage":0,"enemies":"Gremlin Nob","floor":14,"turns":3},{"damage":8,"enemies":"Hexaghost","floor":16,"turns":7},{"damage":0,"enemies":"Spheric Guardian","floor":18,"turns":1},{"damage":3,"enemies":"Chosen","floor":20,"turns":3},{"damage":0,"enemies":"Snake Plant","floor":21,"turns":2},{"damage":9,"enemies":"Cultist and Chosen","floor":22,"turns":5},{"damage":2,"enemies":"Centurion and Healer","floor":24,"turns":6},{"damage":17,"enemies":"Colosseum Slavers","floor":27,"turns":3},{"damage":10,"enemies":"Colosseum Nobs","floor":27,"turns":3},{"damage":1,"enemies":"3 Cultists","floor":29,"turns":4},{"damage":41,"enemies":"Champ","floor":33,"turns":7},{"damage":12,"enemies":"3 Darklings","floor":35,"turns":4},{"damage":14,"enemies":"2 Orb Walkers","floor":39,"turns":3},{"damage":52,"enemies":"Reptomancer","floor":40,"turns":2}],"seed_played":"-5449301754195867807","potions_obtained":[{"floor":1,"key":"LiquidBronze"},{"floor":10,"key":"Block Potion"},{"floor":11,"key":"SmokeBomb"},{"floor":20,"key":"EssenceOfSteel"},{"floor":27,"key":"AttackPotion"},{"floor":29,"key":"FearPotion"}],"is_trial":false,"path_per_floor":["M","M","$","?","?","R","E","R","T","M","E","$","R","E","R","B",null,"M","?","M","M","M","R","M","$","T","?","R","M","R","$","R","B",null,"M","$","?","?","?","E"],"character_chosen":"THE_SILENT","items_purchased":["Footwork","Caltrops","Chemical X","Bottled Flame","Dagger Throw","Well Laid Plans","Prepared","Strange Spoon"],"campfire_rested":2,"item_purchase_floors":[3,12,25,25,25,31,31,36],"current_hp_per_floor":[58,56,56,56,56,56,45,45,45,41,29,29,29,29,29,21,50,52,52,49,49,40,40,38,38,38,11,29,28,28,28,46,5,48,38,38,38,51,39,0,0],"gold":60,"neow_bonus":"BOSS_RELIC","is_daily":false,"chose_seed":false,"campfire_upgraded":6,"win_rate":0.0,"timestamp":1608599129,"path_taken":["M","M","$","?","?","R","E","R","T","M","E","?","R","E","R","BOSS","M","?","M","?","M","R","M","?","T","?","R","M","R","$","R","BOSS","M","$","?","?","?","E"],"items_purchased_type":["Card","Card","Relic","Relic","Card","Card","Card","Relic"],"build_version":"2020-12-13","purchased_purges":1,"victory":false,"max_hp_per_floor":[66,66,66,66,60,60,60,60,60,60,60,60,60,60,60,60,60,62,62,62,62,62,62,62,62,62,62,62,62,62,62,62,62,62,64,64,64,64,66,66,66],"relic_stats":{"Singing Bowl":6,"Torii":4,"counters":[19,83],"Golden Idol":131,"Blue Candle":[11],"Question Card":14,"Peace Pipe":0,"Strange Spoon":[3],"Mummified Hand":[62],"Snecko Eye":[132,121,149,125],"Pandora\u0027s Box":["Infinite Blades","Predator","Escape Plan","Phantasmal Killer","Terror","Well Laid Plans","Quick Slash","Doppelganger"],"Chemical X":[10],"obtain_stats":[{"Potion Belt":17,"Singing Bowl":17,"Torii":17,"Golden Idol":5,"Blue Candle":9,"Question Card":7,"Akabeko":14,"Du-Vu Doll":11,"Calling Bell":17,"Peace Pipe":39,"Strange Spoon":36,"Bottled Flame":25,"Mummified Hand":27,"Snecko Eye":0,"Pandora\u0027s Box":34,"Red Mask":37,"Chemical X":25,"Ring of the Snake":0,"Pocketwatch":27},{"Potion Belt":7,"Singing Bowl":7,"Torii":7,"Golden Idol":2,"Blue Candle":3,"Question Card":3,"Akabeko":6,"Du-Vu Doll":5,"Calling Bell":7,"Peace Pipe":18,"Strange Spoon":17,"Bottled Flame":12,"Mummified Hand":14,"Snecko Eye":0,"Pandora\u0027s Box":16,"Red Mask":17,"Chemical X":12,"Ring of the Snake":0,"Pocketwatch":14},{"Potion Belt":40,"Singing Bowl":40,"Torii":40,"Golden Idol":10,"Blue Candle":17,"Question Card":17,"Akabeko":33,"Du-Vu Doll":30,"Calling Bell":40,"Peace Pipe":81,"Strange Spoon":78,"Bottled Flame":57,"Mummified Hand":63,"Snecko Eye":0,"Pandora\u0027s Box":74,"Red Mask":78,"Chemical X":57,"Ring of the Snake":0,"Pocketwatch":63}],"Pocketwatch":[0]},"card_choices":[{"not_picked":["Terror","Deflect"],"picked":"Deadly Poison","floor":1},{"not_picked":["Blade Dance","Outmaneuver"],"picked":"Poisoned Stab","floor":2},{"not_picked":["Tactician","All Out Attack"],"picked":"Eviscerate","floor":7},{"not_picked":["Blur","Flying Knee","Terror"],"picked":"Dash","floor":10},{"not_picked":["Sucker Punch","Deflect","Slice","Cloak And Dagger"],"picked":"SKIP","floor":11},{"not_picked":["Underhanded Strike","Quick Slash","Distraction"],"picked":"Caltrops","floor":14},{"not_picked":["Die Die Die","Unload","Burst"],"picked":"Wraith Form v2","floor":16},{"not_picked":["Flying Knee+1","Slice","Concentrate","Backflip"],"picked":"Singing Bowl","floor":18},{"not_picked":["Dagger Spray","Poisoned Stab","Deflect"],"picked":"Tactician","floor":20},{"not_picked":["Bane+1","Expertise","Poisoned Stab+1"],"picked":"Doppelganger","floor":21},{"not_picked":["Slice","Calculated Gamble","Underhanded Strike"],"picked":"Flechettes+1","floor":24},{"not_picked":["Predator","Quick Slash","Calculated Gamble"],"picked":"Backflip+1","floor":27},{"not_picked":["Accuracy","Quick Slash+1","Deflect"],"picked":"Outmaneuver","floor":29},{"not_picked":["Doppelganger","Wraith Form v2","Venomology"],"picked":"A Thousand Cuts","floor":33},{"not_picked":["Expertise","Predator","Calculated Gamble","Poisoned Stab+1"],"picked":"Singing Bowl","floor":35},{"not_picked":["Backstab","Bane","Sucker Punch","Quick Slash"],"picked":"Singing Bowl","floor":39}],"player_experience":2278435,"relics_obtained":[{"floor":7,"key":"Question Card"},{"floor":9,"key":"Blue Candle"},{"floor":11,"key":"Du-Vu Doll"},{"floor":14,"key":"Akabeko"},{"floor":17,"key":"Potion Belt"},{"floor":17,"key":"Singing Bowl"},{"floor":17,"key":"Torii"},{"floor":27,"key":"Pocketwatch"},{"floor":27,"key":"Mummified Hand"},{"floor":39,"key":"Peace Pipe"}],"event_choices":[{"damage_healed":0,"gold_gain":0,"cards_transformed":["Strike_G"],"player_choice":"Change","damage_taken":0,"max_hp_gain":0,"max_hp_loss":0,"event_name":"Living Wall","floor":4,"gold_loss":0,"cards_obtained":["After Image"]},{"damage_healed":0,"gold_gain":0,"player_choice":"Lose Max HP","damage_taken":0,"relics_obtained":["Golden Idol"],"max_hp_gain":0,"max_hp_loss":6,"event_name":"Golden Idol","floor":5,"gold_loss":0},{"damage_healed":0,"gold_gain":275,"player_choice":"Desecrate","damage_taken":0,"max_hp_gain":0,"max_hp_loss":0,"event_name":"Golden Shrine","floor":19,"gold_loss":0,"cards_obtained":["Regret"]},{"damage_healed":0,"gold_gain":0,"player_choice":"Fight","damage_taken":0,"max_hp_gain":0,"max_hp_loss":0,"event_name":"Colosseum","floor":27,"gold_loss":0},{"damage_healed":0,"gold_gain":0,"player_choice":"Fought Nobs","damage_taken":0,"max_hp_gain":0,"max_hp_loss":0,"event_name":"Colosseum","floor":27,"gold_loss":0},{"damage_healed":0,"gold_gain":0,"player_choice":"Paid","damage_taken":0,"relics_obtained":["Red Mask"],"max_hp_gain":0,"max_hp_loss":0,"event_name":"Tomb of Lord Red Mask","floor":37,"gold_loss":22},{"damage_healed":13,"gold_gain":0,"player_choice":"Writhe","damage_taken":0,"max_hp_gain":0,"max_hp_loss":0,"event_name":"Winding Halls","floor":38,"gold_loss":0,"cards_obtained":["Writhe"]},{"damage_healed":0,"gold_gain":0,"player_choice":"Fight","damage_taken":0,"max_hp_gain":0,"max_hp_loss":0,"event_name":"Mysterious Sphere","floor":39,"gold_loss":0}],"is_beta":false,"boss_relics":[{"not_picked":["Tiny House","Astrolabe"],"picked":"Calling Bell"},{"not_picked":["Empty Cage","Black Star"],"picked":"Pandora\u0027s Box"}],"items_purged_floors":[12],"is_endless":false,"potions_floor_spawned":[1,10,11,20,22,27,29],"killed_by":"Reptomancer","ascension_level":20}}