{"host":"8by3m8mve9y2rhh4","time":1608652148,"event":{"mods":["BaseMod","Minty Spire (QoL Compilation)","Quick Restart"],"gold_per_floor":[113,123,137,212,228,255,269,282,282,282,23,55,55,69,69,166,166,185,199,199,199,219,254,272,272,272,127,160,160,259,288,288,390,440,454,469,518,530,542,571,581,581,633,647,657,675,352,383,383,383,383],"floor_reached":50,"playtime":2691,"items_purged":["Strike_R","Perfected Strike","Parasite"],"score":683,"play_id":"bafb2720-277a-4e11-95af-2f2f106cf532","local_time":"20201222154908","is_ascension_mode":true,"campfire_choices":[{"floor":10,"key":"REST"},{"data":"Armaments","floor":13,"key":"SMITH"},{"floor":15,"key":"REST"},{"floor":25,"key":"REST"},{"floor":29,"key":"REST"},{"floor":32,"key":"RECALL"},{"floor":42,"key":"REST"},{"floor":49,"key":"REST"}],"circlet_count":0,"master_deck":["Strike_R+1","Defend_R","Defend_R","Defend_R","Bash","Armaments+1","Iron Wave","Entrench","Shrug It Off","Shrug It Off","Iron Wave","Juggernaut+1","Metallicize+1","Panacea","Juggernaut+1","Iron Wave+1","Feel No Pain+1","Iron Wave","Rupture+1","Inflame+1","Disarm+1","Spot Weakness+1","Ghostly Armor+1","Inflame+1","Flame Barrier","Rage","Iron Wave"],"relics":["Burning Blood","Frozen Egg 2","Centennial Puzzle","Mummified Hand","Black Star","PreservedInsect","Ornamental Fan","HornCleat","Bag of Marbles","Anchor","Smiling Mask","Tiny House","Gambling Chip","Ancient Tea Set","Question Card","Vajra","Medical Kit","Gremlin Horn","Nunchaku"],"acts_visited":["Exordium","TheCity","TheBeyond"],"potions_floor_usage":[6,12,12,16,28,31,33,35,37,40,48,48,48],"damage_taken":[{"damage":0,"enemies":"Small Slimes","floor":1,"turns":3},{"damage":1,"enemies":"2 Louse","floor":2,"turns":3},{"damage":6,"enemies":"Jaw Worm","floor":3,"turns":5},{"damage":27,"enemies":"Gremlin Gang","floor":5,"turns":6},{"damage":39,"enemies":"Lagavulin","floor":6,"turns":9},{"damage":0,"enemies":"Looter","floor":7,"turns":4},{"damage":1,"enemies":"3 Louse","floor":8,"turns":4},{"damage":2,"enemies":"3 Sentries","floor":12,"turns":7},{"damage":0,"enemies":"2 Fungi Beasts","floor":14,"turns":3},{"damage":24,"enemies":"Hexaghost","floor":16,"turns":9},{"damage":0,"enemies":"Spheric Guardian","floor":18,"turns":4},{"damage":6,"enemies":"2 Thieves","floor":19,"turns":2},{"damage":13,"enemies":"3 Cultists","floor":22,"turns":5},{"damage":42,"enemies":"Slavers","floor":23,"turns":5},{"damage":0,"enemies":"Chosen and Byrds","floor":24,"turns":4},{"damage":8,"enemies":"Gremlin Leader","floor":28,"turns":5},{"damage":0,"enemies":"Book of Stabbing","floor":31,"turns":3},{"damage":39,"enemies":"Automaton","floor":33,"turns":10},{"damage":0,"enemies":"3 Shapes","floor":35,"turns":4},{"damage":3,"enemies":"Orb Walker","floor":36,"turns":4},{"damage":12,"enemies":"2 Orb Walkers","floor":37,"turns":4},{"damage":9,"enemies":"3 Darklings","floor":38,"turns":6},{"damage":36,"enemies":"Transient","floor":39,"turns":5},{"damage":19,"enemies":"Giant Head","floor":40,"turns":7},{"damage":22,"enemies":"Sphere and 2 Shapes","floor":41,"turns":5},{"damage":0,"enemies":"4 Shapes","floor":44,"turns":4},{"damage":0,"enemies":"Writhing Mass","floor":45,"turns":4},{"damage":19,"enemies":"Spire Growth","floor":46,"turns":4},{"damage":11,"enemies":"Reptomancer","floor":48,"turns":4},{"damage":66,"enemies":"Donu and Deca","floor":50,"turns":8}],"seed_played":"-5988325228273324908","potions_obtained":[{"floor":3,"key":"DuplicationPotion"},{"floor":7,"key":"LiquidMemories"},{"floor":8,"key":"Regen Potion"},{"floor":12,"key":"SpeedPotion"},{"floor":14,"key":"ColorlessPotion"},{"floor":16,"key":"EssenceOfSteel"},{"floor":23,"key":"HeartOfIron"},{"floor":31,"key":"ColorlessPotion"},{"floor":34,"key":"Explosive Potion"},{"floor":38,"key":"Regen Potion"},{"floor":39,"key":"SpeedPotion"},{"floor":45,"key":"Energy Potion"},{"floor":46,"key":"DistilledChaos"}],"is_trial":false,"path_per_floor":["M","M","M","?","M","E","M","M","T","R","$","E","R","M","R","B",null,"M","M","?","?","M","E","M","R","T","$","E","R","?","E","R","B",null,"M","M","?","M","M","E","M","R","T","M","M","M","$","E","R","B"],"character_chosen":"IRONCLAD","items_purchased":["Metallicize+1","Dexterity Potion","Panacea","Iron Wave","Medical Kit","Rage","Iron Wave"],"campfire_rested":6,"item_purchase_floors":[11,11,11,27,47,47,47],"current_hp_per_floor":[72,72,72,61,40,7,13,18,18,39,39,58,58,64,72,54,72,72,72,72,72,65,29,35,56,56,56,54,72,72,72,72,39,77,77,77,71,68,38,40,24,47,47,53,59,46,46,41,63,0,0],"gold":383,"neow_bonus":"REMOVE_TWO","is_daily":false,"chose_seed":false,"campfire_upgraded":1,"win_rate":0.0,"timestamp":1608652148,"path_taken":["M","M","M","?","M","E","M","M","T","R","$","E","R","M","R","BOSS","M","M","?","?","?","E","M","R","T","$","E","R","?","E","R","BOSS","M","M","?","M","M","E","M","R","T","M","M","M","$","E","R","BOSS"],"items_purchased_type":["Card","Potion","Card","Card","Relic","Card","Card"],"build_version":"2020-12-13","purchased_purges":3,"victory":false,"max_hp_per_floor":[72,72,72,72,72,72,72,72,72,72,72,72,72,72,72,72,72,72,72,72,72,72,72,72,72,72,72,72,72,72,72,72,72,77,77,77,77,77,77,77,77,77,77,77,77,77,74,74,74,74,74],"card_choices":[{"not_picked":["Inflame","Shockwave"],"picked":"Armaments","floor":1},{"not_picked":["Body Slam","Sword Boomerang"],"picked":"Iron Wave","floor":2},{"not_picked":["Wild Strike","Pommel Strike"],"picked":"Entrench","floor":3},{"not_picked":["Twin Strike","Flex"],"picked":"Shrug It Off","floor":5},{"not_picked":["Sever Soul","Rupture+1"],"picked":"Shrug It Off","floor":6},{"not_picked":["Clash","Wild Strike"],"picked":"Iron Wave","floor":7},{"not_picked":["Bloodletting","Warcry"],"picked":"Juggernaut+1","floor":8},{"not_picked":["Anger","Pommel Strike","Warcry"],"picked":"SKIP","floor":12},{"not_picked":["Infernal Blade","Whirlwind","Body Slam"],"picked":"SKIP","floor":14},{"not_picked":["Brutality+1","Immolate"],"picked":"Juggernaut+1","floor":16},{"not_picked":["Heavy Blade","Hemokinesis"],"picked":"Iron Wave+1","floor":18},{"not_picked":["Rupture+1","Heavy Blade"],"picked":"Feel No Pain+1","floor":19},{"not_picked":["Havoc","Sword Boomerang","Intimidate"],"picked":"SKIP","floor":22},{"not_picked":["Anger","Second Wind","Havoc+1"],"picked":"SKIP","floor":23},{"not_picked":["Perfected Strike+1","Entrench","Clash"],"picked":"SKIP","floor":24},{"not_picked":["Armaments","Flex","Searing Blow"],"picked":"SKIP","floor":28},{"not_picked":["Thunderclap","Sword Boomerang","Blood for Blood"],"picked":"SKIP","floor":31},{"not_picked":["Anger","Havoc+1"],"picked":"Rupture+1","floor":34},{"not_picked":["Anger+1","True Grit"],"picked":"Inflame+1","floor":35},{"not_picked":["Searing Blow+1","Heavy Blade+1"],"picked":"Disarm+1","floor":36},{"not_picked":["Thunderclap+1","Armaments","Dual Wield"],"picked":"SKIP","floor":38},{"not_picked":["Armaments","Pommel Strike"],"picked":"Spot Weakness+1","floor":39},{"not_picked":["Evolve+1","Shockwave"],"picked":"Ghostly Armor+1","floor":40},{"not_picked":["Dropkick","Evolve+1","Pummel","Uppercut+1"],"picked":"SKIP","floor":41},{"not_picked":["Clash+1","Brutality+1","Body Slam","Wild Strike"],"picked":"SKIP","floor":44},{"not_picked":["Body Slam","Shrug It Off+1","Evolve+1"],"picked":"Inflame+1","floor":45},{"not_picked":["Iron Wave","Clash+1","Anger+1"],"picked":"Flame Barrier","floor":46},{"not_picked":["Perfected Strike+1","Anger","Limit Break","Shrug It Off"],"picked":"SKIP","floor":48}],"player_experience":587270,"relics_obtained":[{"floor":6,"key":"Frozen Egg 2"},{"floor":9,"key":"Centennial Puzzle"},{"floor":12,"key":"Mummified Hand"},{"floor":23,"key":"PreservedInsect"},{"floor":23,"key":"Ornamental Fan"},{"floor":28,"key":"HornCleat"},{"floor":28,"key":"Bag of Marbles"},{"floor":31,"key":"Anchor"},{"floor":31,"key":"Smiling Mask"},{"floor":37,"key":"Gambling Chip"},{"floor":40,"key":"Ancient Tea Set"},{"floor":40,"key":"Question Card"},{"floor":43,"key":"Vajra"},{"floor":48,"key":"Gremlin Horn"},{"floor":48,"key":"Nunchaku"}],"event_choices":[{"damage_healed":0,"gold_gain":75,"player_choice":"Gather Gold","damage_taken":11,"max_hp_gain":0,"max_hp_loss":0,"event_name":"World of Goop","floor":4,"gold_loss":0},{"cards_removed":["Strike_R"],"damage_healed":0,"gold_gain":0,"player_choice":"Elegance","damage_taken":0,"max_hp_gain":0,"max_hp_loss":0,"event_name":"Back to Basics","floor":20,"gold_loss":0},{"damage_healed":0,"gold_gain":0,"cards_transformed":["Strike_R"],"player_choice":"Transformed","damage_taken":0,"max_hp_gain":0,"max_hp_loss":0,"event_name":"Transmorgrifier","floor":21,"gold_loss":0,"cards_obtained":["Perfected Strike"]},{"damage_healed":0,"gold_gain":99,"player_choice":"Stole From Cult","damage_taken":0,"max_hp_gain":0,"max_hp_loss":0,"event_name":"Nest","floor":30,"gold_loss":0},{"damage_healed":0,"gold_gain":0,"player_choice":"Fight","damage_taken":0,"max_hp_gain":0,"max_hp_loss":0,"event_name":"Mysterious Sphere","floor":37,"gold_loss":0}],"is_beta":false,"boss_relics":[{"not_picked":["Cursed Key","Ectoplasm"],"picked":"Black Star"},{"not_picked":["Runic Cube","SacredBark"],"picked":"Tiny House"}],"items_purged_floors":[11,27,47],"is_endless":false,"potions_floor_spawned":[3,7,8,12,14,16,23,24,31,38,39,45,46],"killed_by":"Donu and Deca","ascension_level":1}}