{"host":"cyh4fejqtcjbfr7k","time":1608674580,"event":{"mods":["2.2 Compatiblity","AchievementEnabler","BaseMod","Colored Map","Colored Powertips","DeckTracker","Downfall","Googly Eyes","Hubris","Infinite Spire","Minty Spire (QoL Compilation)","Replay The Spire","Shop Mod","StSLib","SuperFastMode","Unceasing Turn Reminder"],"gold_per_floor":[212,212,230,230,249,284,284,319,319,337,113,133,9,21,21,119,119,134,149,149,149,149],"floor_reached":21,"playtime":635,"items_purged":[],"score":248,"play_id":"f72ad557-fe58-4813-8ca8-89bccd9d0902","local_time":"20201222150300","is_ascension_mode":true,"campfire_choices":[{"floor":7,"key":"REST"},{"floor":15,"key":"REST"}],"circlet_count":0,"master_deck":["Strike_R","Strike_R","Strike_R","Strike_R","Strike_R","Defend_R","Defend_R","Defend_R","Defend_R","Bash","Cleave","Battle Trance","Thunderclap","Spot Weakness","Twin Strike","Spot Weakness","Metallicize","Flex","Inflame","Barricade","Seeing Red","Thunderclap"],"relics":["Burning Blood","ReplayFunnel","infinitespire:Satchel","infinitespire:FocusingShard","Membership Card","Question Card","infinitespire:Cupcake"],"acts_visited":["Exordium","TheCity"],"potions_floor_usage":[6,8,16],"damage_taken":[{"damage":5,"enemies":"Cultist","floor":1,"turns":5},{"damage":3,"enemies":"2 Louse","floor":3,"turns":2},{"damage":5,"enemies":"Small Slimes","floor":5,"turns":3},{"damage":40,"enemies":"3 Sentries","floor":6,"turns":8},{"damage":35,"enemies":"Gremlin Nob","floor":8,"turns":4},{"damage":14,"enemies":"Red Slaver","floor":10,"turns":2},{"damage":13,"enemies":"2 Fungi Beasts","floor":12,"turns":4},{"damage":16,"enemies":"Lots of Slimes","floor":14,"turns":2},{"damage":26,"enemies":"The Guardian","floor":16,"turns":11},{"damage":19,"enemies":"Chosen","floor":18,"turns":4},{"damage":35,"enemies":"3 Byrds","floor":19,"turns":6},{"damage":39,"enemies":"Snake Plant","floor":21,"turns":4}],"seed_played":"5699149303776595371","potions_obtained":[{"floor":1,"key":"Adrenaline Potion"},{"floor":3,"key":"Doom Potion"},{"floor":5,"key":"Energy Potion"},{"floor":10,"key":"ElixirPotion"},{"floor":18,"key":"Dexterity Potion"}],"is_trial":false,"path_per_floor":["M","?","M","?","M","E","R","E","T","M","$","M","$","M","R","B",null,"M","M","?","M"],"character_chosen":"IRONCLAD","items_purchased":["Membership Card","Spot Weakness","Metallicize","Question Card"],"campfire_rested":2,"item_purchase_floors":[11,11,11,13],"current_hp_per_floor":[80,80,80,80,80,46,70,41,41,33,33,26,26,16,40,20,80,67,38,38,0,0],"gold":149,"neow_bonus":"HUNDRED_GOLD","is_daily":false,"chose_seed":false,"campfire_upgraded":0,"win_rate":0.0,"timestamp":1608674580,"path_taken":["M","?","?","?","?","E","R","E","T","M","?","?","$","M","R","BOSS","M","M","?","?"],"items_purchased_type":["Relic","Card","Card","Relic"],"build_version":"2020-12-13","purchased_purges":0,"victory":false,"max_hp_per_floor":[80,80,80,80,80,80,80,80,80,80,80,80,80,80,80,80,80,80,80,80,80,80],"card_choices":[{"not_picked":["Run Through","Clothesline"],"picked":"Cleave","floor":1},{"not_picked":["Cleave","Heavy Blade"],"picked":"Battle Trance","floor":3},{"not_picked":["Wild Strike","Clash"],"picked":"Thunderclap","floor":5},{"not_picked":["infinitespire:OneForAll","Demonic Infusion"],"picked":"Spot Weakness","floor":6},{"not_picked":["Feel No Pain","Sever Soul"],"picked":"Twin Strike","floor":8},{"not_picked":["Headbutt","Rupture","Body Slam"],"picked":"SKIP","floor":10},{"not_picked":["Replay:Undeath\u0027s Touch","Body Slam"],"picked":"Flex","floor":12},{"not_picked":["Defy Death","Seeing Red","Havoc"],"picked":"Inflame","floor":14},{"not_picked":["Replay:Many Hands","Impervious","Eclipse"],"picked":"Barricade","floor":16},{"not_picked":["Havoc","Armaments","Heavy Blade+1"],"picked":"Seeing Red","floor":18},{"not_picked":["Shockwave","Sentinel","Headbutt"],"picked":"Thunderclap","floor":19}],"player_experience":603661,"relics_obtained":[{"floor":6,"key":"ReplayFunnel"},{"floor":8,"key":"infinitespire:Satchel"},{"floor":9,"key":"infinitespire:FocusingShard"}],"event_choices":[{"damage_healed":0,"gold_gain":0,"player_choice":"Ignored","damage_taken":0,"max_hp_gain":0,"max_hp_loss":0,"event_name":"Transmorgrifier","floor":2,"gold_loss":0},{"damage_healed":0,"gold_gain":0,"player_choice":"Bought 0 Potions","damage_taken":0,"max_hp_gain":0,"max_hp_loss":0,"event_name":"The Woman in Blue","floor":4,"gold_loss":0},{"damage_healed":0,"gold_gain":0,"player_choice":"Ignored","damage_taken":0,"max_hp_gain":0,"max_hp_loss":0,"event_name":"Transmorgrifier","floor":20,"gold_loss":0}],"is_beta":false,"boss_relics":[{"not_picked":["Ooze Armor","hubris:GrandSneckoEye"],"picked":"infinitespire:Cupcake"}],"items_purged_floors":[],"is_endless":false,"potions_floor_spawned":[1,3,5,10,18],"killed_by":"Snake Plant","ascension_level":3}}