{"host":"qwv9nni2x0umspiu","time":1608609154,"event":{"mods":["BaseMod","Downfall","Minty Spire (QoL Compilation)","Replay The Spire","StSLib","The Hierophant","Wandering Minibosses"],"gold_per_floor":[111,125,125,142,16,16,16,16,16,27,46,46,81,81,81,61,61],"floor_reached":16,"playtime":473,"items_purged":["hierophant:Strike_Hierophant"],"score":200,"play_id":"c2fd1baa-bb05-4186-b7ce-4ae9960a4f8f","local_time":"20201221195234","is_ascension_mode":true,"campfire_choices":[{"data":"hierophant:ChurchCoffers","floor":6,"key":"SMITH"},{"data":"hierophant:Punish","floor":8,"key":"SMITH"},{"data":"hierophant:SealAway","floor":12,"key":"SMITH"},{"data":"hierophant:Zeal","floor":15,"key":"SMITH"}],"circlet_count":0,"master_deck":["AscendersBane","hierophant:Strike_Hierophant","hierophant:Strike_Hierophant","hierophant:Strike_Hierophant","hierophant:Punish+1","hierophant:Defend_Hierophant","hierophant:Defend_Hierophant","hierophant:Defend_Hierophant","hierophant:Defend_Hierophant","hierophant:ChurchCoffers+1","hierophant:SealAway+1","hierophant:Racketeering","hierophant:Zeal+1","hierophant:LocustPlague+1"],"relics":["hierophant:PropheticMaskRelic","NeowsBlessing","Art of War","Molten Egg 2"],"acts_visited":["Exordium"],"potions_floor_usage":[10,16],"damage_taken":[{"damage":0,"enemies":"Small Slimes","floor":1,"turns":1},{"damage":0,"enemies":"Cultist","floor":2,"turns":1},{"damage":0,"enemies":"2 Louse","floor":4,"turns":1},{"damage":1,"enemies":"Looter","floor":10,"turns":2},{"damage":0,"enemies":"Exordium Wildlife","floor":11,"turns":2},{"damage":35,"enemies":"3 Sentries","floor":13,"turns":9},{"damage":0,"enemies":"Fading Forest","floor":16,"turns":3}],"seed_played":"8149330036499889461","potions_obtained":[{"floor":1,"key":"FearPotion"},{"floor":2,"key":"Explosive Potion"},{"floor":4,"key":"champ:CounterPotion"}],"is_trial":false,"path_per_floor":["M","M","?","M","$","R","?","R","T","M","M","R","E","$","R","B"],"character_chosen":"HIEROPHANT","items_purchased":["hierophant:Zeal"],"campfire_rested":0,"item_purchase_floors":[5],"current_hp_per_floor":[68,68,68,68,68,68,68,68,68,67,67,67,32,32,32,32,32],"gold":61,"neow_bonus":"THREE_ENEMY_KILL","is_daily":false,"chose_seed":false,"campfire_upgraded":4,"win_rate":0.0,"timestamp":1608609154,"path_taken":["M","M","?","?","$","R","?","R","T","M","M","R","E","$","R","BOSS"],"items_purchased_type":["Card"],"build_version":"2020-12-13","purchased_purges":1,"victory":false,"max_hp_per_floor":[75,75,75,75,75,75,75,75,75,75,75,75,75,75,75,75,75],"card_choices":[{"not_picked":["hierophant:Martyrdom","hierophant:MorningPrayer"],"picked":"hierophant:SealAway","floor":1},{"not_picked":["hierophant:AuricBeam","hierophant:MirrorShield","hierophant:PassingBell"],"picked":"SKIP","floor":2},{"not_picked":["hierophant:Glossolalia","hierophant:RustyCrate"],"picked":"hierophant:Racketeering","floor":4},{"not_picked":["hierophant:Prophecy","hierophant:Zeal","hierophant:Repentance"],"picked":"SKIP","floor":10},{"not_picked":["hierophant:Prophecy","hierophant:Zeal","hierophant:Repentance"],"picked":"SKIP","floor":10},{"not_picked":["hierophant:Endure","hierophant:Encroach","hierophant:FieryStrike"],"picked":"SKIP","floor":11},{"not_picked":["hierophant:CursedGold","hierophant:SolarFlare+1"],"picked":"hierophant:LocustPlague+1","floor":13}],"player_experience":1295126,"relics_obtained":[{"floor":9,"key":"Art of War"},{"floor":13,"key":"Molten Egg 2"}],"event_choices":[{"damage_healed":0,"gold_gain":0,"player_choice":"Got Potions","damage_taken":0,"max_hp_gain":0,"max_hp_loss":0,"event_name":"Lab","floor":3,"gold_loss":0},{"damage_healed":0,"gold_gain":0,"player_choice":"0 cards matched","damage_taken":0,"max_hp_gain":0,"max_hp_loss":0,"event_name":"Match and Keep!","floor":7,"gold_loss":0,"cards_obtained":[]}],"is_beta":false,"boss_relics":[],"items_purged_floors":[5],"is_endless":false,"potions_floor_spawned":[1,2,4],"killed_by":"Fading Forest","ascension_level":20}}