{"host":"4kbqeuw4a1wt9r2z","time":1608645148,"event":{"mods":["Act Like it!","BaseMod","Downfall","GifTheSpireLib","Googly Eyes","Minty Spire (QoL Compilation)","StSLib"],"gold_per_floor":[99,112,130,144,158,172,199,227,24,24,24,58,58,76,86,86,86,86],"floor_reached":16,"playtime":596,"items_purged":["Slimebound:Defend_Slimebound"],"score":120,"play_id":"d93b8288-d2b7-40fb-856f-417d03144a51","local_time":"20201222165228","is_ascension_mode":true,"campfire_choices":[{"data":"Slimebound:Split","floor":1.0,"key":"SMITH"},{"floor":11.0,"key":"REST"},{"floor":13,"key":"REST"}],"circlet_count":0,"master_deck":["Slimebound:Strike_Slimebound","Slimebound:Strike_Slimebound","Slimebound:Strike_Slimebound","Slimebound:Tackle","Slimebound:Defend_Slimebound","Slimebound:Defend_Slimebound","Slimebound:Defend_Slimebound","Slimebound:Split+1","Slimebound:CorrosiveSpit","Decay","Slimebound:ForwardTackle","Slimebound:ComboTackle","Slimebound:ItLooksTasty","Slimebound:SlimeBrawl","Slimebound:RainOfGoop","Slimebound:BestDefense","Slimebound:DouseInSlime","Slimebound:LeechEnergy","Slimebound:FlameTackle","Slimebound:LevelUp"],"relics":["Slimebound:AbsorbEndCombat","CaptainsWheel","Art of War","Nunchaku","Membership Card","downfall:BrokenWingStatue","Smiling Mask"],"acts_visited":["Exordium"],"potions_floor_usage":[16],"damage_taken":[{"damage":10.0,"enemies":"2 Louse","floor":2.0,"turns":3.0},{"damage":12.0,"enemies":"Cultist","floor":3.0,"turns":3.0},{"damage":9.0,"enemies":"Jaw Worm","floor":4.0,"turns":4.0},{"damage":14.0,"enemies":"Red Slaver","floor":5.0,"turns":4.0},{"damage":23.0,"enemies":"3 Louse","floor":6.0,"turns":3.0},{"damage":48.0,"enemies":"Gremlin Nob","floor":8.0,"turns":5.0},{"damage":13.0,"enemies":"downfall:FleeingMerchant","floor":9.0,"turns":4.0},{"damage":31.0,"enemies":"Lagavulin","floor":12.0,"turns":5.0},{"damage":14,"enemies":"Exordium Wildlife","floor":14,"turns":4},{"damage":14,"enemies":"2 Fungi Beasts","floor":15,"turns":3},{"damage":34,"enemies":"downfall:Ironclad","floor":16,"turns":2}],"seed_played":"4643845878847376020","potions_obtained":[{"floor":2.0,"key":"Block Potion"},{"floor":6.0,"key":"DuplicationPotion"},{"floor":8.0,"key":"FearPotion"},{"floor":12.0,"key":"SmokeBomb"}],"is_trial":false,"path_per_floor":["R","M","M","M","M","M","T","E","$","?","R","E","R","M","M","B"],"character_chosen":"SLIMEBOUND","items_purchased":["Membership Card"],"campfire_rested":2,"item_purchase_floors":[9],"current_hp_per_floor":[60,60,58,60,56,43,43,9,12,12,30,13,31,27,23,0,0,0],"gold":86,"neow_bonus":"ONE_RARE_RELIC","is_daily":false,"chose_seed":false,"campfire_upgraded":1,"win_rate":0.0,"timestamp":1608645148,"path_taken":["R","M","M","M","M","M","T","E","$","?","R","E","R","M","M","BOSS"],"items_purchased_type":["Relic"],"build_version":"2020-12-13","purchased_purges":1,"victory":false,"max_hp_per_floor":[60,60,60,60,60,60,60,60,60,60,60,60,60,60,60,60,60,60],"card_choices":[{"not_picked":["Slimebound:SlimeSpikes","Slimebound:Replication"],"picked":"Slimebound:ForwardTackle","floor":2.0},{"not_picked":["Slimebound:SplitLeeching","Slimebound:Schlurp"],"picked":"Slimebound:ComboTackle","floor":3.0},{"not_picked":["Slimebound:SplitMire","Slimebound:GrowthPunch"],"picked":"Slimebound:ItLooksTasty","floor":4.0},{"not_picked":["Slimebound:Schlurp","Slimebound:PressTheAttack"],"picked":"Slimebound:SlimeBrawl","floor":5.0},{"not_picked":["Slimebound:RollThrough","Slimebound:ServeAndProtect"],"picked":"Slimebound:RainOfGoop","floor":6.0},{"not_picked":["Slimebound:ServeAndProtect","Slimebound:AcidTongue"],"picked":"Slimebound:BestDefense","floor":8.0},{"not_picked":["Slimebound:SplitLeeching","Slimebound:DisruptingSlam"],"picked":"Slimebound:DouseInSlime","floor":9.0},{"not_picked":["Slimebound:GoopSpray","Slimebound:FinishingTackle"],"picked":"Slimebound:LeechEnergy","floor":12.0},{"not_picked":["Slimebound:Nibble","Slimebound:SplitAcid"],"picked":"Slimebound:FlameTackle","floor":14},{"not_picked":["Slimebound:TongueLash","Slimebound:FinishingTackle"],"picked":"Slimebound:LevelUp","floor":15}],"player_experience":472363,"relics_obtained":[{"floor":7.0,"key":"Art of War"},{"floor":8.0,"key":"Nunchaku"},{"floor":12.0,"key":"Smiling Mask"}],"event_choices":[],"is_beta":false,"boss_relics":[],"items_purged_floors":[9],"is_endless":false,"potions_floor_spawned":[2,6,8,12,14],"killed_by":"downfall:Ironclad","ascension_level":1}}