{"host":"o7j6aatxjwpw1421","time":1608666113,"event":{"mods":["2.2 Compatiblity","BaseMod","Colored Map","DeckTracker","Highlight Path","Keyboard Shortcuts","Minty Spire (QoL Compilation)","Permanent Neow","Quick Restart","StSLib","SuperFastMode","everything is the same but u backflip on backflip"],"gold_per_floor":[113,125,137,157,170,170,185,210,210,210,245,245,258,270,270,270,270],"floor_reached":16,"playtime":702,"items_purged":[],"score":174,"play_id":"41400442-1fa0-4a3c-a1b2-a39aed6d98c9","local_time":"20201223044153","is_ascension_mode":true,"campfire_choices":[{"data":"Searing Blow","floor":6.0,"key":"SMITH"},{"data":"Searing Blow+1","floor":12.0,"key":"SMITH"},{"data":"Searing Blow+2","floor":15.0,"key":"SMITH"}],"circlet_count":0,"master_deck":["AscendersBane","Strike_R","Strike_R","Strike_R","Defend_R","Defend_R","Defend_R","Defend_R","Bash","Dark Embrace","Searing Blow+3","Intimidate","Second Wind","Battle Trance","Reaper"],"relics":["Burning Blood","Prayer Wheel","Sundial","Omamori"],"acts_visited":["Exordium"],"potions_floor_usage":[16,16],"damage_taken":[{"damage":5.0,"enemies":"2 Louse","floor":1.0,"turns":3.0},{"damage":5.0,"enemies":"Cultist","floor":2.0,"turns":4.0},{"damage":3.0,"enemies":"Jaw Worm","floor":3.0,"turns":5.0},{"damage":5.0,"enemies":"3 Louse","floor":4.0,"turns":7.0},{"damage":17.0,"enemies":"Looter","floor":5.0,"turns":4.0},{"damage":0.0,"enemies":"Large Slime","floor":7.0,"turns":5.0},{"damage":32.0,"enemies":"Gremlin Nob","floor":8.0,"turns":4.0},{"damage":17.0,"enemies":"3 Sentries","floor":11.0,"turns":12.0},{"damage":4.0,"enemies":"3 Louse","floor":13.0,"turns":5.0},{"damage":16.0,"enemies":"Blue Slaver","floor":14.0,"turns":4.0},{"damage":28,"enemies":"The Guardian","floor":16,"turns":8}],"seed_played":"-4646038592347322976","potions_obtained":[{"floor":1.0,"key":"Weak Potion"},{"floor":2.0,"key":"HeartOfIron"},{"floor":5.0,"key":"Swift Potion"},{"floor":11.0,"key":"BlessingOfTheForge"},{"floor":13.0,"key":"SkillPotion"}],"is_trial":false,"path_per_floor":["M","M","M","M","M","R","M","E","T","?","E","R","M","M","R","B"],"character_chosen":"IRONCLAD","items_purchased":[],"campfire_rested":0,"item_purchase_floors":[],"current_hp_per_floor":[72,72,72,72,61,61,67,41,41,41,30,30,32,22,22,2,2],"gold":270,"neow_bonus":"REMOVE_TWO","is_daily":false,"chose_seed":false,"campfire_upgraded":3,"win_rate":0.0,"timestamp":1608666113,"path_taken":["M","M","M","M","M","R","M","E","T","?","E","R","M","M","R","BOSS"],"items_purchased_type":[],"build_version":"2020-12-13","purchased_purges":0,"victory":false,"max_hp_per_floor":[72,72,72,72,72,72,72,72,72,72,72,72,72,72,72,72,72],"card_choices":[{"not_picked":["Flex","Rampage"],"picked":"Dark Embrace","floor":1.0},{"not_picked":["Clash","Cleave"],"picked":"Searing Blow","floor":2.0},{"not_picked":["Warcry","Clothesline","Hemokinesis"],"picked":"SKIP","floor":3.0},{"not_picked":["Infernal Blade","Headbutt","Clash"],"picked":"SKIP","floor":4.0},{"not_picked":["Warcry","Anger","Thunderclap"],"picked":"SKIP","floor":5.0},{"not_picked":["Fire Breathing","Twin Strike","Cleave"],"picked":"SKIP","floor":7.0},{"not_picked":["Heavy Blade","Dark Embrace"],"picked":"Intimidate","floor":8.0},{"not_picked":["Thunderclap","Anger"],"picked":"Second Wind","floor":11.0},{"not_picked":["Shrug It Off","Thunderclap"],"picked":"Battle Trance","floor":13.0},{"not_picked":["Bloodletting","Body Slam","Second Wind"],"picked":"SKIP","floor":13.0},{"not_picked":["Uppercut","Heavy Blade"],"picked":"Reaper","floor":14.0},{"not_picked":["Rupture","Inflame","Clash"],"picked":"SKIP","floor":14.0}],"player_experience":326556,"relics_obtained":[{"floor":8.0,"key":"Prayer Wheel"},{"floor":9.0,"key":"Sundial"},{"floor":11.0,"key":"Omamori"}],"event_choices":[{"damage_healed":0.0,"max_hp_gain":0.0,"max_hp_loss":0.0,"gold_gain":0.0,"event_name":"Match and Keep!","player_choice":"0 cards matched","floor":10.0,"gold_loss":0.0,"damage_taken":0.0,"cards_obtained":[]}],"is_beta":false,"boss_relics":[],"items_purged_floors":[],"is_endless":false,"potions_floor_spawned":[1,2,5,11,13],"killed_by":"The Guardian","ascension_level":10}}