{"host":"0fmi5fguj5lvt8pf","time":1608619325,"event":{"mods":["BaseMod","Colored Map","Curses Come First","Downfall","Minty Spire (QoL Compilation)","Permanent Neow","StSLib","Waifu the Spire"],"gold_per_floor":[99,118,118,293,293,293,363,213,233,258,258,258,93,113,140,254,254,254,279,305,334,334,351,351,392,404,172,172,172,172,182,204,318,318,318,346,367,383,405,299,348,376,151,85,100,150,150,184,199,199,199,234,33,33,33],"floor_reached":56,"playtime":4960,"items_purged":["champ:Strike","Parasite"],"score":1241,"play_id":"f2a3092c-34cd-42f5-b24d-9c35b3e94da6","local_time":"20201221224205","is_ascension_mode":false,"campfire_choices":[{"data":"champ:Taunt","floor":1.0,"key":"SMITH"},{"data":"Doubt","floor":11.0,"key":"PURGE"},{"data":"champ:Circumvent","floor":18.0,"key":"SMITH"},{"data":"champ:Defend","floor":30.0,"key":"PURGE"},{"floor":35.0,"key":"RECALL"},{"data":"champ:Improvising","floor":43,"key":"SMITH"},{"data":"expansioncontent:QuickStudy","floor":47,"key":"SMITH"},{"data":"champ:EnragedBash","floor":54,"key":"SMITH"}],"circlet_count":0,"master_deck":["champ:Strike","champ:Defend","champ:Defend","champ:Execute","champ:Taunt+1","champ:DefensiveStyle","champ:RecklessLeap","champ:EnragedBash+1","champ:Circumvent+1","champ:AdrenalArmor","champ:ShieldThrow","champ:RageSigil","champ:Encircle+1","champ:Backstep+1","champ:BerserkerStyle","champ:GutPunch","champ:SwordThrow","champ:FalseCounter+1","champ:AdrenalArmor+1","champ:Improvising+1","champ:Lariat+1","champ:BringItOn","expansioncontent:QuickStudy+1","champ:ShieldSigil+1"],"relics":["champ:ChampionCrown","Peace Pipe","Potion Belt","CeramicFish","Ornamental Fan","Empty Cage","Pantograph","Anchor","champ:BerserkersGuideToSlaughter","Philosopher\u0027s Stone","Bag of Preparation","downfall:HeartBlessingRed","downfall:HeartBlessingGreen","downfall:HeartBlessingBlue","Meat on the Bone","champ:DeflectingBracers","Omamori","Akabeko","Strawberry"],"acts_visited":["Exordium","TheCity","TheBeyond","TheEnding"],"potions_floor_usage":[40,40,44,44,44,55,55,55,55],"damage_taken":[{"damage":5.0,"enemies":"2 Louse","floor":2.0,"turns":3.0},{"damage":9.0,"enemies":"Jaw Worm","floor":9.0,"turns":8.0},{"damage":25.0,"enemies":"Small Slimes","floor":10.0,"turns":3.0},{"damage":28.0,"enemies":"downfall:FleeingMerchant","floor":13.0,"turns":4.0},{"damage":57.0,"enemies":"Large Slime","floor":14.0,"turns":8.0},{"damage":15.0,"enemies":"Red Slaver","floor":15.0,"turns":4.0},{"damage":102.0,"enemies":"downfall:Watcher","floor":16.0,"turns":13.0},{"damage":43.0,"enemies":"3 Byrds","floor":19.0,"turns":4.0},{"damage":30.0,"enemies":"Snake Plant","floor":21.0,"turns":4.0},{"damage":52.0,"enemies":"3 Cultists","floor":23.0,"turns":4.0},{"damage":50.0,"enemies":"Slavers","floor":25.0,"turns":6.0},{"damage":31.0,"enemies":"Chosen and Byrds","floor":26.0,"turns":4.0},{"damage":39.0,"enemies":"downfall:FleeingMerchant","floor":27.0,"turns":4.0},{"damage":18.0,"enemies":"Snecko","floor":31.0,"turns":3.0},{"damage":44.0,"enemies":"Centurion and Healer","floor":32.0,"turns":7.0},{"damage":80.0,"enemies":"downfall:Ironclad","floor":33.0,"turns":8.0},{"damage":24.0,"enemies":"3 Shapes","floor":36.0,"turns":3.0},{"damage":42.0,"enemies":"3 Darklings","floor":37.0,"turns":4.0},{"damage":68.0,"enemies":"Maw","floor":38.0,"turns":6.0},{"damage":34.0,"enemies":"Writhing Mass","floor":39.0,"turns":4.0},{"damage":48,"enemies":"downfall:FleeingMerchant","floor":40,"turns":4},{"damage":70,"enemies":"Sphere and 2 Shapes","floor":42,"turns":4},{"damage":14,"enemies":"downfall:FleeingMerchant","floor":44,"turns":2},{"damage":83,"enemies":"Maw","floor":45,"turns":6},{"damage":67,"enemies":"Mind Bloom Boss Battle","floor":46,"turns":7},{"damage":47,"enemies":"Nemesis","floor":48,"turns":5},{"damage":9,"enemies":"Jaw Worm Horde","floor":49,"turns":3},{"damage":74,"enemies":"downfall:Silent","floor":50,"turns":4},{"damage":118,"enemies":"downfall:CharBossMerchant","floor":52,"turns":8},{"damage":188,"enemies":"downfall:NeowBoss","floor":55,"turns":20}],"seed_played":"-736757448631936749","potions_obtained":[{"floor":2.0,"key":"sneckomod:MuddlingPotion"},{"floor":10.0,"key":"Swift Potion"},{"floor":15.0,"key":"ColorlessPotion"},{"floor":19.0,"key":"ColorlessPotion"},{"floor":22.0,"key":"Weak Potion"},{"floor":22.0,"key":"DistilledChaos"},{"floor":22.0,"key":"BlessingOfTheForge"},{"floor":25.0,"key":"SteroidPotion"},{"floor":26.0,"key":"BlessingOfTheForge"},{"floor":29.0,"key":"CultistPotion"},{"floor":32.0,"key":"BlessingOfTheForge"},{"floor":42,"key":"champ:TechniquePotion"},{"floor":45,"key":"PowerPotion"},{"floor":46,"key":"FearPotion"},{"floor":52,"key":"Regen Potion"}],"is_trial":false,"path_per_floor":["R","M","?","?","?","T","T","?","M","M","R","?","$","M","M","B",null,"R","M","T","M","?","M","T","E","M","$","?","?","R","M","M","B",null,"R","M","M","M","M","$","T","M","R","$","M","?","R","E","M","B",null,"E","$","R","B",null],"character_chosen":"THE_CHAMP","items_purchased":["Regen Potion","champ:BerserkersGuideToSlaughter","champ:BerserkerStyle","Meat on the Bone","expansioncontent:QuickStudy","Strawberry","SkillPotion"],"campfire_rested":0,"item_purchase_floors":[13,27,27,44,44,53,53],"current_hp_per_floor":[63,63,60,60,60,60,60,100,96,86,86,51,51,38,38,19,100,100,87,87,74,74,62,62,41,41,41,41,41,41,45,41,60,100,100,100,100,100,100,97,97,90,100,107,107,107,107,99,107,95,107,60,67,67,97],"gold":33,"neow_bonus":"ONE_RARE_RELIC","is_daily":false,"chose_seed":false,"campfire_upgraded":5,"win_rate":0.0,"timestamp":1608619325,"path_taken":["R","M","?","?","?","?","T","?","?","M","R","?","$","M","M","BOSS","R","M","?","M","?","?","T","E","M","?","?","?","R","M","M","BOSS","R","M","M","M","M","$","T","M","R","$","M","?","R","E","M","BOSS","E","$","R","BOSS"],"items_purchased_type":["Potion","Relic","Card","Relic","Card","Relic","Potion"],"build_version":"2020-12-13","purchased_purges":2,"victory":true,"max_hp_per_floor":[90,90,90,90,90,90,90,100,100,100,100,100,100,100,100,100,100,100,100,100,100,100,100,100,100,100,100,100,100,100,100,100,100,100,100,100,100,100,100,97,97,97,107,107,107,107,107,107,107,107,107,107,114,114,114],"card_choices":[{"not_picked":["champ:FanOfKnives","champ:FalseCounter"],"picked":"champ:DefensiveStyle","floor":2.0},{"not_picked":["champ:FightOn","champ:FanOfKnives"],"picked":"champ:RecklessLeap","floor":9.0},{"not_picked":["champ:StanceDance","champ:ShieldSigil"],"picked":"champ:EnragedBash","floor":10.0},{"not_picked":["champ:SwordSigil","champ:StanceDance","champ:CalledShot"],"picked":"SKIP","floor":13.0},{"not_picked":["champ:IgnorePain","champ:EnragedBash"],"picked":"champ:Circumvent","floor":14.0},{"not_picked":["champ:BerserkerStyle","champ:Riposte"],"picked":"champ:AdrenalArmor","floor":15.0},{"not_picked":["champ:DancingMaster","champ:EnchantShield"],"picked":"champ:ShieldThrow","floor":16.0},{"not_picked":["champ:Circumvent","champ:ShieldWall+1"],"picked":"champ:RageSigil","floor":19.0},{"not_picked":["champ:Balance","champ:BladeFlurry+1"],"picked":"champ:Encircle+1","floor":21.0},{"not_picked":["champ:AdrenalArmor","champ:FlashCut","champ:CrookedStrike"],"picked":"SKIP","floor":23.0},{"not_picked":["champ:RageSigil","champ:CrownThrow"],"picked":"champ:Backstep+1","floor":25.0},{"not_picked":["champ:FalseCounter","champ:DefensiveShout","champ:ArenaPreparation+1"],"picked":"SKIP","floor":26.0},{"not_picked":["champ:PerfectedStrike+1","champ:SwordSigil","champ:EnchantShield"],"picked":"SKIP","floor":27.0},{"not_picked":["champ:SwordSigil","champ:CrookedStrike","champ:BringItOn"],"picked":"SKIP","floor":31.0},{"not_picked":["champ:Backstep","champ:GladiatorsShout"],"picked":"champ:GutPunch","floor":32.0},{"not_picked":["champ:EnchantCrown","champ:StrikeOfGenius"],"picked":"champ:SwordThrow","floor":33.0},{"not_picked":["champ:EndlessRage","champ:Shatter"],"picked":"champ:FalseCounter+1","floor":36.0},{"not_picked":["champ:DeathBlow+1","champ:ViciousMockery"],"picked":"champ:AdrenalArmor+1","floor":37.0},{"not_picked":["champ:TornadoPunch","champ:RageSigil","champ:GladiatorsShout"],"picked":"SKIP","floor":38.0},{"not_picked":["champ:BladeFlurry","champ:Haymaker","champ:CalledShot"],"picked":"SKIP","floor":39.0},{"not_picked":["champ:CrookedStrike","champ:CalledShot+1"],"picked":"champ:Improvising","floor":40},{"not_picked":["champ:ViciousMockery+1","champ:GladiatorsShout+1"],"picked":"champ:Lariat+1","floor":42},{"not_picked":["champ:FlashCut+1","champ:CrookedStrike+1"],"picked":"champ:BringItOn","floor":44},{"not_picked":["champ:FocusedGladiator+1","champ:PerfectedStrike+1","champ:PreciseThrust"],"picked":"SKIP","floor":45},{"not_picked":["champ:PerfectedStrike+1","champ:FocusedGladiator+1"],"picked":"champ:ShieldSigil+1","floor":48},{"not_picked":["champ:StanceDance+1","champ:EnGarde","champ:PerfectedStrike"],"picked":"SKIP","floor":49},{"not_picked":["champ:StanceDance","champ:GladiatorsShout+1","champ:FocusedGladiator"],"picked":"SKIP","floor":52}],"player_experience":1230677,"relics_obtained":[{"floor":6.0,"key":"CeramicFish"},{"floor":7.0,"key":"Ornamental Fan"},{"floor":24.0,"key":"Pantograph"},{"floor":25.0,"key":"Anchor"},{"floor":41,"key":"Bag of Preparation"},{"floor":46,"key":"champ:DeflectingBracers"},{"floor":48,"key":"Omamori"},{"floor":52,"key":"Akabeko"}],"event_choices":[{"damage_healed":0.0,"max_hp_gain":0.0,"max_hp_loss":0.0,"gold_gain":0.0,"event_name":"Scrap Ooze","player_choice":"Success","floor":3.0,"gold_loss":0.0,"damage_taken":3.0,"relics_obtained":["Potion Belt"]},{"damage_healed":0.0,"max_hp_gain":0.0,"max_hp_loss":0.0,"gold_gain":0.0,"event_name":"Lab","player_choice":"Got Potions","floor":22.0,"gold_loss":0.0,"damage_taken":0.0},{"damage_healed":0.0,"max_hp_gain":0.0,"max_hp_loss":0.0,"gold_gain":0.0,"event_name":"Ghosts","player_choice":"Ignored","floor":28.0,"gold_loss":0.0,"damage_taken":0.0}],"is_beta":false,"boss_relics":[{"not_picked":["Snecko Eye","Fusion Hammer"],"picked":"Empty Cage"},{"not_picked":["Sozu","Astrolabe"],"picked":"Philosopher\u0027s Stone"}],"items_purged_floors":[13,40],"is_endless":false,"potions_floor_spawned":[2,10,15,19,25,26,32,36,37,42,45,46,52],"ascension_level":0}}