{"host":"fjnjuohsz43l8o15","time":1608655236,"event":{"mods":["2.2 Compatiblity","Act Like it!","BaseMod","Friendly Minions","Gensokyo","Luminous","Minty Spire (QoL Compilation)","StSLib","The Judge","???????????mod"],"gold_per_floor":[135,145,155,85,95,111,111,111,111,111,145,155,155,165,165,266,266,281,681,696,74,74,324,353,353,353,303,303,322,322,338,338,443,443,458,30,30,30,40,74,86,86,136,152,152,163,163,188,188,188,188,188,2,31,31],"floor_reached":56,"playtime":4364,"items_purged":["Pain"],"score":1427,"play_id":"36fdf253-f775-440b-b6f0-76625383b89f","local_time":"20201222164036","is_ascension_mode":false,"campfire_choices":[{"floor":7.0,"key":"RECALL"},{"data":"Charmbait_purple","floor":10.0,"key":"SMITH"},{"floor":15.0,"key":"REST"},{"data":"PositiveMatter_Antimatter_Universe_purple","floor":28.0,"key":"SMITH"},{"floor":30.0,"key":"REST"},{"data":"ContainerChange_purple","floor":32.0,"key":"SMITH"},{"floor":47.0,"key":"REST"},{"floor":49.0,"key":"REST"},{"floor":52.0,"key":"REST"}],"circlet_count":0,"master_deck":["AT_purpleEX+1","AT_purpleEX","AT_purpleEX","AT_purpleEX","Defend_purpleEX","Defend_purpleEX","Defend_purpleEX+1","Observe_purple_1","Observe_purple_2","OpenedBox_purple","MonsterNeedle_purple","Bait_Toxicbait_purple","Line_surface_state_purple","Charmbait_purple+1","ContainerChange_purple+1","Erosivefilter_purple","PositiveMatter_Antimatter_Universe_purple+1","MonsterNeedle_purple","WangLiang_LineAndCurveDreams_purple","CommonSense_AntiCommonSense_purple","Fantasy_PerpetualMotionMachine_purple","Fantasy_PerpetualMotionMachine_purple","Line_surface_state_purple+1","WeekHit_purple","WasteWire_Metro_purple","MonsterNeedle_purple+1","Gensokyo:TurboGranny","Gensokyo:Kunekune","Umbrella_purple+1","Umbrella_purple","EighthInstrument_OneDividesIntoTwo_purple","StretchesForeverDream_purple","Fantasy_PerpetualMotionMachine_purple+1","Fantasy_PerpetualMotionMachine_purple+1","Apotheosis"],"relics":["Boundary_crack","Memoryfragments_purpleEX","Ginger","Gensokyo:LunaticRedEyes","Velvet Choker","Old Coin","Parasol_purpleEX","Lizard Tail","Mango","White Beast Statue","Fusion Hammer","Pantograph","Antimatter_spacedebris","Frozen Egg 2","Bronze Scales"],"acts_visited":["Exordium","Gensokyo:Gensokyo","Gensokyo:Gensokyoer","TheEnding"],"potions_floor_usage":[55],"damage_taken":[{"damage":3.0,"enemies":"Gensokyo:Gryphon","floor":1.0,"turns":5.0},{"damage":0.0,"enemies":"Gensokyo:3_Fairies","floor":2.0,"turns":5.0},{"damage":0.0,"enemies":"Gensokyo:2_Kodama","floor":3.0,"turns":4.0},{"damage":10.0,"enemies":"Gensokyo:5_Fairies","floor":5.0,"turns":7.0},{"damage":9.0,"enemies":"Gensokyo:VengefulSpirit","floor":6.0,"turns":10.0},{"damage":27.0,"enemies":"Gensokyo:Mamizou","floor":11.0,"turns":10.0},{"damage":11.0,"enemies":"Gensokyo:Kitsune","floor":12.0,"turns":4.0},{"damage":2.0,"enemies":"Gensokyo:Gryphon_and_Rabbit","floor":14.0,"turns":4.0},{"damage":26.0,"enemies":"Gensokyo:Kokoro","floor":16.0,"turns":15.0},{"damage":7.0,"enemies":"Gensokyo:CosmicMonolith","floor":18.0,"turns":7.0},{"damage":37.0,"enemies":"Gensokyo:CosmicMonolith","floor":19.0,"turns":12.0},{"damage":12.0,"enemies":"Gensokyo:Chomper","floor":20.0,"turns":5.0},{"damage":11.0,"enemies":"Gensokyo:Tenshi","floor":24.0,"turns":6.0},{"damage":4.0,"enemies":"Gensokyo:Slime_Group","floor":29.0,"turns":6.0},{"damage":0.0,"enemies":"Gensokyo:Mirror_and_Dog","floor":31.0,"turns":6.0},{"damage":19.0,"enemies":"Gensokyo:Eternal_Rivals","floor":33.0,"turns":10.0},{"damage":8.0,"enemies":"Gensokyo:3_Boulders","floor":35.0,"turns":8.0},{"damage":0.0,"enemies":"Gensokyo:AncientGuardian","floor":39.0,"turns":6.0},{"damage":32.0,"enemies":"Gensokyo:Doremy","floor":40.0,"turns":4.0},{"damage":30.0,"enemies":"Gensokyo:3_Boulders","floor":41.0,"turns":6.0},{"damage":0.0,"enemies":"Gensokyo:Dusk_and_Dawn","floor":44.0,"turns":5.0},{"damage":0.0,"enemies":"Gensokyo:Rafflesia","floor":46.0,"turns":5.0},{"damage":27.0,"enemies":"Gensokyo:Marisa","floor":48.0,"turns":3.0},{"damage":0.0,"enemies":"Gensokyo:Scarlet_Devils","floor":50.0,"turns":6.0},{"damage":15,"enemies":"Shield and Spear","floor":54,"turns":8},{"damage":15,"enemies":"The Heart","floor":55,"turns":8}],"seed_played":"2583730905054162884","potions_obtained":[{"floor":1.0,"key":"GamblersBrew"},{"floor":6.0,"key":"Strength Potion"},{"floor":11.0,"key":"FearPotion"},{"floor":18.0,"key":"DuplicationPotion"},{"floor":29.0,"key":"Block Potion"},{"floor":41.0,"key":"Energy Potion"}],"is_trial":false,"path_per_floor":["M","M","M","?","M","M","R","?","T","R","E","M","?","M","R","B",null,"M","?","M","$","?","?","E","$","T","?","R","M","R","M","R","B",null,"M","COS","?","?","M","E","M","$","T","M","$","M","R","E","R","B",null,"R","$","E","B",null],"character_chosen":"Youkari","items_purchased":["Lizard Tail","Fantasy_PerpetualMotionMachine_purple","Strawberry","Apotheosis"],"campfire_rested":5,"item_purchase_floors":[21,21,21,53],"current_hp_per_floor":[77,77,77,77,68,60,60,60,60,60,34,24,24,22,45,21,77,72,35,28,35,35,35,43,43,43,50,50,51,82,86,86,71,105,100,100,100,100,105,77,52,52,52,56,56,60,91,67,98,105,105,105,105,95,92],"gold":31,"neow_bonus":"TEN_PERCENT_HP_BONUS","is_daily":false,"chose_seed":false,"campfire_upgraded":3,"win_rate":0.0,"timestamp":1608655236,"path_taken":["M","?","M","?","?","M","R","?","T","R","E","M","?","?","R","BOSS","M","?","M","$","?","?","E","$","T","?","R","M","R","M","R","BOSS","M","COS","?","?","M","E","M","$","T","M","?","M","R","E","R","BOSS","R","$","E","BOSS"],"items_purchased_type":["Relic","Card","Relic","Card"],"build_version":"2020-12-13","purchased_purges":1,"victory":true,"max_hp_per_floor":[77,77,77,77,77,77,77,77,77,77,77,77,77,77,77,77,77,77,77,77,84,84,84,98,98,98,105,105,105,105,105,105,105,105,105,105,105,105,105,105,105,105,105,105,105,105,105,105,105,105,105,105,105,105,105],"card_choices":[{"not_picked":["AdvanceAttack_purple","Worldmountain_purple"],"picked":"OpenedBox_purple","floor":1.0},{"not_picked":["Mirror_FormAndEmptin_purple","SharpContractionReality_purple"],"picked":"MonsterNeedle_purple","floor":2.0},{"not_picked":["AdvanceAttack_purple","RuleDissolution_purple"],"picked":"Bait_Toxicbait_purple","floor":3.0},{"not_picked":["Charmbait_purple","OmniscientAndOmnipotent_Monster_purple"],"picked":"Line_surface_state_purple","floor":5.0},{"not_picked":["Mirror_FormAndEmptin_purple","MeetDecomposer_purple","FragmentationRealm_purple"],"picked":"SKIP","floor":6.0},{"not_picked":["AdvanceAttack_purple","SharpContractionReality_purple"],"picked":"Charmbait_purple","floor":8.0},{"not_picked":["OmniscientAndOmnipotent_Monster_purple","Line_surface_state_purple"],"picked":"ContainerChange_purple","floor":8.0},{"not_picked":["SharpContractionReality_purple","AdvanceAttack_purple"],"picked":"Erosivefilter_purple","floor":11.0},{"not_picked":["DimensionStaggered_purple","StretchesForeverDream_purple"],"picked":"PositiveMatter_Antimatter_Universe_purple","floor":12.0},{"not_picked":["MetroBOOM_purple","Mirror_Drifter_purple"],"picked":"MonsterNeedle_purple","floor":14.0},{"not_picked":["D_absorption_purple","Theboundaryofcreation_purpleEX"],"picked":"WangLiang_LineAndCurveDreams_purple","floor":16.0},{"not_picked":["Line_surface_state_purple","Realm_recovery_purpleEX"],"picked":"MNeedle_purple","floor":18.0},{"not_picked":["DarkRealmRedLine_purple","StateDuplicate_purple"],"picked":"CommonSense_AntiCommonSense_purple","floor":19.0},{"not_picked":["DimensionStaggered_purple","Yakumo_Ran_purple"],"picked":"Fantasy_PerpetualMotionMachine_purple","floor":20.0},{"not_picked":["RuleDissolution_purple","Line_surface_state_purple"],"picked":"Boundary_ObjectiveBoundary_purple","floor":24.0},{"not_picked":["Mirror_FormAndEmptin_purple","Boundary_ObjectiveBoundary_purple"],"picked":"Line_surface_state_purple+1","floor":29.0},{"not_picked":["FragmentationRealm_purple+1","ButterflyHabitatTemple_purple"],"picked":"WeekHit_purple","floor":31.0},{"not_picked":["MagicEyes_LaplaceDemon_purple","Monsters_DoubleDeathButterfly_purple"],"picked":"WasteWire_Metro_purple","floor":33.0},{"not_picked":["Boundary_DreamRealityDamnation_purple+1","AdvanceAttack_purple"],"picked":"MonsterNeedle_purple+1","floor":35.0},{"not_picked":["Shallow_ocean_purpleEX","MeetDecomposer_purple"],"picked":"Umbrella_purple+1","floor":39.0},{"not_picked":["Boundary_ObjectiveBoundary_purple","AdvanceAttack_purple+1"],"picked":"Umbrella_purple","floor":40.0},{"not_picked":["SharpContractionReality_purple","Extrememeaning_purpleEX"],"picked":"EighthInstrument_OneDividesIntoTwo_purple","floor":41.0},{"not_picked":["Bait_Toxicbait_purple+1","Charmbait_purple+1"],"picked":"StretchesForeverDream_purple","floor":44.0},{"not_picked":["AdvanceAttack_purple+1","ExistenceContinue_purple+1"],"picked":"Fantasy_PerpetualMotionMachine_purple+1","floor":46.0},{"not_picked":["D_absorption_purple","MetroBOOM_purple+1"],"picked":"Fantasy_PerpetualMotionMachine_purple+1","floor":48.0},{"not_picked":["WasteWire_Metro_purple","Umbrella_purple","MetroBOOM_purple"],"picked":"SKIP","floor":54}],"player_experience":84097,"relics_obtained":[{"floor":11.0,"key":"Ginger"},{"floor":19.0,"key":"Old Coin"},{"floor":19.0,"key":"Parasol_purpleEX"},{"floor":24.0,"key":"Mango"},{"floor":26.0,"key":"White Beast Statue"},{"floor":40.0,"key":"Pantograph"},{"floor":43.0,"key":"Antimatter_spacedebris"},{"floor":48.0,"key":"Frozen Egg 2"},{"floor":54,"key":"Bronze Scales"}],"event_choices":[],"is_beta":false,"boss_relics":[{"not_picked":["Runic Dome","Snecko Eye"],"picked":"Velvet Choker"},{"not_picked":["Busted Crown","Astrolabe"],"picked":"Fusion Hammer"}],"items_purged_floors":[21],"is_endless":false,"potions_floor_spawned":[1,6,11,16,18,19,20,29,31,33,35,39,40,41,44,46,48,54],"ascension_level":0}}