{"host":"vb6wt0mawj2xz8v4","time":1608604130,"event":{"mods":["AchievementEnabler","Aspiration","BaseMod","Hermit","Highlight Path","Hubris","Jorbs\u0027s Wanderer Trilogy","Minty Spire (QoL Compilation)","Quick Restart","Replay The Spire","Shop Mod","StSLib","SuperFastMode","The Cursed","The Disciple","The Hierophant","The Jungle"],"gold_per_floor":[110,121,121,70,70,70,100,100,100,115,115,16,191,223,223,223,223],"floor_reached":16,"playtime":449,"items_purged":["TheCursedMod:Strike_TheCursed"],"score":106,"play_id":"63e302b7-c7eb-46d6-b93e-917618f301bb","local_time":"20201221212850","is_ascension_mode":false,"campfire_choices":[{"data":"TheCursedMod:CircleOfFlame","floor":6,"key":"SMITH"},{"data":"Genetic Algorithm","floor":8,"key":"SMITH"},{"floor":11,"key":"REST"},{"data":"Body Slam","floor":15,"key":"SMITH"}],"circlet_count":0,"master_deck":["TheCursedMod:Strike_TheCursed","TheCursedMod:Strike_TheCursed","TheCursedMod:Strike_TheCursed","TheCursedMod:Defend_TheCursed","TheCursedMod:Defend_TheCursed","TheCursedMod:Defend_TheCursed","TheCursedMod:Defend_TheCursed","TheCursedMod:CursedWand","TheCursedMod:CleanUpWorkshop","TheCursedMod:Dregs","Genetic Algorithm+1","TheCursedMod:CircleOfFlame+1","TheCursedMod:SpitefulStrike","TheCursedMod:SpitefulStrike","Body Slam+1","Doubt","TheCursedMod:Obscuration"],"relics":["TheCursedMod:BlackMagic101","aspiration:Nostalgia","Iron Core","Replay:Accelerometer","Turnip","Sundial","Gremlin Horn"],"acts_visited":[],"potions_floor_usage":[14,14],"damage_taken":[{"damage":2,"enemies":"Jaw Worm","floor":1,"turns":5},{"damage":0,"enemies":"2 Louse","floor":2,"turns":4},{"damage":34,"enemies":"3 Sentries","floor":7,"turns":9},{"damage":0,"enemies":"Small Slimes","floor":10,"turns":3},{"damage":18,"enemies":"Lagavulin","floor":14,"turns":5},{"damage":35,"enemies":"The Guardian","floor":16,"turns":6}],"seed_played":"-3176705174582564629","potions_obtained":[{"floor":1,"key":"BlessingOfTheForge"},{"floor":2,"key":"FearPotion"},{"floor":10,"key":"SteroidPotion"}],"is_trial":false,"path_per_floor":["M","M","?","$","?","R","E","R","T","M","R","$","?","E","R","B"],"character_chosen":"THE_CURSED","items_purchased":["TheCursedMod:SpitefulStrike","Body Slam"],"campfire_rested":1,"item_purchase_floors":[4,12],"current_hp_per_floor":[73,73,61,61,61,61,27,27,27,27,49,49,49,31,31,0,0],"gold":223,"neow_bonus":"NOSTALGIA","is_daily":false,"chose_seed":false,"campfire_upgraded":3,"win_rate":0.0,"timestamp":1608604130,"path_taken":["M","M","?","$","?","R","E","R","T","M","R","?","?","E","R","BOSS"],"items_purchased_type":["Card","Card"],"build_version":"2020-12-13","purchased_purges":1,"victory":false,"max_hp_per_floor":[75,75,75,75,75,75,75,75,75,75,75,75,75,75,75,75,75],"card_choices":[{"not_picked":["TheCursedMod:Stigma","TheCursedMod:CursedAmulet"],"picked":"Genetic Algorithm","floor":1},{"not_picked":["Hologram","TheCursedMod:RapidMovement"],"picked":"TheCursedMod:CircleOfFlame","floor":2},{"not_picked":["TheCursedMod:SoulReap","TheCursedMod:RapidMovement"],"picked":"TheCursedMod:SpitefulStrike","floor":7},{"not_picked":["TheCursedMod:CircleOfAmplification","TheCursedMod:HellsGateOpen","TheCursedMod:Torture"],"picked":"SKIP","floor":10},{"not_picked":["Gash","Heavy Blade"],"picked":"TheCursedMod:Obscuration","floor":14}],"player_experience":448117,"relics_obtained":[{"floor":7,"key":"Turnip"},{"floor":9,"key":"Sundial"},{"floor":14,"key":"Gremlin Horn"}],"event_choices":[{"damage_healed":0,"gold_gain":0,"player_choice":"Success","damage_taken":12,"relics_obtained":["Replay:Accelerometer"],"max_hp_gain":0,"max_hp_loss":0,"event_name":"Scrap Ooze","floor":3,"gold_loss":0},{"damage_healed":0,"gold_gain":0,"player_choice":"Leave","damage_taken":0,"max_hp_gain":0,"max_hp_loss":0,"event_name":"The Cleric","floor":5,"gold_loss":0},{"damage_healed":0,"gold_gain":175,"player_choice":"AGREE","damage_taken":0,"max_hp_gain":0,"max_hp_loss":0,"event_name":"Liars Game","floor":13,"gold_loss":0,"cards_obtained":["Doubt"]}],"is_beta":false,"boss_relics":[],"items_purged_floors":[12],"is_endless":false,"potions_floor_spawned":[1,2,10],"killed_by":"The Guardian","ascension_level":0}}