{"host":"fdq5pmhluajjrf8d","time":1608658256,"event":{"mods":["BaseMod","Minty Spire (QoL Compilation)"],"gold_per_floor":[114,127,143,143,160,160,160,160,184,184,184,22,41,41,41,41,41],"floor_reached":16,"playtime":457,"items_purged":["Injury"],"score":176,"play_id":"d87c63c8-aac6-4c12-822b-41941937712d","local_time":"20201222123056","is_ascension_mode":true,"campfire_choices":[{"data":"Bouncing Flask","floor":6,"key":"SMITH"},{"data":"Footwork","floor":8,"key":"SMITH"},{"floor":15,"key":"REST"}],"circlet_count":0,"master_deck":["AscendersBane","Strike_G","Strike_G","Strike_G","Strike_G","Strike_G","Defend_G","Defend_G","Defend_G","Defend_G","Survivor","Neutralize","Wraith Form v2","Footwork+1","Cloak And Dagger","Bouncing Flask+1","Accuracy"],"relics":["Ring of the Snake","NlothsMask","Kunai","Golden Idol"],"acts_visited":["Exordium"],"potions_floor_usage":[13,16,16,16],"damage_taken":[{"damage":4,"enemies":"Small Slimes","floor":1,"turns":5},{"damage":4,"enemies":"Cultist","floor":2,"turns":5},{"damage":9,"enemies":"Jaw Worm","floor":3,"turns":7},{"damage":7,"enemies":"3 Louse","floor":5,"turns":4},{"damage":13,"enemies":"Blue Slaver","floor":13,"turns":3},{"damage":49,"enemies":"Slime Boss","floor":16,"turns":12}],"seed_played":"-9135911884532933123","potions_obtained":[{"floor":2,"key":"SkillPotion"},{"floor":13,"key":"EntropicBrew"}],"is_trial":false,"path_per_floor":["M","M","M","?","M","R","?","R","T","T","?","$","M","$","R","B"],"character_chosen":"THE_SILENT","items_purchased":["Accuracy"],"campfire_rested":1,"item_purchase_floors":[12],"current_hp_per_floor":[55,51,42,42,35,35,35,35,35,35,35,35,22,22,41,0,0],"gold":41,"neow_bonus":"TRANSFORM_CARD","is_daily":false,"chose_seed":false,"campfire_upgraded":2,"win_rate":0.0,"timestamp":1608658256,"path_taken":["M","M","M","?","?","R","?","R","T","?","?","?","M","$","R","BOSS"],"items_purchased_type":["Card"],"build_version":"2020-12-13","purchased_purges":1,"victory":false,"max_hp_per_floor":[66,66,66,66,66,66,66,66,66,66,66,66,66,66,66,66,66],"card_choices":[{"not_picked":["Cloak And Dagger","Well Laid Plans"],"picked":"Footwork","floor":1},{"not_picked":["Reflex","Slice"],"picked":"Cloak And Dagger","floor":2},{"not_picked":["Blur","Predator"],"picked":"Bouncing Flask","floor":3},{"not_picked":["Cloak And Dagger","Sucker Punch","Bouncing Flask"],"picked":"SKIP","floor":5},{"not_picked":["Concentrate","Leg Sweep","Underhanded Strike"],"picked":"SKIP","floor":13}],"player_experience":1896414,"relics_obtained":[{"floor":10,"key":"Kunai"}],"event_choices":[{"damage_healed":0,"gold_gain":0,"player_choice":"Trade","damage_taken":0,"relics_obtained":["NlothsMask"],"max_hp_gain":0,"max_hp_loss":0,"event_name":"FaceTrader","floor":4,"gold_loss":0},{"damage_healed":0,"gold_gain":0,"player_choice":"Searched \u00271\u0027 times","damage_taken":0,"max_hp_gain":0,"max_hp_loss":0,"event_name":"Dead Adventurer","floor":7,"gold_loss":0},{"damage_healed":0,"gold_gain":0,"player_choice":"Take Wound","damage_taken":0,"relics_obtained":["Golden Idol"],"max_hp_gain":0,"max_hp_loss":0,"event_name":"Golden Idol","floor":11,"gold_loss":0,"cards_obtained":["Injury"]}],"is_beta":false,"boss_relics":[],"items_purged_floors":[12],"is_endless":false,"potions_floor_spawned":[2,13],"killed_by":"Slime Boss","ascension_level":19}}