{"host":"x1qj4d8ympd5jdqh","time":1608604968,"event":{"mods":["AchievementEnabler","AlwaysNeverKeys","BaseMod","Colored Map","Custom Start","DeckTracker","Highlight Path","Minty Spire (QoL Compilation)","StSLib","SuperFastMode"],"gold_per_floor":[111,121,139,155,174,174,206,206,206,206,17,29,47,78,78,152,152,166,186,197,197,231,231,80,92,92,92,112,112,144,156,156,231,231,248,268,284,334,345,378,389,389,389],"floor_reached":42,"playtime":1990,"items_purged":["Strike_R","Strike_R"],"score":1032,"play_id":"fd893d61-1c9c-489b-b070-667d7f9591d6","local_time":"20201222114248","is_ascension_mode":true,"campfire_choices":[{"floor":6.0,"key":"REST"},{"data":"Apotheosis","floor":8.0,"key":"SMITH"},{"floor":10.0,"key":"REST"},{"data":"Evolve","floor":15.0,"key":"SMITH"},{"floor":23.0,"key":"REST"},{"floor":27.0,"key":"RECALL"},{"floor":29.0,"key":"REST"},{"floor":32.0,"key":"REST"}],"circlet_count":0,"master_deck":["AscendersBane","Strike_R","Defend_R","Defend_R","Defend_R","Defend_R+1","Bash","Apotheosis+1","Twin Strike","Shrug It Off","Inflame","Body Slam","Power Through","Fire Breathing","Evolve+1","Uppercut","Dropkick","Offering","Burning Pact+1","Entrench","Impervious+1","Warcry","Pommel Strike","Feel No Pain","Shockwave","Exhume","Dark Embrace"],"relics":["Burning Blood","StrikeDummy","Oddly Smooth Stone","Bag of Marbles","Fusion Hammer","Red Mask","Shuriken","InkBottle","SacredBark","War Paint"],"acts_visited":["Exordium","TheCity","TheBeyond"],"potions_floor_usage":[42],"damage_taken":[{"damage":18.0,"enemies":"Small Slimes","floor":1.0,"turns":5.0},{"damage":7.0,"enemies":"2 Louse","floor":2.0,"turns":4.0},{"damage":7.0,"enemies":"Cultist","floor":3.0,"turns":4.0},{"damage":26.0,"enemies":"Exordium Thugs","floor":4.0,"turns":3.0},{"damage":30.0,"enemies":"Lots of Slimes","floor":5.0,"turns":7.0},{"damage":15.0,"enemies":"3 Sentries","floor":7.0,"turns":6.0},{"damage":0.0,"enemies":"Looter","floor":12.0,"turns":3.0},{"damage":4.0,"enemies":"Blue Slaver","floor":13.0,"turns":2.0},{"damage":23.0,"enemies":"Gremlin Nob","floor":14.0,"turns":4.0},{"damage":8.0,"enemies":"The Guardian","floor":16.0,"turns":8.0},{"damage":6.0,"enemies":"Shell Parasite","floor":18.0,"turns":3.0},{"damage":6.0,"enemies":"3 Byrds","floor":19.0,"turns":5.0},{"damage":36.0,"enemies":"Shelled Parasite and Fungi","floor":20.0,"turns":6.0},{"damage":12.0,"enemies":"Masked Bandits","floor":22.0,"turns":5.0},{"damage":6.0,"enemies":"Snake Plant","floor":25.0,"turns":3.0},{"damage":13.0,"enemies":"Snecko","floor":28.0,"turns":6.0},{"damage":6.0,"enemies":"Book of Stabbing","floor":30.0,"turns":4.0},{"damage":6.0,"enemies":"Sentry and Sphere","floor":31.0,"turns":4.0},{"damage":18.0,"enemies":"Automaton","floor":33.0,"turns":8.0},{"damage":12.0,"enemies":"3 Shapes","floor":35.0,"turns":2.0},{"damage":6.0,"enemies":"Orb Walker","floor":36.0,"turns":3.0},{"damage":13.0,"enemies":"Writhing Mass","floor":37.0,"turns":7.0},{"damage":24.0,"enemies":"Jaw Worm Horde","floor":39.0,"turns":5.0},{"damage":13.0,"enemies":"Giant Head","floor":40.0,"turns":5.0},{"damage":12.0,"enemies":"Spire Growth","floor":41.0,"turns":5.0},{"damage":23,"enemies":"Reptomancer","floor":42,"turns":3}],"seed_played":"-2494270157518356840","potions_obtained":[{"floor":2.0,"key":"Explosive Potion"},{"floor":3.0,"key":"DuplicationPotion"},{"floor":5.0,"key":"SkillPotion"},{"floor":12.0,"key":"Explosive Potion"},{"floor":16.0,"key":"Regen Potion"},{"floor":18.0,"key":"LiquidMemories"},{"floor":20.0,"key":"ElixirPotion"},{"floor":28.0,"key":"BloodPotion"},{"floor":37.0,"key":"Ancient Potion"}],"is_trial":false,"path_per_floor":["M","M","M","M","M","R","E","R","T","R","$","M","M","E","R","B",null,"M","M","M","?","?","R","$","M","T","R","M","R","E","M","R","B",null,"M","M","M","?","M","E","M","E"],"character_chosen":"IRONCLAD","items_purchased":["Power Through","Fire Breathing","Pommel Strike"],"campfire_rested":5,"item_purchase_floors":[11,11,24],"current_hp_per_floor":[56,55,54,34,10,30,21,21,21,41,41,47,49,32,32,30,59,59,59,43,43,37,57,57,57,57,57,50,68,68,68,68,56,65,59,59,68,68,50,43,37,14,14],"gold":389,"neow_bonus":"RANDOM_COLORLESS_2","is_daily":false,"chose_seed":false,"campfire_upgraded":2,"win_rate":0.0,"timestamp":1608604968,"path_taken":["M","M","M","M","M","R","E","R","T","R","$","M","M","E","R","BOSS","M","M","M","?","?","R","$","M","T","R","M","R","E","M","R","BOSS","M","M","M","?","M","E","M","E"],"items_purchased_type":["Card","Card","Card"],"build_version":"2020-12-13","purchased_purges":2,"victory":false,"max_hp_per_floor":[68,68,68,68,68,68,68,68,68,68,68,68,68,68,68,68,68,68,68,68,68,68,68,68,68,68,68,68,68,68,68,68,68,68,68,68,68,68,68,68,68,68,68],"card_choices":[{"not_picked":["Mayhem","Master of Strategy"],"picked":"Apotheosis","floor":0.0},{"not_picked":["Warcry","Armaments","Heavy Blade"],"picked":"SKIP","floor":1.0},{"not_picked":["Rage","Clash","Thunderclap"],"picked":"SKIP","floor":2.0},{"not_picked":["Sentinel","Entrench"],"picked":"Twin Strike","floor":3.0},{"not_picked":["Armaments","Bloodletting"],"picked":"Shrug It Off","floor":4.0},{"not_picked":["Headbutt","Seeing Red"],"picked":"Inflame","floor":5.0},{"not_picked":["Shockwave","Wild Strike"],"picked":"Body Slam","floor":7.0},{"not_picked":["Warcry","Entrench"],"picked":"Evolve","floor":12.0},{"not_picked":["Thunderclap","Searing Blow"],"picked":"Uppercut","floor":13.0},{"not_picked":["Iron Wave","Exhume"],"picked":"Dropkick","floor":14.0},{"not_picked":["Exhume","Juggernaut"],"picked":"Offering","floor":16.0},{"not_picked":["Uppercut+1","Anger","True Grit"],"picked":"SKIP","floor":18.0},{"not_picked":["Searing Blow","Wild Strike","Clash+1"],"picked":"SKIP","floor":19.0},{"not_picked":["Havoc","Rampage"],"picked":"Burning Pact+1","floor":20.0},{"not_picked":["Clothesline","Iron Wave"],"picked":"Warcry","floor":22.0},{"not_picked":["True Grit","Shrug It Off","Warcry"],"picked":"SKIP","floor":25.0},{"not_picked":["Warcry","Wild Strike"],"picked":"Feel No Pain","floor":28.0},{"not_picked":["Flex+1","Brutality","Clothesline"],"picked":"SKIP","floor":30.0},{"not_picked":["Clothesline","Armaments"],"picked":"Shockwave","floor":31.0},{"not_picked":["Reaper","Demon Form"],"picked":"Exhume","floor":33.0},{"not_picked":["Body Slam","Spot Weakness","Warcry"],"picked":"SKIP","floor":35.0},{"not_picked":["Body Slam","Spot Weakness","Warcry"],"picked":"SKIP","floor":35.0},{"not_picked":["Body Slam","Spot Weakness","Warcry"],"picked":"SKIP","floor":35.0},{"not_picked":["Armaments","Heavy Blade","True Grit"],"picked":"SKIP","floor":36.0},{"not_picked":["Shrug It Off","Flame Barrier","Havoc"],"picked":"SKIP","floor":37.0},{"not_picked":["Evolve","Pommel Strike+1","Sword Boomerang"],"picked":"SKIP","floor":39.0},{"not_picked":["Fire Breathing","Limit Break"],"picked":"Dark Embrace","floor":40.0},{"not_picked":["Evolve","Body Slam+1","Cleave"],"picked":"SKIP","floor":41.0}],"player_experience":1265582,"relics_obtained":[{"floor":7.0,"key":"StrikeDummy"},{"floor":9.0,"key":"Oddly Smooth Stone"},{"floor":14.0,"key":"Bag of Marbles"},{"floor":22.0,"key":"Red Mask"},{"floor":26.0,"key":"Shuriken"},{"floor":30.0,"key":"InkBottle"},{"floor":40.0,"key":"War Paint"}],"event_choices":[{"damage_healed":0.0,"max_hp_gain":0.0,"max_hp_loss":0.0,"gold_gain":0.0,"cards_transformed":["Strike_R","Strike_R"],"event_name":"Drug Dealer","player_choice":"Became Test Subject","floor":21.0,"gold_loss":0.0,"damage_taken":0.0,"cards_obtained":["Entrench","Impervious"]},{"damage_healed":0.0,"max_hp_gain":0.0,"max_hp_loss":0.0,"gold_gain":0.0,"event_name":"Masked Bandits","player_choice":"Fought Bandits","floor":22.0,"gold_loss":0.0,"damage_taken":0.0},{"damage_healed":0.0,"max_hp_gain":0.0,"max_hp_loss":0.0,"gold_gain":50.0,"event_name":"Golden Shrine","player_choice":"Pray","floor":38.0,"gold_loss":0.0,"damage_taken":0.0}],"is_beta":false,"boss_relics":[{"not_picked":["Velvet Choker","Pandora\u0027s Box"],"picked":"Fusion Hammer"},{"not_picked":["Black Blood","Busted Crown"],"picked":"SacredBark"}],"items_purged_floors":[11,24],"is_endless":false,"potions_floor_spawned":[2,3,5,12,16,18,20,28,33,37,39,40],"killed_by":"Reptomancer","ascension_level":20}}