{"host":"usewcu4ohw2wtmxk","time":1608627431,"event":{"mods":["BaseMod","Minty Spire (QoL Compilation)","Permanent Neow","Quick Restart","Relic Stats","UnlockEverythingMod"],"gold_per_floor":[114,114,39,39,52,52,83,83,135,135,151,151,164,193,193,265,265,165,165],"floor_reached":18,"playtime":389,"items_purged":["Strike_B"],"score":436,"play_id":"6bcde855-df3f-4fcd-a775-a33b28f783ab","local_time":"20201222165711","is_ascension_mode":true,"campfire_choices":[{"data":"Defragment","floor":6.0,"key":"SMITH"},{"data":"Dualcast","floor":8.0,"key":"SMITH"},{"data":"Creative AI","floor":12.0,"key":"SMITH"},{"data":"Skim","floor":15.0,"key":"SMITH"}],"circlet_count":0,"master_deck":["AscendersBane","Strike_B","Strike_B","Defend_B","Defend_B","Defend_B","Defend_B","Zap","Dualcast+1","Defragment+1","Echo Form","Creative AI+1","Compile Driver","Cold Snap","Skim+1","Core Surge"],"relics":["Cracked Core","NeowsBlessing","Ginger","DataDisk","Potion Belt","SlaversCollar"],"acts_visited":["Exordium","TheCity"],"potions_floor_usage":[],"damage_taken":[{"damage":0.0,"enemies":"Jaw Worm","floor":1.0,"turns":1.0},{"damage":0.0,"enemies":"Cultist","floor":5.0,"turns":1.0},{"damage":0.0,"enemies":"3 Sentries","floor":7.0,"turns":1.0},{"damage":2.0,"enemies":"2 Louse","floor":11.0,"turns":3.0},{"damage":28.0,"enemies":"Exordium Wildlife","floor":13.0,"turns":5.0},{"damage":0.0,"enemies":"Lagavulin","floor":14.0,"turns":6.0},{"damage":25.0,"enemies":"The Guardian","floor":16.0,"turns":9.0},{"damage":33,"enemies":"2 Thieves","floor":18,"turns":5}],"seed_played":"3739228474553292487","potions_obtained":[{"floor":7.0,"key":"GamblersBrew"},{"floor":11.0,"key":"Energy Potion"},{"floor":16.0,"key":"FocusPotion"}],"is_trial":false,"path_per_floor":["M","?","$","?","M","R","E","R","T","?","M","R","M","E","R","B",null,"M"],"character_chosen":"DEFECT","items_purchased":[],"campfire_rested":0,"item_purchase_floors":[],"current_hp_per_floor":[64,64,64,57,57,57,57,57,57,62,60,60,32,32,32,7,59,26,26],"gold":165,"neow_bonus":"THREE_ENEMY_KILL","is_daily":false,"chose_seed":false,"campfire_upgraded":4,"win_rate":0.0,"timestamp":1608627431,"path_taken":["M","?","?","?","?","R","E","R","T","?","M","R","M","E","R","BOSS","M"],"items_purchased_type":[],"build_version":"2020-12-13","purchased_purges":1,"victory":false,"max_hp_per_floor":[71,71,71,71,71,71,71,71,71,76,76,76,76,76,76,76,76,76,76],"relic_stats":{"counters":[8,31],"Ginger":[0],"obtain_stats":[{"Potion Belt":14,"SlaversCollar":17,"DataDisk":9,"NeowsBlessing":0,"Ginger":7,"Cracked Core":0},{"Potion Belt":6,"SlaversCollar":7,"DataDisk":3,"NeowsBlessing":0,"Ginger":3,"Cracked Core":0},{"Potion Belt":17,"SlaversCollar":26,"DataDisk":3,"NeowsBlessing":0,"Ginger":3,"Cracked Core":0}]},"card_choices":[{"not_picked":["Rebound","Barrage","Static Discharge"],"picked":"SKIP","floor":1.0},{"not_picked":["Compile Driver","Go for the Eyes","Conserve Battery"],"picked":"SKIP","floor":5.0},{"not_picked":["Compile Driver","Go for the Eyes","Conserve Battery"],"picked":"SKIP","floor":5.0},{"not_picked":["Reinforced Body","Fusion"],"picked":"Creative AI","floor":7.0},{"not_picked":["Conserve Battery","Beam Cell"],"picked":"Compile Driver","floor":11.0},{"not_picked":["Leap","Double Energy"],"picked":"Cold Snap","floor":13.0},{"not_picked":["Compile Driver","Redo"],"picked":"Skim","floor":14.0},{"not_picked":["Amplify","Echo Form"],"picked":"Core Surge","floor":16.0}],"player_experience":221963,"relics_obtained":[{"floor":7.0,"key":"Ginger"},{"floor":9.0,"key":"DataDisk"},{"floor":14.0,"key":"Potion Belt"}],"event_choices":[{"damage_healed":0.0,"max_hp_gain":0.0,"max_hp_loss":0.0,"gold_gain":0.0,"event_name":"Match and Keep!","player_choice":"2 cards matched","floor":2.0,"gold_loss":0.0,"damage_taken":0.0,"cards_obtained":["Defragment","Echo Form"]},{"cards_removed":["Strike_B"],"damage_healed":0.0,"max_hp_gain":0.0,"max_hp_loss":0.0,"gold_gain":0.0,"event_name":"Golden Wing","player_choice":"Card Removal","floor":4.0,"gold_loss":0.0,"damage_taken":7.0},{"damage_healed":0.0,"max_hp_gain":5.0,"max_hp_loss":0.0,"gold_gain":0.0,"event_name":"Big Fish","player_choice":"Donut","floor":10.0,"gold_loss":0.0,"damage_taken":0.0}],"is_beta":false,"boss_relics":[{"not_picked":["Tiny House","Velvet Choker"],"picked":"SlaversCollar"}],"items_purged_floors":[3],"is_endless":false,"potions_floor_spawned":[7,11,16],"killed_by":"2 Thieves","ascension_level":20}}