{"host":"cyh4fejqtcjbfr7k","time":1608609354,"event":{"mods":["2.2 Compatiblity","AchievementEnabler","BaseMod","Colored Map","Colored Powertips","DeckTracker","Downfall","Googly Eyes","Hubris","Infinite Spire","Minty Spire (QoL Compilation)","Replay The Spire","Shop Mod","StSLib","SuperFastMode","Unceasing Turn Reminder"],"gold_per_floor":[116,130,130,172,172,200,200,234,258,175,175,175,200,200,200,296,296,311,271,58,77,97,97,97,97],"floor_reached":24,"playtime":884,"items_purged":["Regret","Strike_G"],"score":309,"play_id":"62ef8610-88fb-4032-ae8b-f08771756f42","local_time":"20201221205554","is_ascension_mode":true,"campfire_choices":[{"data":"Accuracy","floor":7.0,"key":"SMITH"},{"floor":15,"key":"REST"},{"floor":23,"key":"REST"}],"circlet_count":0,"master_deck":["Strike_G","Strike_G","Strike_G","Defend_G","Defend_G","Defend_G","Defend_G","Defend_G","Survivor","Neutralize","Blade Dance","Poisoned Stab","Accuracy+1","Reflex","Fluid Movement","Outmaneuver","Distraction","A Thousand Cuts+1","Blade Dance","Blade Dance","Blade Dance","Deflect","Reflex"],"relics":["Ring of the Snake","NeowsBlessing","PreservedInsect","ReplayTheSpireMod:CursedCoin","hubris:Reverence","Pet Ghost","ReplayFunnel","Meat on the Bone","Sozu","Membership Card"],"acts_visited":["Exordium","TheCity"],"potions_floor_usage":[16],"damage_taken":[{"damage":0.0,"enemies":"2 Louse","floor":1.0,"turns":1.0},{"damage":0.0,"enemies":"Cultist","floor":2.0,"turns":1.0},{"damage":0.0,"enemies":"Gremlin Nob","floor":6.0,"turns":1.0},{"damage":24.0,"enemies":"3 Sentries","floor":8.0,"turns":7.0},{"damage":7.0,"enemies":"Jaw Worm","floor":10.0,"turns":3.0},{"damage":10.0,"enemies":"Lagavulin","floor":13.0,"turns":5.0},{"damage":42,"enemies":"Hexaghost","floor":16,"turns":10},{"damage":17,"enemies":"Spheric Guardian","floor":18,"turns":4},{"damage":7,"enemies":"Shell Parasite","floor":21,"turns":3},{"damage":30,"enemies":"Snake Plant","floor":22,"turns":5},{"damage":51,"enemies":"Slavers","floor":24,"turns":3}],"seed_played":"140977195489797357","potions_obtained":[{"floor":1.0,"key":"Poison Potion"},{"floor":6.0,"key":"SpeedPotion"},{"floor":13,"key":"SteroidPotion"}],"is_trial":false,"path_per_floor":["M","M","?","$","?","E","R","E","T","M","?","$","E","?","R","B",null,"M","?","$","M","M","R","E"],"character_chosen":"THE_SILENT","items_purchased":["ReplayTheSpireMod:CursedCoin","Accuracy","Membership Card","Blade Dance"],"campfire_rested":2,"item_purchase_floors":[4,4,20,20],"current_hp_per_floor":[70,70,70,70,70,70,70,46,46,39,39,39,29,29,50,20,70,53,53,53,46,28,49,0,0],"gold":97,"neow_bonus":"THREE_ENEMY_KILL","is_daily":false,"chose_seed":false,"campfire_upgraded":1,"win_rate":0.0,"timestamp":1608609354,"path_taken":["M","M","?","$","?","E","R","E","T","?","?","$","E","?","R","BOSS","M","?","?","M","M","R","E"],"items_purchased_type":["Relic","Card","Relic","Card"],"build_version":"2020-12-13","purchased_purges":2,"victory":false,"max_hp_per_floor":[70,70,70,70,70,70,70,70,70,70,70,70,70,70,70,70,70,70,70,70,70,70,70,70,70],"card_choices":[{"not_picked":["Terror","Choke"],"picked":"Blade Dance","floor":1.0},{"not_picked":["Heel Hook","Leg Sweep"],"picked":"Poisoned Stab","floor":2.0},{"not_picked":["Acrobatics","Concentrate"],"picked":"Reflex","floor":6.0},{"not_picked":["Prepared","Bullet Time"],"picked":"Fluid Movement","floor":8.0},{"not_picked":["Deadly Poison","PiercingWail"],"picked":"Outmaneuver","floor":10.0},{"not_picked":["Finisher","PiercingWail"],"picked":"Distraction","floor":13},{"not_picked":["Glass Knife","Bullet Time"],"picked":"A Thousand Cuts","floor":16},{"not_picked":["hubris:Counter","Dagger Throw"],"picked":"Blade Dance","floor":18},{"not_picked":["Quick Slash","Deadly Poison"],"picked":"Deflect","floor":21},{"not_picked":["All Out Attack+1","Poisoned Stab"],"picked":"Reflex","floor":22}],"player_experience":595499,"relics_obtained":[{"floor":6.0,"key":"hubris:Reverence"},{"floor":8.0,"key":"Pet Ghost"},{"floor":9.0,"key":"ReplayFunnel"},{"floor":13,"key":"Meat on the Bone"}],"event_choices":[{"damage_healed":0.0,"max_hp_gain":0.0,"max_hp_loss":0.0,"gold_gain":0.0,"event_name":"Big Fish","player_choice":"Box","floor":3.0,"gold_loss":0.0,"damage_taken":0.0,"relics_obtained":["PreservedInsect"],"cards_obtained":["Regret"]},{"damage_healed":0,"gold_gain":0,"player_choice":"Upgrade","damage_taken":0,"max_hp_gain":0,"max_hp_loss":0,"event_name":"Designer","floor":19,"gold_loss":40,"cards_upgraded":["A Thousand Cuts"]}],"is_beta":false,"boss_relics":[{"not_picked":["Tiny House","hubris:Stopwatch"],"picked":"Sozu"}],"items_purged_floors":[4,20],"is_endless":false,"potions_floor_spawned":[1,6,13,18],"killed_by":"Slavers","ascension_level":4}}