{"host":"mvlqq966zh3ccmv5","time":1608671780,"event":{"mods":["AchievementEnabler","BaseMod","DeckTracker","Minty Spire (QoL Compilation)","SuperFastMode"],"gold_per_floor":[112,132,407,145,162,196,196,226,226,226,13,27,43,61,61,161,161,176,193,208,221,51,86,86,86,113,113,138,138,151,168,168,270,270,284,299,299,318,332,366,366,366,366,179,195,69,103,103,103,103],"floor_reached":51,"playtime":1628,"items_purged":["Regret","Strike_G","Defend_G","Strike_G"],"score":1189,"play_id":"ce467dd9-60f8-4433-a307-3a57f0c7adf7","local_time":"20201223061620","is_ascension_mode":true,"campfire_choices":[{"data":"Blade Dance","floor":7.0,"key":"SMITH"},{"data":"Accuracy","floor":10.0,"key":"SMITH"},{"data":"Sucker Punch","floor":15.0,"key":"SMITH"},{"data":"Wraith Form v2","floor":24,"key":"SMITH"},{"data":"Cloak And Dagger","floor":25,"key":"SMITH"},{"data":"Accuracy","floor":27,"key":"SMITH"},{"floor":29,"key":"REST"},{"floor":32,"key":"REST"},{"data":"Cloak And Dagger","floor":42,"key":"SMITH"},{"data":"After Image","floor":49,"key":"SMITH"}],"circlet_count":0,"master_deck":["AscendersBane","Strike_G","Defend_G","Defend_G","Defend_G","Survivor","Neutralize","Acrobatics","Accuracy+1","Blade Dance+1","Accuracy+1","Sucker Punch+1","Riddle With Holes","Backflip","Caltrops","Adrenaline","Backflip+1","Bouncing Flask+1","Terror+1","Cloak And Dagger+1","Cloak And Dagger+1","Cloak And Dagger","Predator+1","Master of Strategy","Wraith Form v2+1","Calculated Gamble+1","Quick Slash","Acrobatics","After Image+1","Eviscerate+1","Backflip+1","Infinite Blades"],"relics":["Philosopher\u0027s Stone","Membership Card","Turnip","Bottled Flame","Bottled Lightning","Ornamental Fan","Astrolabe","WingedGreaves","Blood Vial","Bag of Preparation","WristBlade","Meat on the Bone","Letter Opener","TwistedFunnel","Mummified Hand","Happy Flower"],"acts_visited":["Exordium","TheCity","TheBeyond"],"potions_floor_usage":[20,21,28,28,40,50,50],"damage_taken":[{"damage":1.0,"enemies":"Cultist","floor":1.0,"turns":5.0},{"damage":13.0,"enemies":"Jaw Worm","floor":2.0,"turns":4.0},{"damage":0.0,"enemies":"2 Louse","floor":5.0,"turns":2.0},{"damage":16.0,"enemies":"3 Sentries","floor":6.0,"turns":7.0},{"damage":10.0,"enemies":"Gremlin Nob","floor":8.0,"turns":4.0},{"damage":0.0,"enemies":"2 Fungi Beasts","floor":12.0,"turns":2.0},{"damage":11.0,"enemies":"Gremlin Gang","floor":13.0,"turns":5.0},{"damage":1.0,"enemies":"Exordium Thugs","floor":14.0,"turns":4.0},{"damage":1.0,"enemies":"Hexaghost","floor":16.0,"turns":9.0},{"damage":4.0,"enemies":"Shell Parasite","floor":18.0,"turns":4.0},{"damage":0.0,"enemies":"3 Byrds","floor":19.0,"turns":4.0},{"damage":4,"enemies":"Snecko","floor":20,"turns":4},{"damage":9,"enemies":"3 Cultists","floor":21,"turns":4},{"damage":0,"enemies":"Gremlin Leader","floor":23,"turns":4},{"damage":24,"enemies":"Slavers","floor":28,"turns":7},{"damage":2,"enemies":"Centurion and Healer","floor":30,"turns":4},{"damage":0,"enemies":"Snecko","floor":31,"turns":2},{"damage":8,"enemies":"Automaton","floor":33,"turns":8},{"damage":6,"enemies":"3 Shapes","floor":35,"turns":3},{"damage":12,"enemies":"3 Darklings","floor":36,"turns":4},{"damage":13,"enemies":"Maw","floor":38,"turns":5},{"damage":1,"enemies":"4 Shapes","floor":39,"turns":6},{"damage":10,"enemies":"Nemesis","floor":40,"turns":5},{"damage":4,"enemies":"Spire Growth","floor":45,"turns":3},{"damage":0,"enemies":"Giant Head","floor":47,"turns":5},{"damage":28,"enemies":"Time Eater","floor":50,"turns":9}],"seed_played":"3660772375098283796","potions_obtained":[{"floor":1.0,"key":"Fire Potion"},{"floor":6.0,"key":"LiquidBronze"},{"floor":8.0,"key":"Block Potion"},{"floor":18.0,"key":"CunningPotion"},{"floor":23,"key":"SpeedPotion"},{"floor":30,"key":"BlessingOfTheForge"},{"floor":38,"key":"SkillPotion"},{"floor":40,"key":"DistilledChaos"}],"is_trial":false,"path_per_floor":["M","M","?","$","M","E","R","E","T","R","$","M","M","M","R","B",null,"M","M","M","M","$","E","R","R","T","R","E","R","M","M","R","B",null,"M","M","?","M","M","E","?","R","T","$","M","$","E","?","R","B",null],"character_chosen":"THE_SILENT","items_purchased":["Membership Card","Accuracy","Blade Dance","SteroidPotion","Ornamental Fan","Riddle With Holes","Energy Potion","Master of Strategy","TwistedFunnel","Infinite Blades","Mummified Hand"],"campfire_rested":2,"item_purchase_floors":[4,4,4,4,11,11,22,22,44,44,46],"current_hp_per_floor":[62,49,49,49,49,33,33,23,23,23,23,23,12,11,11,10,55,51,51,47,38,38,38,38,38,38,38,16,37,37,39,60,54,66,62,52,52,41,42,34,34,34,34,34,44,44,46,76,76,48],"gold":103,"neow_bonus":"BOSS_RELIC","is_daily":false,"chose_seed":false,"campfire_upgraded":8,"win_rate":0.0,"timestamp":1608671780,"path_taken":["M","M","?","$","M","E","R","E","T","R","?","M","M","M","R","BOSS","M","M","M","M","$","E","R","R","T","R","E","R","M","M","R","BOSS","M","M","?","M","M","E","?","R","T","$","M","$","E","?","R","BOSS"],"items_purchased_type":["Relic","Card","Card","Potion","Relic","Card","Potion","Card","Relic","Card","Relic"],"build_version":"2020-12-13","purchased_purges":4,"victory":true,"max_hp_per_floor":[70,70,70,70,70,70,70,70,70,70,70,70,70,70,70,70,70,70,70,70,70,70,70,70,70,70,70,70,70,70,70,70,70,70,70,70,66,66,66,66,66,66,66,66,66,66,66,76,76,76],"card_choices":[{"not_picked":["Predator","Prepared"],"picked":"Acrobatics","floor":1.0},{"not_picked":["Flying Knee","Dodge and Roll"],"picked":"Poisoned Stab","floor":2.0},{"not_picked":["Quick Slash","Endless Agony"],"picked":"Accuracy","floor":5.0},{"not_picked":["All Out Attack","Deadly Poison"],"picked":"Sucker Punch","floor":6.0},{"not_picked":["Underhanded Strike","Sucker Punch","Grand Finale"],"picked":"SKIP","floor":8.0},{"not_picked":["Bouncing Flask","Dodge and Roll","Bane"],"picked":"SKIP","floor":12.0},{"not_picked":["Concentrate","Outmaneuver"],"picked":"Backflip","floor":13.0},{"not_picked":["Dagger Throw","Infinite Blades"],"picked":"Caltrops","floor":14.0},{"not_picked":["Unload","Night Terror"],"picked":"Adrenaline","floor":16.0},{"not_picked":["Heel Hook","Riddle With Holes"],"picked":"Cloak And Dagger","floor":18.0},{"not_picked":["Caltrops","Blade Dance"],"picked":"Cloak And Dagger","floor":19.0},{"not_picked":["Dagger Throw","Skewer+1"],"picked":"Cloak And Dagger","floor":20},{"not_picked":["Noxious Fumes","Endless Agony"],"picked":"Predator+1","floor":21},{"not_picked":["Calculated Gamble+1","Prepared"],"picked":"Wraith Form v2","floor":23},{"not_picked":["Deadly Poison+1","Prepared+1"],"picked":"Calculated Gamble+1","floor":28},{"not_picked":["Flying Knee+1","Dagger Spray"],"picked":"Quick Slash","floor":30},{"not_picked":["Underhanded Strike","Poisoned Stab"],"picked":"Acrobatics","floor":31},{"not_picked":["Night Terror","Malaise"],"picked":"After Image","floor":33},{"not_picked":["Well Laid Plans+1","Prepared+1"],"picked":"Eviscerate+1","floor":35},{"not_picked":["Dagger Throw","Footwork+1","Deadly Poison+1"],"picked":"SKIP","floor":36},{"not_picked":["Bane+1","Acrobatics+1"],"picked":"Backflip+1","floor":38},{"not_picked":["Deadly Poison","Noxious Fumes","Sucker Punch"],"picked":"SKIP","floor":39},{"not_picked":["Flying Knee","Terror+1","Heel Hook"],"picked":"SKIP","floor":40},{"not_picked":["Corpse Explosion","Flying Knee+1","Acrobatics"],"picked":"SKIP","floor":45},{"not_picked":["Dodge and Roll","Deflect"],"picked":"Tools of the Trade","floor":47}],"player_experience":223095,"relics_obtained":[{"floor":6.0,"key":"Turnip"},{"floor":8.0,"key":"Bottled Flame"},{"floor":9.0,"key":"Bottled Lightning"},{"floor":23,"key":"WingedGreaves"},{"floor":26,"key":"Blood Vial"},{"floor":28,"key":"Bag of Preparation"},{"floor":40,"key":"Meat on the Bone"},{"floor":43,"key":"Letter Opener"},{"floor":47,"key":"Happy Flower"}],"event_choices":[{"damage_healed":0.0,"max_hp_gain":0.0,"max_hp_loss":0.0,"gold_gain":275.0,"event_name":"Golden Shrine","player_choice":"Desecrate","floor":3.0,"gold_loss":0.0,"damage_taken":0.0,"cards_obtained":["Regret"]},{"damage_healed":0,"gold_gain":0,"player_choice":"Max HP","damage_taken":0,"max_hp_gain":0,"max_hp_loss":4,"event_name":"Winding Halls","floor":37,"gold_loss":0},{"cards_removed":["Poisoned Stab"],"damage_healed":0,"gold_gain":0,"player_choice":"Removed Attack","damage_taken":0,"max_hp_gain":0,"max_hp_loss":0,"event_name":"Falling","floor":41,"gold_loss":0},{"cards_removed":["Tools of the Trade"],"damage_healed":20,"gold_gain":0,"player_choice":"Offered Rare","damage_taken":0,"max_hp_gain":10,"max_hp_loss":0,"event_name":"Bonfire Elementals","floor":48,"gold_loss":0}],"is_beta":false,"boss_relics":[{"not_picked":["Velvet Choker","Coffee Dripper"],"picked":"Astrolabe"},{"not_picked":["Fusion Hammer","Empty Cage"],"picked":"WristBlade"}],"items_purged_floors":[4,11,22,44],"is_endless":false,"potions_floor_spawned":[1,6,8,12,13,14,18,23,30,38,39,40],"ascension_level":10}}