{"host":"ohugux5wi6kc4oge","time":1608642246,"event":{"mods":["BaseMod","Beaked The Cultist","Better Third Choice","Colored Powertips","Downfall","GifTheSpireLib","Minty Spire (QoL Compilation)","Quick Restart","Replay The Spire","StSLib","Stuff the Spire","The Construct","The IronCluck","egg","everything is the same but u backflip on backflip"],"gold_per_floor":[109,34,34,34,34,66,66,96,122,149,149,162,162,162,162,263,263,280,205,120,134,134,134,153,153,153],"floor_reached":25,"playtime":791,"items_purged":["Defend_R"],"score":370,"play_id":"503a07d9-9b0f-45e9-a3c7-8fb515975946","local_time":"20201222140406","is_ascension_mode":true,"campfire_choices":[{"data":"Bash","floor":7,"key":"SMITH"},{"floor":11,"key":"REST"},{"floor":13,"key":"RECALL"},{"data":"Pommel Strike","floor":15,"key":"SMITH"},{"data":"Demon Form","floor":23,"key":"SMITH"}],"circlet_count":0,"master_deck":["Strike_R","Strike_R","Strike_R","Defend_R","Defend_R","Bash+1","Pommel Strike+1","Shrug It Off","Demon Form+1","Spot Weakness","Heavy Blade","Seeing Red","Shrug It Off"],"relics":["Burning Blood","NeowsBlessing","Prayer Wheel","Toy Ornithopter","Blue Doll","Replay:Ringing Soul","StuffTheSpire:RunicConfusion","Divine Protection"],"acts_visited":["Exordium","TheCity"],"potions_floor_usage":[10,16,16],"damage_taken":[{"damage":0,"enemies":"2 Louse","floor":1,"turns":1},{"damage":0,"enemies":"Gremlin Nob","floor":6,"turns":1},{"damage":0,"enemies":"Lagavulin","floor":8,"turns":1},{"damage":65,"enemies":"3 Sentries","floor":10,"turns":11},{"damage":2,"enemies":"Jaw Worm","floor":12,"turns":3},{"damage":65,"enemies":"Fading Forest","floor":16,"turns":11},{"damage":19,"enemies":"Spheric Guardian","floor":18,"turns":4},{"damage":30,"enemies":"3 Byrds","floor":21,"turns":5},{"damage":28,"enemies":"Shelled Parasite and Fungi","floor":24,"turns":5},{"damage":0,"enemies":"Slavers","floor":25,"turns":1}],"seed_played":"-5207275628339539475","potions_obtained":[{"floor":1,"key":"Elixir"},{"floor":10,"key":"Guardian:BlockOnCardUsePotion"},{"floor":12,"key":"Guardian:BlockOnCardUsePotion"},{"floor":16,"key":"hexamod:EctoCoolerPotion"},{"floor":24,"key":"Dexterity Potion"}],"is_trial":false,"path_per_floor":["M","$","?","T","?","E","R","E","T","E","R","M","R","?","R","B",null,"M","?","?","M","?","R","M","E"],"character_chosen":"IRONCLAD","items_purchased":[],"campfire_rested":1,"item_purchase_floors":[],"current_hp_per_floor":[78,78,78,78,78,80,80,80,80,26,50,57,57,57,57,29,72,62,62,62,41,41,41,22,22,22],"gold":153,"neow_bonus":"THREE_ENEMY_KILL","is_daily":false,"chose_seed":false,"campfire_upgraded":3,"win_rate":0.0,"timestamp":1608642246,"path_taken":["M","$","?","?","?","E","R","E","T","E","R","?","R","?","R","BOSS","M","?","?","M","?","R","?","E"],"items_purchased_type":[],"build_version":"2020-12-13","purchased_purges":1,"victory":false,"max_hp_per_floor":[80,80,80,80,80,80,80,80,80,80,80,83,83,83,83,86,86,89,89,89,92,92,92,95,95,95],"card_choices":[{"not_picked":["StuffTheSpire:BloodClot","Heavy Blade","True Grit"],"picked":"SKIP","floor":1},{"not_picked":["Carnage","Hemogenesis","Warcry"],"picked":"SKIP","floor":6},{"not_picked":["Demonic Infusion","Life Link","Wild Strike"],"picked":"SKIP","floor":8},{"not_picked":["StuffTheSpire:BloodClot","Power Through","StuffTheSpire:Slingshot"],"picked":"SKIP","floor":10},{"not_picked":["True Grit","StuffTheSpire:Slingshot"],"picked":"Pommel Strike","floor":12},{"not_picked":["StuffTheSpire:Slingshot","Clash"],"picked":"Shrug It Off","floor":12},{"not_picked":["Corruption","Barricade"],"picked":"Demon Form","floor":16},{"not_picked":["Wild Strike","Cleave"],"picked":"Spot Weakness","floor":18},{"not_picked":["Body Slam","Bloodletting","Havoc"],"picked":"SKIP","floor":18},{"not_picked":["StuffTheSpire:Incineration","Iron Wave"],"picked":"Heavy Blade","floor":21},{"not_picked":["Wild Strike","Run Through+1"],"picked":"Seeing Red","floor":21},{"not_picked":["Evolve","ReplayTheSpireMod:Muscle Training"],"picked":"Shrug It Off","floor":24},{"not_picked":["Dual Wield","ReplayTheSpireMod:Strike From Hell","StuffTheSpire:Resist"],"picked":"SKIP","floor":24}],"player_experience":513815,"relics_obtained":[{"floor":4,"key":"Prayer Wheel"},{"floor":6,"key":"Toy Ornithopter"},{"floor":8,"key":"Blue Doll"},{"floor":10,"key":"Replay:Ringing Soul"}],"event_choices":[{"cards_removed":["Strike_R"],"damage_healed":0,"gold_gain":0,"player_choice":"Card Removal","damage_taken":0,"max_hp_gain":0,"max_hp_loss":0,"event_name":"Wheel of Change","floor":5,"gold_loss":0},{"cards_removed":["Defend_R"],"damage_healed":0,"gold_gain":0,"player_choice":"Offered Basic","damage_taken":0,"max_hp_gain":0,"max_hp_loss":0,"event_name":"Bonfire Elementals","floor":14,"gold_loss":0},{"cards_removed":["Strike_R"],"damage_healed":0,"gold_gain":0,"player_choice":"Gave Gold","damage_taken":0,"max_hp_gain":0,"max_hp_loss":0,"event_name":"Beggar","floor":19,"gold_loss":75},{"damage_healed":0,"gold_gain":0,"player_choice":"Obtained Relic","damage_taken":0,"relics_obtained":["Divine Protection"],"max_hp_gain":0,"max_hp_loss":0,"event_name":"Addict","floor":20,"gold_loss":85},{"damage_healed":0,"gold_gain":0,"player_choice":"Bought 0 Potions","damage_taken":0,"max_hp_gain":0,"max_hp_loss":0,"event_name":"The Woman in Blue","floor":22,"gold_loss":0}],"is_beta":false,"boss_relics":[{"not_picked":["Black Star","Replay:Drink Me"],"picked":"StuffTheSpire:RunicConfusion"}],"items_purged_floors":[2],"is_endless":false,"potions_floor_spawned":[1,10,12,16,24],"killed_by":"Slavers","ascension_level":6}}