{"host":"a5523bqxi3k68xf3","time":1608629687,"event":{"mods":["BaseMod","BetterRewards","Hermit","Koishi","Marisa????????","Minty Spire (QoL Compilation)","Quick Restart","Random Character Button","Relic Stats","Shop Mod","StSLib","The Animator","The Cursed","The Necromancer","The Servant 0.9.4"],"gold_per_floor":[46,71,82,10,38,38,68,143,143,157,157,169,203,203,203,315,315,329,329,53,53,71,71,90,90,116,116,116,151,151,165,165,282,282,297,224,80,80,92,121,121,148,148,198,229,241,241,241,241,241],"floor_reached":51,"playtime":2377,"items_purged":["animator:Defend","Decay"],"score":1360,"play_id":"cf50929d-6245-4286-807d-b866e72dcd38","local_time":"20201222103447","is_ascension_mode":true,"campfire_choices":[{"floor":6,"key":"REST"},{"floor":11,"key":"REST"},{"floor":15,"key":"REST"},{"data":"animator:Envy","floor":23,"key":"SMITH"},{"data":"animator:Alexander","floor":25,"key":"SMITH"},{"data":"animator:Mitsurugi","floor":27,"key":"SMITH"},{"floor":30,"key":"REST"},{"data":"animator:Mitsurugi","floor":32,"key":"SMITH"},{"floor":41,"key":"REST"},{"data":"animator:Wiz","floor":47,"key":"SMITH"},{"floor":49,"key":"REST"}],"circlet_count":0,"master_deck":["animator:Strike_Konosuba","animator:Defend_Konosuba","animator:Strike","animator:Strike","animator:Defend","animator:Defend","animator:Kazuma","animator:Aqua","animator:Alexander+1","animator:Megumin+17","animator:Alexander+1","animator:CrowleyEusford","animator:Vanir","animator:Emonzaemon","animator:Mitsurugi+1","animator:Mitsurugi+1","animator:Envy+1","animator:Berserker","animator:KrulTepes","animator:IchigoKurosaki","animator:Wiz+1"],"relics":["animator:VividPicture","animator:ColorlessFragment","HandDrill","Oddly Smooth Stone","Ornamental Fan","HornCleat","animator:HallowedScabbard","Charon\u0027s Ashes","Darkstone Periapt","Runic Dome","Centennial Puzzle","Red Skull","InkBottle","Brimstone","Molten Egg 2","Bronze Scales","Meat on the Bone","StoneCalendar","Dream Catcher","Bottled Tornado"],"acts_visited":["Exordium","TheCity","TheBeyond"],"potions_floor_usage":[2,10,29,50,50,50],"damage_taken":[{"damage":8,"enemies":"2 Louse","floor":1,"turns":2},{"damage":1,"enemies":"Jaw Worm","floor":2,"turns":4},{"damage":12,"enemies":"Small Slimes","floor":3,"turns":3},{"damage":0,"enemies":"2 Fungi Beasts","floor":5,"turns":3},{"damage":4,"enemies":"3 Sentries","floor":7,"turns":8},{"damage":5,"enemies":"Gremlin Gang","floor":10,"turns":2},{"damage":0,"enemies":"Large Slime","floor":12,"turns":4},{"damage":20,"enemies":"Gremlin Nob","floor":13,"turns":4},{"damage":6,"enemies":"Slime Boss","floor":16,"turns":7},{"damage":8,"enemies":"Chosen","floor":18,"turns":3},{"damage":0,"enemies":"3 Byrds","floor":22,"turns":4},{"damage":10,"enemies":"Cultist and Chosen","floor":24,"turns":3},{"damage":17,"enemies":"animator:HornedBat","floor":29,"turns":4},{"damage":9,"enemies":"Snake Plant","floor":31,"turns":3},{"damage":3,"enemies":"Champ","floor":33,"turns":7},{"damage":6,"enemies":"3 Shapes","floor":35,"turns":2},{"damage":1,"enemies":"3 Darklings","floor":39,"turns":2},{"damage":24,"enemies":"Nemesis","floor":40,"turns":5},{"damage":8,"enemies":"Reptomancer","floor":42,"turns":3},{"damage":9,"enemies":"Mind Bloom Boss Battle","floor":44,"turns":3},{"damage":19,"enemies":"Nemesis","floor":45,"turns":3},{"damage":0,"enemies":"4 Shapes","floor":46,"turns":2},{"damage":21,"enemies":"Donu and Deca","floor":50,"turns":4}],"seed_played":"1031839583931281643","potions_obtained":[{"floor":7,"key":"LiquidMemories"},{"floor":12,"key":"Dexterity Potion"},{"floor":13,"key":"Strength Potion"},{"floor":16,"key":"DuplicationPotion"},{"floor":29,"key":"AttackPotion"},{"floor":39,"key":"Block Potion"}],"is_trial":false,"path_per_floor":["M","M","M","$","M","R","E","?","T","M","R","M","E","?","R","B",null,"M","?","$","?","M","R","M","R","T","R","?","E","R","M","R","B",null,"M","?","$","$","M","E","R","E","T","?","E","M","R","T","R","B",null],"character_chosen":"THE_ANIMATOR","items_purchased":["HandDrill","animator:Alexander","animator:Megumin","Oddly Smooth Stone","Ornamental Fan","HornCleat","Block Potion","animator:FalseLifePotion","animator:ColorlessFragment","Brimstone"],"campfire_rested":6,"item_purchase_floors":[0,0,0,0,0,0,0,4,20,37],"current_hp_per_floor":[15,16,6,6,8,27,25,14,14,11,30,33,15,15,35,31,58,52,58,58,58,60,60,53,53,53,53,53,38,60,53,53,52,69,63,63,63,63,64,46,68,62,62,55,42,42,42,42,64,52],"gold":241,"neow_bonus":"","is_daily":false,"chose_seed":false,"campfire_upgraded":5,"win_rate":0.0,"timestamp":1608629687,"path_taken":["M","M","M","$","M","R","E","?","T","M","R","M","E","?","R","BOSS","M","?","$","?","M","R","?","R","T","R","?","E","R","M","R","BOSS","M","?","?","$","M","E","R","E","T","?","E","M","R","?","R","BOSS"],"items_purchased_type":["Relic","Card","Card","Relic","Relic","Relic","Potion","Potion","Relic","Relic"],"build_version":"2020-12-13","purchased_purges":2,"victory":true,"max_hp_per_floor":[66,66,66,66,66,66,66,66,66,66,66,67,67,67,67,67,67,67,73,73,73,73,73,74,74,74,74,74,74,74,74,74,74,74,74,74,74,74,74,74,74,74,74,74,74,74,74,74,74,74],"relic_stats":{"Darkstone Periapt":6,"Centennial Puzzle":[30],"Dream Catcher":1,"counters":[91,389],"Ornamental Fan":[144],"Bronze Scales":[36],"StoneCalendar":[0],"Charon\u0027s Ashes":[91],"HandDrill":[32],"obtain_stats":[{"Gremlin Horn":8,"Vajra":37,"Bottled Tornado":48,"animator:RacePiece":17,"Old Coin":26,"Blood Vial":24,"Centennial Puzzle":26,"HornCleat":31,"HandDrill":0,"Toxic Egg 2":27,"Happy Flower":43,"animator:BattleDrones":13,"Oddly Smooth Stone":14,"Charon\u0027s Ashes":9,"Paper Crane":27,"Question Card":10,"Akabeko":5,"Runic Dome":34,"Bottled Flame":47,"Brimstone":37,"Bronze Scales":10,"MutagenicStrength":28,"Molten Egg 2":0,"CatCart":38,"Pocketwatch":48,"Meat on the Bone":43,"Darkstone Periapt":13,"animator:ShionDessert":19,"Regal Pillow":40,"animator:TheMissingPiece":0,"SacredBark":17,"Enchiridion":20,"StoneCalendar":44,"Juzu Bracelet":20,"Ancient Tea Set":6,"Empty Cage":34,"ClockworkSouvenir":0,"Nunchaku":0,"Dream Catcher":45,"Tiny Chest":6,"WingedGreaves":10,"animator:HallowedScabbard":7,"animator:VividPicture":34,"InkBottle":9,"Red Skull":37,"Potion Belt":13,"animator:Buoy":0,"Lee\u0027s Waffle":37,"animator:ColorlessFragment":20,"Thread and Needle":36,"PreservedInsect":12,"The Courier":43,"Frozen Egg 2":28,"MawBank":26,"White Beast Statue":25,"Peace Pipe":42,"Busted Crown":17,"Ornamental Fan":0,"animator:LivingPicture":0,"Bag of Marbles":12,"Bottled Lightning":9,"FossilizedHelix":46},{"Gremlin Horn":25,"Vajra":12,"Bottled Tornado":90,"animator:RacePiece":28,"Old Coin":57,"Blood Vial":8,"Centennial Puzzle":80,"HornCleat":9,"HandDrill":68,"Toxic Egg 2":58,"Happy Flower":15,"animator:BattleDrones":38,"Oddly Smooth Stone":27,"Charon\u0027s Ashes":73,"Paper Crane":8,"Question Card":26,"Akabeko":2,"Runic Dome":10,"Bottled Flame":66,"Brimstone":84,"Bronze Scales":4,"MutagenicStrength":45,"Molten Egg 2":19,"CatCart":63,"Pocketwatch":67,"Meat on the Bone":87,"Darkstone Periapt":76,"animator:ShionDessert":7,"Regal Pillow":14,"animator:TheMissingPiece":0,"SacredBark":6,"Enchiridion":7,"StoneCalendar":88,"Juzu Bracelet":55,"Ancient Tea Set":24,"Empty Cage":60,"ClockworkSouvenir":31,"Nunchaku":19,"Dream Catcher":89,"Tiny Chest":3,"WingedGreaves":36,"animator:HallowedScabbard":73,"animator:VividPicture":83,"InkBottle":3,"Red Skull":62,"Potion Belt":26,"animator:Buoy":46,"Lee\u0027s Waffle":62,"animator:ColorlessFragment":78,"Thread and Needle":62,"PreservedInsect":26,"The Courier":64,"Frozen Egg 2":8,"MawBank":8,"White Beast Statue":44,"Peace Pipe":15,"Busted Crown":53,"Ornamental Fan":68,"animator:LivingPicture":0,"Bag of Marbles":5,"Bottled Lightning":51,"FossilizedHelix":65},{"Gremlin Horn":118,"Vajra":59,"Bottled Tornado":385,"animator:RacePiece":131,"Old Coin":253,"Blood Vial":40,"Centennial Puzzle":351,"HornCleat":43,"HandDrill":304,"Toxic Egg 2":257,"Happy Flower":76,"animator:BattleDrones":162,"Oddly Smooth Stone":124,"Charon\u0027s Ashes":324,"Paper Crane":40,"Question Card":121,"Akabeko":10,"Runic Dome":52,"Bottled Flame":294,"Brimstone":367,"Bronze Scales":20,"MutagenicStrength":194,"Molten Egg 2":93,"CatCart":282,"Pocketwatch":296,"Meat on the Bone":377,"Darkstone Periapt":334,"animator:ShionDessert":36,"Regal Pillow":71,"animator:TheMissingPiece":0,"SacredBark":33,"Enchiridion":36,"StoneCalendar":380,"Juzu Bracelet":246,"Ancient Tea Set":113,"Empty Cage":267,"ClockworkSouvenir":139,"Nunchaku":93,"Dream Catcher":383,"Tiny Chest":16,"WingedGreaves":157,"animator:HallowedScabbard":324,"animator:VividPicture":365,"InkBottle":16,"Red Skull":275,"Potion Belt":121,"animator:Buoy":204,"Lee\u0027s Waffle":275,"animator:ColorlessFragment":344,"Thread and Needle":275,"PreservedInsect":121,"The Courier":288,"Frozen Egg 2":40,"MawBank":40,"White Beast Statue":190,"Peace Pipe":76,"Busted Crown":240,"Ornamental Fan":304,"animator:LivingPicture":0,"Bag of Marbles":22,"Bottled Lightning":232,"FossilizedHelix":290}],"InkBottle":[8],"Meat on the Bone":0},"card_choices":[{"not_picked":["animator:UneriGinkaku","animator:MetalKnight"],"picked":"animator:Alexander","floor":1},{"not_picked":["animator:UneriGinkaku","animator:MaesHughes"],"picked":"animator:CrowleyEusford","floor":2},{"not_picked":["animator:Mikaela","animator:EmiyaShirou","animator:FeridBathory"],"picked":"SKIP","floor":3},{"not_picked":["animator:Verdia","animator:Darkness"],"picked":"animator:Vanir","floor":5},{"not_picked":["animator:Sonic","animator:Rider"],"picked":"animator:Emonzaemon","floor":7},{"not_picked":["animator:Assassin","animator:Gluttony","animator:Yoichi"],"picked":"SKIP","floor":10},{"not_picked":["animator:Rider","animator:Assassin"],"picked":"animator:Mitsurugi","floor":12},{"not_picked":["animator:Eris","animator:Vanir"],"picked":"animator:Mitsurugi","floor":13},{"not_picked":["animator:Greed","animator:Father"],"picked":"animator:Envy","floor":16},{"not_picked":["animator:Sloth","animator:Darkness","animator:MaesHughes"],"picked":"SKIP","floor":18},{"not_picked":["animator:UneriGinkaku","animator:Verdia+1"],"picked":"animator:Berserker","floor":22},{"not_picked":["animator:ElricEdward","animator:Nanami"],"picked":"animator:KrulTepes","floor":24},{"not_picked":["animator:QuestionMark","animator:HarukoHaruhara"],"picked":"animator:IchigoKurosaki","floor":29},{"not_picked":["animator:Verdia+1","animator:Chris","animator:Caster"],"picked":"SKIP","floor":31},{"not_picked":["animator:FeridBathory","animator:Guren"],"picked":"animator:Wiz","floor":33},{"not_picked":["animator:Berserker","animator:Verdia","animator:Hakurou"],"picked":"SKIP","floor":35},{"not_picked":["animator:Megumin+1","animator:Sonic","animator:Mitsuba+1"],"picked":"SKIP","floor":40},{"not_picked":["animator:Shichika","animator:Envy","animator:Genos+1"],"picked":"SKIP","floor":42},{"not_picked":["animator:Geryuganshoop+1","animator:Megumin+1","animator:Verdia+1"],"picked":"SKIP","floor":46}],"player_experience":1677826,"relics_obtained":[{"floor":7,"key":"animator:HallowedScabbard"},{"floor":9,"key":"Charon\u0027s Ashes"},{"floor":13,"key":"Darkstone Periapt"},{"floor":26,"key":"Centennial Puzzle"},{"floor":29,"key":"Red Skull"},{"floor":40,"key":"Molten Egg 2"},{"floor":42,"key":"Bronze Scales"},{"floor":43,"key":"Meat on the Bone"},{"floor":44,"key":"StoneCalendar"},{"floor":45,"key":"Dream Catcher"},{"floor":48,"key":"Bottled Tornado"}],"event_choices":[{"damage_healed":0,"gold_gain":75,"player_choice":"Gather Gold","damage_taken":11,"max_hp_gain":0,"max_hp_loss":0,"event_name":"World of Goop","floor":8,"gold_loss":0},{"damage_healed":0,"gold_gain":0,"player_choice":"Grow","damage_taken":0,"max_hp_gain":0,"max_hp_loss":0,"event_name":"Living Wall","floor":14,"gold_loss":0,"cards_upgraded":["animator:Alexander"]},{"damage_healed":0,"gold_gain":0,"player_choice":"Smashed Altar","damage_taken":0,"max_hp_gain":0,"max_hp_loss":0,"event_name":"Forgotten Altar","floor":19,"gold_loss":0,"cards_obtained":["Decay"]},{"cards_removed":["animator:Strike"],"damage_healed":0,"gold_gain":0,"player_choice":"Purged","damage_taken":0,"max_hp_gain":0,"max_hp_loss":0,"event_name":"Purifier","floor":21,"gold_loss":0},{"damage_healed":0,"gold_gain":0,"player_choice":"Ignored","damage_taken":0,"max_hp_gain":0,"max_hp_loss":0,"event_name":"Cursed Tome","floor":28,"gold_loss":0},{"damage_healed":0,"gold_gain":0,"player_choice":"Paid Gold","damage_taken":0,"relics_obtained":["InkBottle"],"max_hp_gain":0,"max_hp_loss":0,"event_name":"WeMeetAgain","floor":36,"gold_loss":73},{"damage_healed":0,"gold_gain":0,"player_choice":"Fight","damage_taken":0,"max_hp_gain":0,"max_hp_loss":0,"event_name":"MindBloom","floor":44,"gold_loss":0}],"is_beta":false,"boss_relics":[{"not_picked":["Philosopher\u0027s Stone","Black Star"],"picked":"Runic Dome"},{"not_picked":["SlaversCollar","animator:CursedBlade"],"picked":"animator:VividPicture"}],"items_purged_floors":[0,20],"is_endless":false,"potions_floor_spawned":[7,12,13,16,24,29,33,39,40,44],"ascension_level":8}}