{"host":"adv1uqz3812gqgbw","time":1608671405,"event":{"mods":["BaseMod","Better Note","Better Third Choice","Colored Powertips","Custom Start","Dio Mod","GifTheSpireLib","Hermit","Minty Spire (QoL Compilation)","Robot Space Explorer","StSLib","The Runesmith","Uncapped"],"gold_per_floor":[111,124,124,47,47,47,58,70,70,70,70,87,151,166,166,261,261,279,279,279,56,87,117,28,28,103,103,114,130,147,166,166,166,166],"floor_reached":33,"playtime":1853,"items_purged":["hermit:Defend_Hermit"],"score":282,"play_id":"1f8cd1b1-dfce-4093-96e6-15f0db4203f6","local_time":"20201222191005","is_ascension_mode":false,"campfire_choices":[{"data":"hermit:Quickdraw","floor":6,"key":"SMITH"},{"data":"hermit:CalledShot","floor":10,"key":"SMITH"},{"floor":15,"key":"REST"},{"data":"Dramatic Entrance","floor":25,"key":"SMITH"},{"data":"hermit:Quickdraw","floor":27,"key":"SMITH"},{"floor":32,"key":"REST"}],"circlet_count":0,"master_deck":["hermit:Strike_Hermit","hermit:Strike_Hermit","hermit:Defend_Hermit","hermit:Defend_Hermit","hermit:Defend_Hermit","hermit:Snapshot","hermit:Covet","hermit:Headshot","hermit:Quickdraw+1","hermit:Dive","hermit:CalledShot+1","hermit:Quickdraw+1","hermit:WideOpen","Panache+1","hermit:Glare+1","Dramatic Entrance+1"],"relics":["hermit:Momento","Toxic Egg 2","Bag of Marbles","Empty Cage","Sling","Red Mask","hermit:RyeStalk","Sundial"],"acts_visited":["Exordium","TheCity"],"potions_floor_usage":[16,16,18,28,33],"damage_taken":[{"damage":14,"enemies":"Small Slimes","floor":1,"turns":5},{"damage":0,"enemies":"Cultist","floor":2,"turns":3},{"damage":0,"enemies":"Jaw Worm","floor":7,"turns":2},{"damage":13,"enemies":"3 Louse","floor":8,"turns":3},{"damage":0,"enemies":"Red Slaver","floor":12,"turns":2},{"damage":34,"enemies":"Lagavulin Event","floor":13,"turns":7},{"damage":1,"enemies":"2 Fungi Beasts","floor":14,"turns":2},{"damage":43,"enemies":"Slime Boss","floor":16,"turns":10},{"damage":0,"enemies":"Chosen","floor":18,"turns":4},{"damage":30,"enemies":"Masked Bandits","floor":22,"turns":5},{"damage":10,"enemies":"Gremlin Leader","floor":23,"turns":4},{"damage":15,"enemies":"3 Byrds","floor":28,"turns":3},{"damage":22,"enemies":"Snake Plant","floor":29,"turns":4},{"damage":5,"enemies":"3 Cultists","floor":30,"turns":4},{"damage":1,"enemies":"Centurion and Healer","floor":31,"turns":4},{"damage":62,"enemies":"Automaton","floor":33,"turns":6}],"seed_played":"-3852250343238624972","potions_obtained":[{"floor":2,"key":"SteroidPotion"},{"floor":7,"key":"GamblersBrew"},{"floor":12,"key":"Fire Potion"},{"floor":18,"key":"Fruit Juice"},{"floor":22,"key":"Explosive Potion"},{"floor":28,"key":"Fruit Juice"}],"is_trial":false,"path_per_floor":["M","M","?","$","?","R","M","M","T","R","$","M","?","M","R","B",null,"M","?","?","$","?","E","$","R","T","R","M","M","M","M","R","B"],"character_chosen":"HERMIT","items_purchased":["hermit:Quickdraw","hermit:Dive","Sling","Dramatic Entrance"],"campfire_rested":2,"item_purchase_floors":[4,4,21,24],"current_hp_per_floor":[68,68,68,68,68,68,68,55,55,55,55,55,21,20,44,1,82,87,87,87,87,57,47,47,47,47,47,37,15,10,9,36,0,0],"gold":166,"neow_bonus":"TEN_PERCENT_HP_BONUS","is_daily":false,"chose_seed":false,"campfire_upgraded":4,"win_rate":0.0,"timestamp":1608671405,"path_taken":["M","M","?","$","?","R","M","?","T","R","$","M","?","M","R","BOSS","M","?","?","$","?","E","$","R","T","R","M","M","?","M","R","BOSS"],"items_purchased_type":["Card","Card","Relic","Card"],"build_version":"2020-12-13","purchased_purges":1,"victory":false,"max_hp_per_floor":[82,82,82,82,82,82,82,82,82,82,82,82,82,82,82,82,82,87,87,87,87,87,87,87,87,87,87,92,92,92,92,92,92,92],"card_choices":[{"not_picked":["hermit:Vantage","hermit:Desperado"],"picked":"hermit:Headshot","floor":1},{"not_picked":["hermit:Determination","hermit:HoleUp"],"picked":"hermit:SprayPray","floor":2},{"not_picked":["hermit:Desperado","hermit:Coalescence"],"picked":"hermit:CalledShot","floor":7},{"not_picked":["hermit:Deadeye","hermit:Vantage"],"picked":"hermit:Quickdraw","floor":8},{"not_picked":["hermit:Combo","hermit:Vantage+1","hermit:Spite"],"picked":"SKIP","floor":12},{"not_picked":["hermit:Snipe+1","hermit:LowProfile+1","hermit:SprayPray"],"picked":"SKIP","floor":14},{"not_picked":["hermit:Midnight+1","hermit:Horror+1"],"picked":"hermit:WideOpen","floor":18},{"not_picked":["hermit:TakeAim","hermit:LowProfile+1","hermit:Malice"],"picked":"SKIP","floor":23},{"not_picked":["hermit:Coalescence+1","hermit:Quickdraw+1","hermit:LowProfile+1"],"picked":"SKIP","floor":28},{"not_picked":["hermit:Glare+1","hermit:Desperado","hermit:LoneWolf+1"],"picked":"SKIP","floor":29},{"not_picked":["hermit:BigShot","hermit:TakeAim","hermit:Gambit+1"],"picked":"SKIP","floor":30},{"not_picked":["hermit:Dive+1","hermit:Roulette","hermit:TrackingShot+1"],"picked":"SKIP","floor":31}],"player_experience":298632,"relics_obtained":[{"floor":9,"key":"Toxic Egg 2"},{"floor":13,"key":"Bag of Marbles"},{"floor":22,"key":"Red Mask"},{"floor":23,"key":"hermit:RyeStalk"},{"floor":26,"key":"Sundial"}],"event_choices":[{"damage_healed":68,"gold_gain":0,"player_choice":"Leave","damage_taken":0,"max_hp_gain":0,"max_hp_loss":82,"event_name":"betterThird:BetterShining","floor":3,"gold_loss":0},{"cards_removed":["hermit:Strike_Hermit"],"damage_healed":0,"gold_gain":0,"player_choice":"Offered Basic","damage_taken":0,"max_hp_gain":0,"max_hp_loss":0,"event_name":"Bonfire Elementals","floor":5,"gold_loss":0},{"damage_healed":0,"gold_gain":0,"player_choice":"Searched \u00272\u0027 times","damage_taken":0,"max_hp_gain":0,"max_hp_loss":0,"event_name":"Dead Adventurer","floor":13,"gold_loss":0},{"cards_removed":["hermit:Covet"],"damage_healed":0,"gold_gain":0,"player_choice":"Take \u0026 Give","damage_taken":0,"max_hp_gain":0,"max_hp_loss":0,"event_name":"betterNote:BetterNote","floor":19,"gold_loss":0,"cards_obtained":["Panache"]},{"damage_healed":0,"gold_gain":0,"player_choice":"Read","damage_taken":0,"max_hp_gain":0,"max_hp_loss":0,"event_name":"The Library","floor":20,"gold_loss":0,"cards_obtained":["hermit:Glare"]},{"damage_healed":0,"gold_gain":0,"player_choice":"Fought Bandits","damage_taken":0,"max_hp_gain":0,"max_hp_loss":0,"event_name":"Masked Bandits","floor":22,"gold_loss":0}],"is_beta":false,"boss_relics":[{"not_picked":["SlaversCollar","hermit:BartenderGlass"],"picked":"Empty Cage"}],"items_purged_floors":[21],"is_endless":false,"potions_floor_spawned":[2,7,12,18,22,28],"killed_by":"Automaton","ascension_level":0}}