{"host":"eydwxg59205c3vtl","time":1608659244,"event":{"mods":["2.2 Compatiblity","BaseMod","Colored Map","Colored Powertips","Hubris","Minty Spire (QoL Compilation)","StSLib","The Necromancer"],"gold_per_floor":[110,110,0,18,33,33,152,152,230,258,258,5,5,5,5,96,96,111,111,224,8,21,46,46,46,72,107,107,107,107,137,137,214,214,233,251,271,75,75,75,90,122,122,134,163,180,234,252,252,252,252],"floor_reached":52,"playtime":1907,"items_purged":["Strike_R","Injury","Writhe"],"score":1975,"play_id":"a6c8d99c-7aef-4afd-a413-665312fbc3aa","local_time":"20201222124724","is_ascension_mode":true,"campfire_choices":[{"data":"Inflame","floor":8.0,"key":"SMITH"},{"data":"Uppercut","floor":15.0,"key":"SMITH"},{"floor":25.0,"key":"REST"},{"data":"Double Tap","floor":30.0,"key":"SMITH"},{"floor":32.0,"key":"REST"},{"data":"Limit Break","floor":40,"key":"SMITH"},{"data":"Heavy Blade","floor":49,"key":"SMITH"}],"circlet_count":0,"master_deck":["AscendersBane","Strike_R","Strike_R","Strike_R","Defend_R","Defend_R","Defend_R","Defend_R","Bash","Uppercut+1","Shrug It Off","Twin Strike","Pommel Strike","Inflame+1","Demon Form+1","Seeing Red","Sword Boomerang+1","Cleave","Seeing Red+1","hubris:StunningStrike","Shockwave+1","Limit Break+1","Headbutt","Shrug It Off+1","hubris:DuctTapeCard+2","Dropkick+1","Heavy Blade+1"],"relics":["Burning Blood","hubris:ToyBattleship","hubris:Icosahedron","hubris:SphereOfDissonance","Dream Catcher","Membership Card","Bloody Idol","hubris:Towel","hubris:Stopwatch","hubris:HerbalPaste","Potion Belt","Singing Bowl","Omamori","Champion Belt","Mercury Hourglass","hubris:Backtick","hubris:Zylophone","Gremlin Horn","Happy Flower","hubris:DuctTape","Incense Burner","War Paint"],"acts_visited":["Exordium","TheCity","TheBeyond"],"potions_floor_usage":[33,33,36,41,42,45,50,50,50],"damage_taken":[{"damage":10.0,"enemies":"Small Slimes","floor":1.0,"turns":4.0},{"damage":1.0,"enemies":"Cultist","floor":4.0,"turns":4.0},{"damage":2.0,"enemies":"Jaw Worm","floor":5.0,"turns":3.0},{"damage":23.0,"enemies":"Exordium Thugs","floor":7.0,"turns":5.0},{"damage":0.0,"enemies":"Lagavulin","floor":10.0,"turns":3.0},{"damage":28.0,"enemies":"Slime Boss","floor":16.0,"turns":7.0},{"damage":41.0,"enemies":"3 Byrds","floor":18.0,"turns":5.0},{"damage":12.0,"enemies":"Shell Parasite","floor":20.0,"turns":4.0},{"damage":21.0,"enemies":"3 Cultists","floor":22.0,"turns":5.0},{"damage":0.0,"enemies":"Cultist and Chosen","floor":23.0,"turns":1.0},{"damage":7.0,"enemies":"Slavers","floor":27.0,"turns":4.0},{"damage":17.0,"enemies":"Gremlin Leader","floor":31.0,"turns":7.0},{"damage":89,"enemies":"Automaton","floor":33,"turns":9},{"damage":16,"enemies":"Orb Walker","floor":35,"turns":3},{"damage":31,"enemies":"3 Shapes","floor":36,"turns":5},{"damage":2,"enemies":"Maw","floor":37,"turns":3},{"damage":22,"enemies":"Writhing Mass","floor":41,"turns":4},{"damage":6,"enemies":"Giant Head","floor":42,"turns":3},{"damage":18,"enemies":"4 Shapes","floor":44,"turns":2},{"damage":41,"enemies":"Nemesis","floor":45,"turns":7},{"damage":19,"enemies":"Sphere and 2 Shapes","floor":46,"turns":5},{"damage":6,"enemies":"Transient","floor":48,"turns":6},{"damage":12,"enemies":"hubris:GrandSnecko","floor":50,"turns":5},{"damage":22,"enemies":"Time Eater","floor":51,"turns":3}],"seed_played":"2029683710038723484","potions_obtained":[{"floor":1.0,"key":"SteroidPotion"},{"floor":16.0,"key":"BlessingOfTheForge"},{"floor":18.0,"key":"ElixirPotion"},{"floor":27.0,"key":"BloodPotion"},{"floor":31.0,"key":"BloodPotion"},{"floor":35,"key":"Fire Potion"},{"floor":36,"key":"Block Potion"},{"floor":39,"key":"Fire Potion"},{"floor":39,"key":"PowerPotion"},{"floor":41,"key":"Block Potion"},{"floor":46,"key":"SneckoOil"}],"is_trial":false,"path_per_floor":["M","?","$","M","M","?","M","R","T","E","?","$","?","?","R","B",null,"M","?","M","$","M","M","?","R","T","E","?","?","R","E","R","B",null,"M","M","M","$","?","R","M","E","T","M","E","M","T","M","R","B","B",null],"character_chosen":"IRONCLAD","items_purchased":["Shrug It Off","Twin Strike","Membership Card","Seeing Red","hubris:HerbalPaste","Potion Belt","Gremlin Horn"],"campfire_rested":2,"item_purchase_floors":[3,3,12,12,21,21,38],"current_hp_per_floor":[64,64,64,69,73,73,56,56,56,62,62,62,62,62,62,40,66,31,27,21,21,12,18,18,40,40,45,45,45,45,47,72,30,67,69,57,71,71,71,71,66,78,78,76,52,50,55,68,68,68,57],"gold":252,"neow_bonus":"RANDOM_COMMON_RELIC","is_daily":false,"chose_seed":false,"campfire_upgraded":5,"win_rate":0.0,"timestamp":1608659244,"path_taken":["M","?","?","?","M","?","M","R","T","E","?","$","?","?","R","BOSS","M","?","M","?","?","M","?","R","T","E","?","?","R","E","R","BOSS","M","M","M","$","?","R","?","E","T","M","E","M","?","?","R","BOSS","BOSS"],"items_purchased_type":["Card","Card","Relic","Card","Relic","Relic","Relic"],"build_version":"2020-12-13","purchased_purges":3,"victory":true,"max_hp_per_floor":[75,75,75,75,75,75,75,75,75,75,75,75,75,75,75,75,75,75,75,75,75,75,75,75,75,75,75,75,75,75,77,79,79,79,81,83,83,83,83,83,83,85,85,87,87,87,87,89,89,89,89],"card_choices":[{"not_picked":["Anger","hubris:ReadiedAction"],"picked":"Uppercut","floor":1.0},{"not_picked":["Searing Blow","Body Slam"],"picked":"Pommel Strike","floor":4.0},{"not_picked":["Iron Wave","Havoc"],"picked":"Inflame","floor":5.0},{"not_picked":["hubris:SharpeningStone","Body Slam","True Grit"],"picked":"SKIP","floor":7.0},{"not_picked":["Clash","Sever Soul"],"picked":"Demon Form","floor":10.0},{"not_picked":["Offering","Berserk"],"picked":"Double Tap","floor":16.0},{"not_picked":["Sever Soul","Carnage"],"picked":"Rage","floor":18.0},{"not_picked":["Perfected Strike","Clash"],"picked":"Sword Boomerang+1","floor":20.0},{"not_picked":["Warcry","True Grit"],"picked":"Cleave","floor":22.0},{"not_picked":["Sword Boomerang","Havoc"],"picked":"Seeing Red+1","floor":23.0},{"not_picked":["Armaments","Dark Embrace"],"picked":"hubris:StunningStrike","floor":25.0},{"not_picked":["Disarm","Demon Form"],"picked":"Shockwave","floor":27.0},{"not_picked":["Fiend Fire","Body Slam","True Grit"],"picked":"Singing Bowl","floor":31.0},{"not_picked":["Clothesline","Perfected Strike","hubris:SharpeningStone"],"picked":"Singing Bowl","floor":32.0},{"not_picked":["Impervious","Bludgeon"],"picked":"Limit Break","floor":33},{"not_picked":["Cleave","Intimidate","Dual Wield"],"picked":"Singing Bowl","floor":35},{"not_picked":["Entrench","Clash","Inflame"],"picked":"Singing Bowl","floor":36},{"not_picked":["Pommel Strike","Armaments"],"picked":"Headbutt","floor":37},{"not_picked":["Intimidate","Iron Wave"],"picked":"Shrug It Off+1","floor":41},{"not_picked":["Infernal Blade","Warcry","Rupture"],"picked":"Singing Bowl","floor":42},{"not_picked":["Warcry+1","Burning Pact","Limit Break"],"picked":"Singing Bowl","floor":44},{"not_picked":["Armaments+1","Uppercut+1"],"picked":"Dropkick+1","floor":45},{"not_picked":["Wild Strike+1","Iron Wave"],"picked":"Heavy Blade","floor":46},{"not_picked":["Pummel","Brutality","Heavy Blade"],"picked":"Singing Bowl","floor":48}],"player_experience":548220,"relics_obtained":[{"floor":9.0,"key":"hubris:SphereOfDissonance"},{"floor":10.0,"key":"Dream Catcher"},{"floor":26.0,"key":"Omamori"},{"floor":27.0,"key":"Champion Belt"},{"floor":31.0,"key":"Mercury Hourglass"},{"floor":42,"key":"Happy Flower"},{"floor":43,"key":"hubris:DuctTape"},{"floor":45,"key":"Incense Burner"},{"floor":47,"key":"War Paint"}],"event_choices":[{"cards_removed":["Strike_R"],"damage_healed":0.0,"max_hp_gain":0.0,"max_hp_loss":0.0,"gold_gain":0.0,"event_name":"Bonfire Elementals","player_choice":"Offered Basic","floor":2.0,"gold_loss":0.0,"damage_taken":0.0},{"damage_healed":0.0,"max_hp_gain":0.0,"max_hp_loss":0.0,"gold_gain":0.0,"event_name":"Living Wall","player_choice":"Grow","floor":11.0,"gold_loss":0.0,"damage_taken":0.0,"cards_upgraded":["Demon Form"]},{"damage_healed":0.0,"max_hp_gain":0.0,"max_hp_loss":0.0,"gold_gain":0.0,"event_name":"Golden Idol","player_choice":"Take Wound","floor":13.0,"gold_loss":0.0,"damage_taken":0.0,"relics_obtained":["Golden Idol"],"cards_obtained":["Injury"]},{"damage_healed":0.0,"max_hp_gain":0.0,"max_hp_loss":0.0,"gold_gain":0.0,"event_name":"The Woman in Blue","player_choice":"Bought 0 Potions","floor":19.0,"gold_loss":0.0,"damage_taken":0.0},{"damage_healed":0.0,"max_hp_gain":0.0,"max_hp_loss":0.0,"gold_gain":0.0,"event_name":"The Mausoleum","player_choice":"Opened","floor":24.0,"gold_loss":0.0,"damage_taken":0.0,"relics_obtained":["Singing Bowl"],"cards_obtained":["Writhe"]},{"damage_healed":0.0,"max_hp_gain":0.0,"max_hp_loss":0.0,"gold_gain":0.0,"event_name":"Forgotten Altar","player_choice":"Gave Idol","floor":28.0,"relics_lost":["Golden Idol"],"gold_loss":0.0,"damage_taken":0.0,"relics_obtained":["Bloody Idol"]},{"damage_healed":0,"gold_gain":0,"player_choice":"Got Potions","damage_taken":0,"max_hp_gain":0,"max_hp_loss":0,"event_name":"Lab","floor":39,"gold_loss":0}],"is_beta":false,"boss_relics":[{"not_picked":["Mark of Pain","hubris:VirtuousBlindfold"],"picked":"hubris:Stopwatch"},{"not_picked":["Fusion Hammer","hubris:CrackedHourglass"],"picked":"hubris:Backtick"}],"items_purged_floors":[12,21,38],"is_endless":false,"potions_floor_spawned":[1,16,18,27,31,35,36,41,46],"ascension_level":20}}