{"host":"na09lpbrez4gbfiz","time":1608675039,"event":{"mods":["Act Like it!","BaseMod","BetterRewards","Colored Map","Colored Powertips","DeckTracker","Googly Eyes","Highlight Path","Minty Spire (QoL Compilation)","Quick Restart","Spicy Shops","StSLib","SuperFastMode","Synergy Search"],"gold_per_floor":[110,110,60,75,93,93,103,103,103,138,138,169,169,187,187,289,289,302,302,5,5,15,15,50,50,50,80,92,104,131,161,173,290,302,325,337,337],"floor_reached":36,"playtime":1018,"items_purged":["Writhe"],"score":619,"play_id":"877013e9-3b0a-462f-9044-4ca480191e84","local_time":"20201222231039","is_ascension_mode":true,"campfire_choices":[{"data":"Carnage","floor":6,"key":"SMITH"},{"data":"Wild Strike","floor":8,"key":"SMITH"},{"data":"Second Wind","floor":11,"key":"SMITH"},{"data":"Bash","floor":15,"key":"SMITH"},{"floor":23,"key":"REST"},{"data":"Armaments","floor":25,"key":"SMITH"},{"data":"Offering","floor":29,"key":"SMITH"},{"floor":32,"key":"REST"}],"circlet_count":0,"master_deck":["Strike_R","Strike_R+1","Strike_R+1","Defend_R","Defend_R","Defend_R","Defend_R","Bash+1","Ghostly Armor","Wild Strike+1","Carnage+1","Second Wind+1","Offering+1","Armaments+1","Parasite","Leg Sweep+1"],"relics":["Philosopher\u0027s Stone","Eternal Feather","Lizard Tail","Vajra","Cursed Key","Pen Nib","Brimstone","PrismaticShard","Bottled Lightning","MawBank","Mark of Pain"],"acts_visited":["Exordium","TheCity","TheBeyond"],"potions_floor_usage":[10,10,10,27,33],"damage_taken":[{"damage":3,"enemies":"Jaw Worm","floor":1,"turns":3},{"damage":7,"enemies":"2 Louse","floor":4,"turns":4},{"damage":0,"enemies":"Cultist","floor":5,"turns":3},{"damage":0,"enemies":"Blue Slaver","floor":7,"turns":2},{"damage":12,"enemies":"Lagavulin","floor":10,"turns":4},{"damage":13,"enemies":"3 Sentries","floor":12,"turns":8},{"damage":2,"enemies":"Looter","floor":14,"turns":2},{"damage":20,"enemies":"Slime Boss","floor":16,"turns":8},{"damage":18,"enemies":"2 Thieves","floor":18,"turns":3},{"damage":71,"enemies":"3 Byrds","floor":22,"turns":4},{"damage":6,"enemies":"Gremlin Leader","floor":24,"turns":4},{"damage":10,"enemies":"Snecko","floor":27,"turns":3},{"damage":8,"enemies":"3 Cultists","floor":30,"turns":3},{"damage":13,"enemies":"Snake Plant","floor":31,"turns":3},{"damage":53,"enemies":"Champ","floor":33,"turns":7},{"damage":32,"enemies":"3 Shapes","floor":35,"turns":7},{"damage":29,"enemies":"Mind Bloom Boss Battle","floor":36,"turns":7}],"seed_played":"-256550478217867610","potions_obtained":[{"floor":1,"key":"Regen Potion"},{"floor":5,"key":"SkillPotion"},{"floor":7,"key":"EssenceOfSteel"},{"floor":24,"key":"SkillPotion"},{"floor":27,"key":"BlessingOfTheForge"}],"is_trial":false,"path_per_floor":["M","$","?","M","M","R","M","R","T","E","R","E","?","M","R","B",null,"M","?","$","?","M","R","E","R","T","M","$","R","M","M","R","B",null,"M","?"],"character_chosen":"IRONCLAD","items_purchased":["Brimstone","PrismaticShard"],"campfire_rested":2,"item_purchase_floors":[20,20],"current_hp_per_floor":[69,69,69,62,62,62,62,62,62,59,65,52,36,34,40,20,65,47,47,47,47,16,46,40,46,46,36,36,45,37,24,57,4,61,29,0,0],"gold":337,"neow_bonus":"BOSS_RELIC","is_daily":false,"chose_seed":false,"campfire_upgraded":6,"win_rate":0.0,"timestamp":1608675039,"path_taken":["M","$","?","M","M","R","M","R","T","E","R","E","?","M","R","BOSS","M","?","$","?","?","R","E","R","T","M","$","R","M","M","R","BOSS","M","?"],"items_purchased_type":["Relic","Relic"],"build_version":"2020-12-13","purchased_purges":1,"victory":false,"max_hp_per_floor":[80,80,80,80,80,80,80,80,80,80,80,80,80,80,80,80,80,80,80,80,80,80,80,80,80,80,80,80,80,80,80,80,80,80,80,80,80],"card_choices":[{"not_picked":["Spot Weakness","Disarm"],"picked":"Ghostly Armor","floor":1},{"not_picked":["Sword Boomerang","Searing Blow"],"picked":"Wild Strike","floor":4},{"not_picked":["Cleave","Perfected Strike"],"picked":"Carnage","floor":5},{"not_picked":["Headbutt","Anger","Pommel Strike"],"picked":"SKIP","floor":7},{"not_picked":["Whirlwind","Flex"],"picked":"Second Wind","floor":10},{"not_picked":["Searing Blow","Dual Wield","Carnage"],"picked":"SKIP","floor":12},{"not_picked":["Iron Wave","Body Slam","Thunderclap"],"picked":"SKIP","floor":14},{"not_picked":["Exhume","Impervious"],"picked":"Offering","floor":16},{"not_picked":["Pommel Strike","Spot Weakness"],"picked":"Armaments","floor":18},{"not_picked":["Reckless Charge","Beam Cell","Thunderclap"],"picked":"SKIP","floor":22},{"not_picked":["ClearTheMind","Predator","Bouncing Flask"],"picked":"SKIP","floor":24},{"not_picked":["ClearTheMind","Predator","Bouncing Flask"],"picked":"SKIP","floor":24},{"not_picked":["Accuracy","Acrobatics","SashWhip"],"picked":"SKIP","floor":27},{"not_picked":["Anger+1","Flash of Steel"],"picked":"Leg Sweep+1","floor":30},{"not_picked":["BowlingBash","Body Slam","Leap"],"picked":"SKIP","floor":31},{"not_picked":["CutThroughFate","Shrug It Off+1","Wild Strike+1"],"picked":"SKIP","floor":35}],"player_experience":232414,"relics_obtained":[{"floor":9,"key":"Eternal Feather"},{"floor":10,"key":"Lizard Tail"},{"floor":12,"key":"Vajra"},{"floor":24,"key":"Bottled Lightning"},{"floor":26,"key":"MawBank"}],"event_choices":[{"cards_removed":["Strike_R"],"damage_healed":0,"gold_gain":0,"player_choice":"Card Removal","damage_taken":0,"max_hp_gain":0,"max_hp_loss":0,"event_name":"The Cleric","floor":3,"gold_loss":50},{"damage_healed":0,"gold_gain":0,"player_choice":"Entered Light","damage_taken":16,"max_hp_gain":0,"max_hp_loss":0,"event_name":"Shining Light","floor":13,"gold_loss":0,"cards_upgraded":["Strike_R","Strike_R"]},{"damage_healed":0,"gold_gain":0,"player_choice":"Opened","damage_taken":0,"relics_obtained":["Pen Nib"],"max_hp_gain":0,"max_hp_loss":0,"event_name":"The Mausoleum","floor":19,"gold_loss":0,"cards_obtained":["Writhe"]},{"cards_removed":["Strike_R"],"damage_healed":0,"gold_gain":0,"player_choice":"Purged","damage_taken":0,"max_hp_gain":0,"max_hp_loss":0,"event_name":"Purifier","floor":21,"gold_loss":0},{"damage_healed":0,"gold_gain":0,"player_choice":"Fight","damage_taken":0,"max_hp_gain":0,"max_hp_loss":0,"event_name":"MindBloom","floor":36,"gold_loss":0}],"is_beta":false,"boss_relics":[{"not_picked":["Snecko Eye","Runic Dome"],"picked":"Cursed Key"},{"not_picked":["Coffee Dripper","Runic Pyramid"],"picked":"Mark of Pain"}],"items_purged_floors":[20],"is_endless":false,"potions_floor_spawned":[1,5,7,24,27],"killed_by":"Mind Bloom Boss Battle","ascension_level":8}}