{"host":"avjwtc49fhlk6kym","time":1608655175,"event":{"mods":["AchievementEnabler","BaseMod","Better Match","Better Note","Better Third Choice","Colored Map","Colored Powertips","Displayed Cursed Tome","Highlight Path","Minty Spire (QoL Compilation)","Permanent Neow","Quick Restart","StSLib"],"gold_per_floor":[114,125,142,160,172,172,206,206,206,206,206,59,59,83,83,83,83],"floor_reached":16,"playtime":595,"items_purged":["Strike_P"],"score":102,"play_id":"03097a90-293a-476e-a3b0-4687bacba387","local_time":"20201222113935","is_ascension_mode":false,"campfire_choices":[{"data":"BattleHymn","floor":6,"key":"SMITH"},{"data":"Eruption","floor":8,"key":"SMITH"},{"floor":15,"key":"REST"}],"circlet_count":0,"master_deck":["Strike_P","Strike_P","Strike_P","Defend_P","Defend_P","Defend_P","Eruption+1","Vigilance","Judgement","Wallop+1","BattleHymn+1","InnerPeace","SandsOfTime","CrushJoints","Evaluate","Sanctity","FollowUp"],"relics":["PureWater","Anchor","Bottled Lightning","Golden Idol"],"acts_visited":["Exordium"],"potions_floor_usage":[5,7,7],"damage_taken":[{"damage":1,"enemies":"Jaw Worm","floor":1,"turns":2},{"damage":0,"enemies":"2 Louse","floor":2,"turns":3},{"damage":1,"enemies":"Small Slimes","floor":3,"turns":3},{"damage":2,"enemies":"Exordium Thugs","floor":4,"turns":5},{"damage":0,"enemies":"3 Louse","floor":5,"turns":2},{"damage":27,"enemies":"Lagavulin","floor":7,"turns":6},{"damage":0,"enemies":"Red Slaver","floor":14,"turns":3},{"damage":51,"enemies":"The Guardian","floor":16,"turns":11}],"seed_played":"7075802654805106823","potions_obtained":[{"floor":1,"key":"Swift Potion"},{"floor":4,"key":"DistilledChaos"},{"floor":5,"key":"BlessingOfTheForge"},{"floor":14,"key":"Dexterity Potion"}],"is_trial":false,"path_per_floor":["M","M","M","M","M","R","E","R","T","?","?","$","?","M","R","B"],"character_chosen":"WATCHER","items_purchased":["Sanctity"],"campfire_rested":1,"item_purchase_floors":[12],"current_hp_per_floor":[71,71,70,68,68,68,41,41,41,41,23,23,23,23,44,0,0],"gold":83,"neow_bonus":"ONE_RANDOM_RARE_CARD","is_daily":false,"chose_seed":false,"campfire_upgraded":2,"win_rate":0.0,"timestamp":1608655175,"path_taken":["M","M","M","M","M","R","E","R","T","?","?","?","?","M","R","BOSS"],"items_purchased_type":["Card"],"build_version":"2020-12-13","purchased_purges":1,"victory":false,"max_hp_per_floor":[72,72,72,72,72,72,72,72,72,72,72,72,72,72,72,72,72],"card_choices":[{"not_picked":["EmptyBody","ClearTheMind"],"picked":"Wallop","floor":1},{"not_picked":["ClearTheMind","Pray"],"picked":"BattleHymn","floor":2},{"not_picked":["Halt","BowlingBash"],"picked":"InnerPeace","floor":3},{"not_picked":["WreathOfFlame","Brilliance"],"picked":"SandsOfTime","floor":4},{"not_picked":["Evaluate","Crescendo"],"picked":"CrushJoints","floor":5},{"not_picked":["BowlingBash","WaveOfTheHand"],"picked":"Evaluate","floor":7},{"not_picked":["Ragnarok","Evaluate"],"picked":"FollowUp","floor":14}],"player_experience":354647,"relics_obtained":[{"floor":7,"key":"Anchor"},{"floor":9,"key":"Bottled Lightning"}],"event_choices":[{"damage_healed":0,"gold_gain":0,"player_choice":"Grow","damage_taken":0,"max_hp_gain":0,"max_hp_loss":0,"event_name":"Living Wall","floor":10,"gold_loss":0,"cards_upgraded":["Wallop"]},{"damage_healed":0,"gold_gain":0,"player_choice":"Take Damage","damage_taken":18,"relics_obtained":["Golden Idol"],"max_hp_gain":0,"max_hp_loss":0,"event_name":"Golden Idol","floor":11,"gold_loss":0},{"cards_removed":["Defend_P"],"damage_healed":0,"gold_gain":0,"player_choice":"Offered Basic","damage_taken":0,"max_hp_gain":0,"max_hp_loss":0,"event_name":"Bonfire Elementals","floor":13,"gold_loss":0}],"is_beta":false,"boss_relics":[],"items_purged_floors":[12],"is_endless":false,"potions_floor_spawned":[1,4,5,14],"killed_by":"The Guardian","ascension_level":0}}