{"host":"Fun","time":1608651823,"event":{"mods":["BaseMod","Colored Map","Filter the Spire","Minty Spire (QoL Compilation)","Relic Stats","StSLib"],"gold_per_floor":[114,130,130,30,44,70,90,415,486,498,526,526,540,570,570,670,670,688,319,329,89,107,139,151,63,63,63,63,74,74,101,101,201,201,218,218,218,229,245,245,272,272,272,307,307,326,46,60,60,60],"floor_reached":51,"playtime":2198,"items_purged":["Strike_R","Anger","Strike_R"],"score":1360,"play_id":"35413244-8fe4-47bf-a2ac-57ea7ce959bc","local_time":"20201222104343","is_ascension_mode":true,"campfire_choices":[{"data":"Disarm","floor":15,"key":"SMITH"},{"data":"Feel No Pain","floor":24,"key":"SMITH"},{"data":"Feel No Pain","floor":28,"key":"SMITH"},{"data":"Metallicize","floor":32,"key":"SMITH"},{"data":"Feed","floor":40,"key":"SMITH"},{"data":"Disarm","floor":42,"key":"SMITH"},{"data":"Sword Boomerang","floor":49,"key":"SMITH"}],"circlet_count":0,"master_deck":["AscendersBane","Strike_R","Strike_R+1","Strike_R+1","Defend_R","Defend_R","Defend_R","Defend_R","Bash","Carnage","Feel No Pain+1","Shrug It Off","Disarm+1","Sword Boomerang+1","Corruption","Metallicize+1","Immolate","Feed+1","Disarm+1","Feel No Pain+1","Ghostly+1","Ghostly+1","Ghostly+1","Ghostly+1","Ghostly+1","True Grit+1","Limit Break+1","Sentinel+1","PanicButton+1","Trip+1","True Grit+1","Armaments+1","Ghostly+1"],"relics":["Burning Blood","WarpedTongs","FossilizedHelix","Vajra","Old Coin","Pantograph","Strawberry","Akabeko","Snecko Eye","Gambling Chip","Kunai","MawBank","Toxic Egg 2","Art of War","Cursed Key","Blood Vial","White Beast Statue","DollysMirror"],"acts_visited":["Exordium","TheCity","TheBeyond"],"potions_floor_usage":[11,13,23,23,23,33,50,50,50,50],"damage_taken":[{"damage":0,"enemies":"Cultist","floor":1,"turns":3},{"damage":0,"enemies":"Small Slimes","floor":2,"turns":3},{"damage":0,"enemies":"2 Louse","floor":5,"turns":3},{"damage":5,"enemies":"Lagavulin","floor":6,"turns":7},{"damage":0,"enemies":"Large Slime","floor":7,"turns":5},{"damage":14,"enemies":"Gremlin Nob","floor":8,"turns":4},{"damage":0,"enemies":"Blue Slaver","floor":10,"turns":2},{"damage":19,"enemies":"Lagavulin","floor":11,"turns":7},{"damage":0,"enemies":"Exordium Thugs","floor":13,"turns":4},{"damage":0,"enemies":"The Guardian","floor":16,"turns":15},{"damage":0,"enemies":"2 Thieves","floor":18,"turns":2},{"damage":0,"enemies":"3 Byrds","floor":20,"turns":2},{"damage":0,"enemies":"Snecko","floor":22,"turns":4},{"damage":17,"enemies":"Slavers","floor":23,"turns":5},{"damage":0,"enemies":"Snake Plant","floor":29,"turns":5},{"damage":0,"enemies":"Gremlin Leader","floor":31,"turns":5},{"damage":21,"enemies":"Collector","floor":33,"turns":10},{"damage":0,"enemies":"3 Darklings","floor":35,"turns":7},{"damage":0,"enemies":"Orb Walker","floor":38,"turns":4},{"damage":0,"enemies":"Spire Growth","floor":39,"turns":7},{"damage":0,"enemies":"Nemesis","floor":41,"turns":11},{"damage":0,"enemies":"Reptomancer","floor":44,"turns":11},{"damage":0,"enemies":"Transient","floor":46,"turns":5},{"damage":0,"enemies":"3 Darklings","floor":48,"turns":5},{"damage":35,"enemies":"Awakened One","floor":50,"turns":19}],"seed_played":"-1629744571753787341","potions_obtained":[{"floor":5,"key":"Dexterity Potion"},{"floor":7,"key":"AttackPotion"},{"floor":8,"key":"Fruit Juice"},{"floor":11,"key":"EntropicBrew"},{"floor":13,"key":"EntropicBrew"},{"floor":33,"key":"LiquidMemories"},{"floor":35,"key":"Weak Potion"},{"floor":44,"key":"PowerPotion"}],"is_trial":false,"path_per_floor":["M","M","?","$","M","E","M","E","T","M","E","?","M","?","R","B",null,"M","$","M","$","M","E","R","$","T","?","R","M","?","E","R","B",null,"M","?","?","M","M","R","E","R","T","E","?","M","$","M","R","B",null],"character_chosen":"IRONCLAD","items_purchased":["Feel No Pain","Shrug It Off","Gambling Chip","Kunai","DollysMirror"],"campfire_rested":0,"item_purchase_floors":[4,4,19,21,47],"current_hp_per_floor":[57,63,47,47,53,54,60,52,52,58,57,92,92,92,92,92,92,92,92,92,92,96,88,88,88,88,88,88,98,51,54,54,43,54,58,48,48,57,65,65,69,69,69,73,69,69,69,73,73,44],"gold":60,"neow_bonus":"ONE_RARE_RELIC","is_daily":false,"chose_seed":false,"campfire_upgraded":7,"win_rate":0.0,"timestamp":1608651823,"path_taken":["M","M","?","$","M","E","M","E","T","M","E","?","?","?","R","BOSS","M","$","M","$","M","E","R","$","T","?","R","M","?","E","R","BOSS","M","?","?","M","?","R","E","R","T","E","?","M","$","M","R","BOSS"],"items_purchased_type":["Card","Card","Relic","Relic","Relic"],"build_version":"2020-12-18","purchased_purges":3,"victory":true,"max_hp_per_floor":[80,80,80,80,80,80,80,80,80,80,92,92,92,92,92,92,92,92,92,92,92,96,99,99,99,99,99,99,103,51,54,54,58,58,58,58,58,61,65,65,69,69,69,73,69,69,69,73,73,73],"relic_stats":{"Blood Vial":0,"counters":[25,155],"Pantograph":0,"Gambling Chip":[57],"Snecko Eye":[205,201,180,161],"Art of War":[12],"Kunai":[17],"MawBank":24,"Cursed Key":0,"obtain_stats":[{"Vajra":6,"MawBank":23,"Cursed Key":34,"Burning Blood":0,"Akabeko":14,"White Beast Statue":44,"WarpedTongs":0,"Old Coin":8,"Blood Vial":41,"DollysMirror":47,"Pantograph":9,"Strawberry":11,"Gambling Chip":19,"Snecko Eye":17,"Art of War":31,"Kunai":21,"Toxic Egg 2":26,"FossilizedHelix":0},{"Vajra":4,"MawBank":14,"Cursed Key":17,"Burning Blood":0,"Akabeko":9,"White Beast Statue":22,"WarpedTongs":0,"Old Coin":6,"Blood Vial":21,"DollysMirror":23,"Pantograph":6,"Strawberry":8,"Gambling Chip":11,"Snecko Eye":10,"Art of War":16,"Kunai":12,"Toxic Egg 2":14,"FossilizedHelix":0},{"Vajra":16,"MawBank":66,"Cursed Key":86,"Burning Blood":0,"Akabeko":38,"White Beast Statue":126,"WarpedTongs":0,"Old Coin":25,"Blood Vial":115,"DollysMirror":131,"Pantograph":25,"Strawberry":34,"Gambling Chip":55,"Snecko Eye":53,"Art of War":76,"Kunai":57,"Toxic Egg 2":66,"FossilizedHelix":0}],"Burning Blood":86,"WarpedTongs":[138]},"card_choices":[{"not_picked":["Sword Boomerang","Pummel"],"picked":"Anger","floor":1},{"not_picked":["Anger","Infernal Blade"],"picked":"Carnage","floor":2},{"not_picked":["Wild Strike","Pommel Strike"],"picked":"Disarm","floor":5},{"not_picked":["Headbutt","Heavy Blade"],"picked":"Combust","floor":6},{"not_picked":["Thunderclap","Dark Embrace"],"picked":"Sword Boomerang","floor":7},{"not_picked":["Thunderclap","Clothesline"],"picked":"Corruption","floor":8},{"not_picked":["Cleave","Hemokinesis","Twin Strike"],"picked":"SKIP","floor":10},{"not_picked":["Armaments","Iron Wave","Heavy Blade"],"picked":"SKIP","floor":11},{"not_picked":["Warcry","Corruption"],"picked":"Metallicize","floor":13},{"not_picked":["Juggernaut","Double Tap"],"picked":"Immolate","floor":16},{"not_picked":["Perfected Strike","Headbutt","Anger+1"],"picked":"SKIP","floor":18},{"not_picked":["Twin Strike+1","Wild Strike"],"picked":"Feed","floor":20},{"not_picked":["Thunderclap","Cleave"],"picked":"Disarm","floor":22},{"not_picked":["Rupture","Immolate","Wild Strike"],"picked":"SKIP","floor":23},{"not_picked":["Sever Soul","Thunderclap","Perfected Strike+1"],"picked":"SKIP","floor":29},{"not_picked":["Rupture","Pommel Strike"],"picked":"True Grit+1","floor":31},{"not_picked":["Fiend Fire","Brutality"],"picked":"Limit Break+1","floor":33},{"not_picked":["Sword Boomerang+1","Iron Wave+1"],"picked":"Sentinel+1","floor":35},{"not_picked":["Discovery+1","Panacea+1"],"picked":"PanicButton+1","floor":36},{"not_picked":["Jack Of All Trades+1","Forethought+1"],"picked":"Trip+1","floor":36},{"not_picked":["Reckless Charge","Evolve+1","Power Through+1"],"picked":"SKIP","floor":38},{"not_picked":["Clothesline","Fire Breathing+1","Iron Wave+1"],"picked":"SKIP","floor":39},{"not_picked":["Power Through+1","Brutality"],"picked":"True Grit+1","floor":41},{"not_picked":["Headbutt+1","Body Slam+1"],"picked":"Armaments+1","floor":44},{"not_picked":["Wild Strike","Pommel Strike","Inflame+1"],"picked":"SKIP","floor":46},{"not_picked":["Inflame","True Grit+1","Rampage+1"],"picked":"SKIP","floor":48}],"player_experience":78815,"relics_obtained":[{"floor":6,"key":"Vajra"},{"floor":8,"key":"Old Coin"},{"floor":9,"key":"Pantograph"},{"floor":11,"key":"Strawberry"},{"floor":23,"key":"MawBank"},{"floor":26,"key":"Toxic Egg 2"},{"floor":31,"key":"Art of War"},{"floor":41,"key":"Blood Vial"},{"floor":44,"key":"White Beast Statue"}],"event_choices":[{"damage_healed":0,"gold_gain":0,"player_choice":"Entered Light","damage_taken":16,"max_hp_gain":0,"max_hp_loss":0,"event_name":"Shining Light","floor":3,"gold_loss":0,"cards_upgraded":["Strike_R","Strike_R"]},{"cards_removed":["Combust"],"damage_healed":35,"gold_gain":0,"player_choice":"Offered Uncommon","damage_taken":0,"max_hp_gain":0,"max_hp_loss":0,"event_name":"Bonfire Elementals","floor":12,"gold_loss":0},{"damage_healed":0,"gold_gain":30,"player_choice":"Searched \u00273\u0027 times","damage_taken":0,"relics_obtained":["Akabeko"],"max_hp_gain":0,"max_hp_loss":0,"event_name":"Dead Adventurer","floor":14,"gold_loss":0},{"damage_healed":0,"gold_gain":0,"player_choice":"Read","damage_taken":0,"max_hp_gain":0,"max_hp_loss":0,"event_name":"The Library","floor":27,"gold_loss":0,"cards_obtained":["Feel No Pain"]},{"damage_healed":0,"gold_gain":0,"player_choice":"Became a Ghost","damage_taken":0,"max_hp_gain":0,"max_hp_loss":52,"event_name":"Ghosts","floor":30,"gold_loss":0,"cards_obtained":["Ghostly","Ghostly","Ghostly","Ghostly","Ghostly"]},{"damage_healed":0,"gold_gain":0,"player_choice":"Memory 3","damage_taken":10,"max_hp_gain":0,"max_hp_loss":0,"event_name":"SensoryStone","floor":36,"gold_loss":0},{"damage_healed":0,"gold_gain":0,"player_choice":"Ignored","damage_taken":0,"max_hp_gain":0,"max_hp_loss":0,"event_name":"Tomb of Lord Red Mask","floor":37,"gold_loss":0},{"damage_healed":0,"gold_gain":0,"player_choice":"Max HP","damage_taken":0,"max_hp_gain":0,"max_hp_loss":4,"event_name":"Winding Halls","floor":45,"gold_loss":0}],"is_beta":true,"boss_relics":[{"not_picked":["Astrolabe","Sozu"],"picked":"Snecko Eye"},{"not_picked":["Black Blood","Runic Cube"],"picked":"Cursed Key"}],"items_purged_floors":[19,25,47],"is_endless":false,"potions_floor_spawned":[5,7,8,11,13,18,33,35,41,44,46,48],"ascension_level":10}}