{"host":"7i2b4pyo6x2376bs","time":1608611770,"event":{"mods":["BaseMod","Better Note","Colored Map","Highlight Path","Minty Spire (QoL Compilation)","Quick Restart","Rare Cards Sparkle","Shop Mod","StSLib","The Jungle"],"gold_per_floor":[110,110,129,204,204,204,222,240,289,289,306,317,377,377,377],"floor_reached":14,"playtime":895,"items_purged":[],"score":115,"play_id":"9b41dc2c-8ba0-49f8-85bf-32cf2dd3c5dd","local_time":"20201221203610","is_ascension_mode":true,"campfire_choices":[{"floor":6,"key":"REST"},{"floor":10,"key":"RECALL"}],"circlet_count":0,"master_deck":["Strike_B","Strike_B","Strike_B","Strike_B","Defend_B","Defend_B+1","Defend_B+1","Zap","Dualcast","Genetic Algorithm","Genetic Algorithm","Go for the Eyes","Thunder Strike","Darkness","Turbo"],"relics":["Cracked Core","Regal Pillow","War Paint"],"acts_visited":["Exordium"],"potions_floor_usage":[3,13,13,14],"damage_taken":[{"damage":10,"enemies":"Small Slimes","floor":1,"turns":3},{"damage":0,"enemies":"2 Louse","floor":3,"turns":2},{"damage":8,"enemies":"Jaw Worm","floor":7,"turns":4},{"damage":7,"enemies":"Lots of Slimes","floor":8,"turns":5},{"damage":5,"enemies":"2 Fungi Beasts","floor":11,"turns":4},{"damage":4,"enemies":"Blue Slaver","floor":12,"turns":5},{"damage":16,"enemies":"Lagavulin Event","floor":13,"turns":6},{"damage":36,"enemies":"3 Sentries","floor":14,"turns":5}],"seed_played":"-1042827816483361835","potions_obtained":[{"floor":1,"key":"Explosive Potion"},{"floor":8,"key":"PotionOfCapacity"},{"floor":11,"key":"GamblersBrew"},{"floor":12,"key":"FocusPotion"}],"is_trial":false,"path_per_floor":["M","?","M","?","?","R","M","M","T","R","M","M","?","E"],"character_chosen":"DEFECT","items_purchased":[],"campfire_rested":1,"item_purchase_floors":[],"current_hp_per_floor":[58,63,63,52,52,76,68,61,61,61,56,52,36,0,0],"gold":377,"neow_bonus":"REMOVE_CARD","is_daily":false,"chose_seed":false,"campfire_upgraded":0,"win_rate":0.0,"timestamp":1608611770,"path_taken":["M","?","M","?","?","R","M","M","T","R","M","M","?","E"],"items_purchased_type":[],"build_version":"2020-12-13","purchased_purges":0,"victory":false,"max_hp_per_floor":[75,80,80,80,80,80,80,80,80,80,80,80,80,80,80],"card_choices":[{"not_picked":["Barrage","Coolheaded"],"picked":"Genetic Algorithm","floor":1},{"not_picked":["Rip and Tear","Fusion"],"picked":"Genetic Algorithm","floor":3},{"not_picked":["Hologram","Leap"],"picked":"Go for the Eyes","floor":7},{"not_picked":["Steam Power","Gash"],"picked":"Thunder Strike","floor":8},{"not_picked":["Double Energy","Fusion"],"picked":"Darkness","floor":11},{"not_picked":["FTL","Gash","Rip and Tear"],"picked":"SKIP","floor":12},{"not_picked":["Gash","Rip and Tear"],"picked":"Turbo","floor":13}],"player_experience":661866,"relics_obtained":[{"floor":9,"key":"Regal Pillow"}],"event_choices":[{"damage_healed":0,"gold_gain":0,"player_choice":"Donut","damage_taken":0,"max_hp_gain":5,"max_hp_loss":0,"event_name":"Big Fish","floor":2,"gold_loss":0},{"damage_healed":0,"gold_gain":75,"player_choice":"Gather Gold","damage_taken":11,"max_hp_gain":0,"max_hp_loss":0,"event_name":"World of Goop","floor":4,"gold_loss":0},{"damage_healed":0,"gold_gain":0,"player_choice":"Ignored","damage_taken":0,"max_hp_gain":0,"max_hp_loss":0,"event_name":"Shining Light","floor":5,"gold_loss":0},{"damage_healed":0,"gold_gain":0,"player_choice":"Searched \u00272\u0027 times","damage_taken":0,"relics_obtained":["War Paint"],"max_hp_gain":0,"max_hp_loss":0,"event_name":"Dead Adventurer","floor":13,"gold_loss":0}],"is_beta":false,"boss_relics":[],"items_purged_floors":[],"is_endless":false,"potions_floor_spawned":[1,8,11,12],"killed_by":"3 Sentries","ascension_level":8}}