{"host":"6he3f0ic6yesrium","time":1608650873,"event":{"mods":["BaseMod","Colored Map","Downfall","Minty Spire (QoL Compilation)","StSLib"],"gold_per_floor":[99,99,99,109,128,141,165,165,193,271,271,290,310,324,335,437,437,437,456,456,475,490,523,523,723,741,229,299,299,310,335,335,335,335],"floor_reached":32,"playtime":1636,"items_purged":[],"score":309,"play_id":"5bd7f5f9-c366-481c-bb93-7cf5cf1de77b","local_time":"20201222102753","is_ascension_mode":false,"campfire_choices":[{"data":"champ:Taunt","floor":1.0,"key":"SMITH"},{"data":"champ:SwordThrow","floor":8.0,"key":"SMITH"},{"data":"champ:FanOfKnives","floor":11.0,"key":"SMITH"},{"data":"champ:RecklessLeap","floor":18.0,"key":"SMITH"},{"data":"champ:Backstep","floor":29.0,"key":"SMITH"}],"circlet_count":0,"master_deck":["champ:Defend","champ:Defend","champ:Defend","champ:Execute","champ:Taunt+1","champ:FanOfKnives+1","champ:SwordThrow+1","champ:BerserkersShout","champ:BringItOn","champ:FlashCut","champ:AdrenalArmor","champ:RecklessLeap+1","Slimebound:Tackle+1","Slimebound:Tackle+1","Slimebound:Tackle+1","champ:CrookedStrike","champ:Backstep+1","champ:FaceSlap","champ:EndlessRage+1","champ:EndlessRage+1","champ:Encircle"],"relics":["champ:ChampionCrown","Frozen Egg 2","Pen Nib","Kunai","Mummified Hand","Empty Cage","Mango","Sundial","Calipers","DollysMirror","Mercury Hourglass","Bag of Preparation"],"acts_visited":["Exordium","TheCity"],"potions_floor_usage":[32],"damage_taken":[{"damage":15.0,"enemies":"Jaw Worm","floor":4.0,"turns":4.0},{"damage":2.0,"enemies":"2 Louse","floor":5.0,"turns":2.0},{"damage":7.0,"enemies":"Cultist","floor":6.0,"turns":4.0},{"damage":45.0,"enemies":"3 Sentries","floor":9.0,"turns":6.0},{"damage":8.0,"enemies":"Exordium Wildlife","floor":12.0,"turns":4.0},{"damage":20.0,"enemies":"Exordium Thugs","floor":13.0,"turns":3.0},{"damage":0.0,"enemies":"Red Slaver","floor":14.0,"turns":1.0},{"damage":18.0,"enemies":"Large Slime","floor":15.0,"turns":2.0},{"damage":40.0,"enemies":"downfall:Ironclad","floor":16.0,"turns":8.0},{"damage":27.0,"enemies":"Spheric Guardian","floor":19.0,"turns":2.0},{"damage":57.0,"enemies":"Centurion and Healer","floor":21.0,"turns":7.0},{"damage":42.0,"enemies":"Shelled Parasite and Fungi","floor":22.0,"turns":6.0},{"damage":46.0,"enemies":"Book of Stabbing","floor":23.0,"turns":4.0},{"damage":51.0,"enemies":"Chosen and Byrds","floor":26.0,"turns":3.0},{"damage":12.0,"enemies":"downfall:FleeingMerchant","floor":27.0,"turns":4.0},{"damage":43.0,"enemies":"Centurion and Healer","floor":30.0,"turns":3.0},{"damage":23.0,"enemies":"Slavers","floor":31.0,"turns":5.0},{"damage":41,"enemies":"Snake Plant","floor":32,"turns":1}],"seed_played":"-3646503382339822017","potions_obtained":[{"floor":4.0,"key":"Fruit Juice"},{"floor":5.0,"key":"Energy Potion"},{"floor":12.0,"key":"FairyPotion"},{"floor":14.0,"key":"LiquidMemories"},{"floor":16.0,"key":"champ:CounterPotion"},{"floor":21.0,"key":"Dexterity Potion"},{"floor":23.0,"key":"Swift Potion"},{"floor":30.0,"key":"Energy Potion"},{"floor":31.0,"key":"SpeedPotion"}],"is_trial":false,"path_per_floor":["R","?","?","M","M","M","T","R","E","T","R","M","M","M","M","B",null,"R","M","?","M","M","E","T","?","M","$","T","R","M","E","M"],"character_chosen":"THE_CHAMP","items_purchased":["Calipers","DollysMirror","BlessingOfTheForge"],"campfire_rested":0,"item_purchase_floors":[27,27,27],"current_hp_per_floor":[99,99,99,89,87,88,88,88,57,57,57,55,40,40,40,20,104,104,104,104,80,46,47,47,47,65,64,64,64,51,38,0,0,0],"gold":335,"neow_bonus":"TEN_PERCENT_HP_BONUS","is_daily":false,"chose_seed":false,"campfire_upgraded":5,"win_rate":0.0,"timestamp":1608650873,"path_taken":["R","?","?","M","M","M","T","R","E","?","R","M","M","?","M","BOSS","R","?","?","M","M","E","T","?","?","$","?","R","M","E","M"],"items_purchased_type":["Relic","Relic","Potion"],"build_version":"2020-12-13","purchased_purges":0,"victory":false,"max_hp_per_floor":[99,99,99,99,99,104,104,104,104,104,104,104,104,104,104,104,104,104,104,104,104,104,118,118,118,118,118,118,118,118,118,118,118,118],"card_choices":[{"not_picked":["champ:PerfectedStrike","champ:GladiatorStyle+1"],"picked":"champ:FanOfKnives","floor":4.0},{"not_picked":["champ:Encircle","champ:BringItOn"],"picked":"champ:SwordThrow","floor":5.0},{"not_picked":["champ:GladiatorStyle+1","champ:BladeFlurry"],"picked":"champ:BerserkersShout","floor":6.0},{"not_picked":["champ:Shatter","champ:Duel"],"picked":"champ:BringItOn","floor":9.0},{"not_picked":["champ:StrikeOfGenius+1","champ:ArenaPreparation"],"picked":"champ:FlashCut","floor":12.0},{"not_picked":["champ:GladiatorsShout","champ:ShieldWall+1"],"picked":"champ:AdrenalArmor","floor":13.0},{"not_picked":["champ:Backstep","champ:BladeFlurry"],"picked":"champ:RecklessLeap","floor":14.0},{"not_picked":["champ:GladiatorsShout","champ:BladeFlurry","champ:FanOfKnives"],"picked":"SKIP","floor":15.0},{"not_picked":["champ:TornadoPunch","champ:PerfectedStrike","champ:FocusedGladiator"],"picked":"SKIP","floor":19.0},{"not_picked":["champ:EnGarde","champ:Haymaker"],"picked":"champ:CrookedStrike","floor":21.0},{"not_picked":["champ:BladeFlurry","champ:TornadoPunch"],"picked":"champ:Backstep","floor":22.0},{"not_picked":["champ:BringItOn","champ:StrikeOfGenius+1"],"picked":"champ:FaceSlap","floor":23.0},{"not_picked":["champ:Lariat","champ:EnGarde","champ:SkillfulDodge"],"picked":"SKIP","floor":26.0},{"not_picked":["champ:IronFortress+1","champ:DefensiveShout"],"picked":"champ:EndlessRage+1","floor":27.0},{"not_picked":["champ:BringItOn","champ:EnGarde+1"],"picked":"champ:Encircle","floor":30.0},{"not_picked":["champ:Circumvent","champ:GutPunch+1","champ:StanceDance"],"picked":"SKIP","floor":31.0}],"player_experience":266003,"relics_obtained":[{"floor":7.0,"key":"Pen Nib"},{"floor":9.0,"key":"Kunai"},{"floor":10.0,"key":"Mummified Hand"},{"floor":23.0,"key":"Mango"},{"floor":24.0,"key":"Sundial"},{"floor":28.0,"key":"Mercury Hourglass"},{"floor":31.0,"key":"Bag of Preparation"}],"event_choices":[],"is_beta":false,"boss_relics":[{"not_picked":["Pandora\u0027s Box","Coffee Dripper"],"picked":"Empty Cage"}],"items_purged_floors":[],"is_endless":false,"potions_floor_spawned":[4,5,12,14,16,21,23,30,31],"killed_by":"Snake Plant","ascension_level":0}}