{"host":"5fasz840ryq7obdf","time":1608658235,"event":{"mods":["AchievementEnabler","BaseMod","Bestiary","Better Altar","Better Skull","Better Third Choice","BetterRewards","Block Reminder","Colored Powertips","Curses Come First","Minty Spire (QoL Compilation)","Quick Restart","Relic Stats","Shop Mod","Spicy Shops","StSLib"],"gold_per_floor":[114,129,142,155,20,46,46,71,71,71,71,105,119,139,139,259,259,278,278,14,14,14,48,48,117,117,157,46,79,124,124,124,217,217,255,280,14,39,39,73,96,132,157,171,171,171,206,261,261,261,261,261,46,109,109],"floor_reached":56,"playtime":7882,"items_purged":[],"score":2938,"play_id":"466e0d5f-1fe0-495b-b9c8-b156c35f2d83","local_time":"20201222173035","is_ascension_mode":true,"campfire_choices":[{"data":"Apotheosis","floor":7.0,"key":"SMITH"},{"data":"SashWhip","floor":15.0,"key":"SMITH"},{"data":"Vault","floor":24.0,"key":"SMITH"},{"data":"Adaptation","floor":32.0,"key":"SMITH"},{"floor":46.0,"key":"RECALL"},{"data":"DeusExMachina","floor":49.0,"key":"SMITH"},{"data":"ThirdEye","floor":52.0,"key":"SMITH"}],"circlet_count":0,"master_deck":["AscendersBane","Eruption","Vigilance","MentalFortress","ClearTheMind","Crescendo","Apotheosis+1","EmptyBody","JustLucky","FlurryOfBlows","SashWhip+1","FlurryOfBlows","MentalFortress","ThirdEye+1","Sanctity","Wish","Vault+1","WaveOfTheHand","Adaptation+1","DeusExMachina+1","Meditate","EmptyMind","ConjureBlade","Nirvana","ThirdEye","Tantrum+1","Vault","Wireheading","CrushJoints+1","DevaForm","InnerPeace","Ragnarok+1","ClearTheMind","CutThroughFate+1","Nirvana+1","LikeWater+1","LikeWater+1","Evaluate","CrushJoints+1","Vault","Protect","Wireheading+1","Secret Weapon","WindmillStrike+1"],"relics":["PureWater","Meat on the Bone","Mummified Hand","Omamori","Lantern","DollysMirror","Shuriken","Strange Spoon","Boot","Question Card","White Beast Statue","Golden Idol","Turnip","Ancient Tea Set","SlaversCollar","Bag of Marbles","Letter Opener","Molten Egg 2","Art of War","Red Mask","Black Star","Ice Cream","Frozen Egg 2","Smiling Mask","Potion Belt","Prayer Wheel","Bottled Tornado","Bottled Flame","Pear","Damaru"],"acts_visited":["Exordium","TheCity","TheBeyond","TheEnding"],"potions_floor_usage":[55,55],"damage_taken":[{"damage":0.0,"enemies":"2 Louse","floor":1.0,"turns":3.0},{"damage":0.0,"enemies":"Jaw Worm","floor":2.0,"turns":3.0},{"damage":0.0,"enemies":"Cultist","floor":3.0,"turns":2.0},{"damage":0.0,"enemies":"Large Slime","floor":4.0,"turns":4.0},{"damage":0.0,"enemies":"Gremlin Nob","floor":6.0,"turns":3.0},{"damage":4.0,"enemies":"3 Sentries","floor":8.0,"turns":3.0},{"damage":0.0,"enemies":"Lagavulin","floor":12.0,"turns":5.0},{"damage":0.0,"enemies":"Blue Slaver","floor":13.0,"turns":3.0},{"damage":2.0,"enemies":"Looter","floor":14.0,"turns":2.0},{"damage":6.0,"enemies":"Hexaghost","floor":16.0,"turns":7.0},{"damage":5.0,"enemies":"Chosen","floor":18.0,"turns":4.0},{"damage":26.0,"enemies":"Slavers","floor":23.0,"turns":6.0},{"damage":0.0,"enemies":"Gremlin Leader","floor":25.0,"turns":5.0},{"damage":7.0,"enemies":"Book of Stabbing","floor":27.0,"turns":3.0},{"damage":2.0,"enemies":"Masked Bandits","floor":29.0,"turns":3.0},{"damage":0.0,"enemies":"2 Thieves","floor":30.0,"turns":2.0},{"damage":0.0,"enemies":"Automaton","floor":33.0,"turns":3.0},{"damage":1.0,"enemies":"3 Darklings","floor":35.0,"turns":3.0},{"damage":1.0,"enemies":"Orb Walker","floor":36.0,"turns":2.0},{"damage":16.0,"enemies":"4 Shapes","floor":38.0,"turns":7.0},{"damage":23.0,"enemies":"Reptomancer","floor":40.0,"turns":5.0},{"damage":14.0,"enemies":"Writhing Mass","floor":41.0,"turns":6.0},{"damage":2.0,"enemies":"Nemesis","floor":42.0,"turns":6.0},{"damage":3.0,"enemies":"Spire Growth","floor":44.0,"turns":4.0},{"damage":0.0,"enemies":"Reptomancer","floor":47.0,"turns":2.0},{"damage":0.0,"enemies":"Transient","floor":48.0,"turns":6.0},{"damage":8.0,"enemies":"Donu and Deca","floor":50.0,"turns":6.0},{"damage":0.0,"enemies":"Shield and Spear","floor":54.0,"turns":3.0},{"damage":16,"enemies":"The Heart","floor":55,"turns":8}],"seed_played":"-3826273564913172721","potions_obtained":[{"floor":2.0,"key":"Strength Potion"},{"floor":3.0,"key":"Dexterity Potion"},{"floor":4.0,"key":"Ambrosia"},{"floor":12.0,"key":"Energy Potion"},{"floor":23.0,"key":"SkillPotion"},{"floor":25.0,"key":"Dexterity Potion"},{"floor":42.0,"key":"DuplicationPotion"},{"floor":44.0,"key":"StancePotion"}],"is_trial":false,"path_per_floor":["M","M","M","M","$","E","R","E","T","?","?","E","M","M","R","B",null,"M","?","$","?","$","E","R","E","T","E","$","?","M","?","R","B",null,"M","M","$","M","?","E","M","E","T","M","?","R","E","M","R","B",null,"R","$","E","B",null],"character_chosen":"WATCHER","items_purchased":["Meat on the Bone","Mummified Hand","Omamori","Lantern","DollysMirror","MentalFortress","ClearTheMind","Crescendo","Apotheosis","Shuriken","EmptyBody","JustLucky","FlurryOfBlows","Strange Spoon","Adaptation","ThirdEye","Tantrum+1","Ice Cream","Ragnarok+1","ClearTheMind","Secret Weapon"],"campfire_rested":0,"item_purchase_floors":[0,0,0,0,0,0,0,0,0,0,0,0,5,5,20,28,28,37,37,37,53],"current_hp_per_floor":[31,43,43,43,43,43,43,39,39,39,39,39,39,37,37,43,57,52,52,52,52,52,38,38,38,38,43,43,41,41,41,41,41,57,56,55,55,39,39,28,26,36,36,33,33,33,33,33,33,37,56,56,56,66,50],"gold":109,"neow_bonus":"","is_daily":false,"chose_seed":false,"campfire_upgraded":6,"win_rate":0.0,"timestamp":1608658235,"path_taken":["M","M","M","M","$","E","R","E","T","?","?","E","M","?","R","BOSS","M","?","$","?","$","E","R","E","T","E","$","?","M","?","R","BOSS","M","M","$","M","?","E","M","E","T","?","?","R","E","?","R","BOSS","R","$","E","BOSS"],"items_purchased_type":["Relic","Relic","Relic","Relic","Relic","Card","Card","Card","Card","Relic","Card","Card","Card","Relic","Card","Card","Card","Relic","Card","Card","Card"],"build_version":"2020-12-13","purchased_purges":0,"victory":true,"max_hp_per_floor":[68,68,68,68,68,68,68,68,68,62,62,62,62,62,62,62,62,62,62,62,62,62,62,62,62,62,62,62,62,62,62,62,62,62,62,62,62,62,62,62,62,62,62,62,62,62,62,62,62,62,62,62,62,72,72],"relic_stats":{"counters":[190,832],"Golden Idol":181,"Letter Opener":[598],"Boot":[173],"Question Card":23,"Smiling Mask":0,"Strange Spoon":[81],"Mummified Hand":[259],"Shuriken":[83],"Prayer Wheel":2,"Turnip":[2],"Art of War":[8],"Black Star":4,"obtain_stats":[{"Whetstone":31,"Bottled Tornado":47,"Boot":47,"Sling":5,"Old Coin":5,"Blood Vial":24,"Sundial":42,"MealTicket":11,"HandDrill":0,"Kunai":0,"Pear":54,"Blue Candle":31,"Eternal Feather":8,"Pen Nib":6,"Akabeko":9,"SlaversCollar":17,"Bird Faced Urn":0,"Unceasing Top":23,"Regal Pillow":25,"Lantern":9,"Singing Bowl":23,"StoneCalendar":0,"Bag of Preparation":47,"Ancient Tea Set":20,"Smiling Mask":40,"Toolbox":0,"WingedGreaves":36,"Potion Belt":0,"Lee\u0027s Waffle":0,"NeowsBlessing":0,"Golden Idol":10,"Damaru":22,"Thread and Needle":6,"PreservedInsect":47,"betterThird:NestCultRelic":19,"The Courier":41,"Omamori":40,"Frozen Egg 2":48,"MawBank":28,"Ornamental Fan":28,"Bloody Idol":21,"Orrery":0,"Turnip":40,"Art of War":26,"Toy Ornithopter":11,"Ice Cream":47,"Calipers":0,"Gremlin Horn":0,"CeramicFish":34,"Vajra":43,"Sozu":34,"Centennial Puzzle":39,"Lizard Tail":36,"HornCleat":43,"DollysMirror":36,"Strawberry":24,"Philosopher\u0027s Stone":34,"Prayer Wheel":31,"Toxic Egg 2":8,"Girya":47,"Happy Flower":38,"Astrolabe":17,"Oddly Smooth Stone":6,"Letter Opener":6,"War Paint":44,"Question Card":17,"Du-Vu Doll":27,"OrangePellets":0,"Bottled Flame":47,"Shuriken":0,"Bronze Scales":37,"Molten Egg 2":14,"Black Star":17,"Meat on the Bone":0,"Pocketwatch":17,"Darkstone Periapt":25,"Mango":43,"Yang":0,"Incense Burner":17,"TeardropLocket":42,"Empty Cage":17,"Nunchaku":4,"Dream Catcher":29,"TheAbacus":20,"Mummified Hand":26,"Gambling Chip":8,"Pantograph":34,"Tiny Chest":8,"Red Mask":44,"Runic Pyramid":17,"Orichalcum":9,"White Beast Statue":9,"Mercury Hourglass":28,"Calling Bell":34,"Cauldron":2,"Strange Spoon":5,"Anchor":22,"HolyWater":34,"Bag of Marbles":46,"Membership Card":0,"PureWater":0,"TungstenRod":0},{"Whetstone":62,"Bottled Tornado":186,"Boot":71,"Sling":76,"Old Coin":105,"Blood Vial":35,"Sundial":70,"MealTicket":30,"HandDrill":23,"Kunai":47,"Pear":189,"Blue Candle":15,"Eternal Feather":52,"Pen Nib":27,"Akabeko":4,"SlaversCollar":171,"Bird Faced Urn":23,"Unceasing Top":85,"Regal Pillow":36,"Lantern":52,"Singing Bowl":35,"StoneCalendar":130,"Bag of Preparation":71,"Ancient Tea Set":112,"Smiling Mask":182,"Toolbox":73,"WingedGreaves":153,"Potion Belt":23,"Lee\u0027s Waffle":102,"NeowsBlessing":0,"Golden Idol":167,"Damaru":34,"Thread and Needle":136,"PreservedInsect":21,"betterThird:NestCultRelic":112,"The Courier":122,"Omamori":20,"Frozen Egg 2":158,"MawBank":60,"Ornamental Fan":87,"Bloody Idol":57,"Orrery":130,"Turnip":43,"Art of War":36,"Toy Ornithopter":53,"Ice Cream":71,"Calipers":130,"Gremlin Horn":102,"CeramicFish":40,"Vajra":70,"Sozu":151,"Centennial Puzzle":42,"Lizard Tail":120,"HornCleat":44,"DollysMirror":41,"Strawberry":12,"Philosopher\u0027s Stone":16,"Prayer Wheel":89,"Toxic Egg 2":29,"Girya":127,"Happy Flower":18,"Astrolabe":32,"Oddly Smooth Stone":77,"Letter Opener":3,"War Paint":45,"Question Card":55,"Du-Vu Doll":147,"OrangePellets":130,"Bottled Flame":186,"Shuriken":130,"Bronze Scales":92,"Molten Egg 2":6,"Black Star":82,"Meat on the Bone":23,"Pocketwatch":142,"Darkstone Periapt":59,"Mango":20,"Yang":73,"Incense Burner":55,"TeardropLocket":156,"Empty Cage":7,"Nunchaku":1,"Dream Catcher":38,"TheAbacus":57,"Mummified Hand":12,"Gambling Chip":4,"Pantograph":40,"Tiny Chest":107,"Red Mask":20,"Runic Pyramid":111,"Orichalcum":29,"White Beast Statue":167,"Mercury Hourglass":14,"Calling Bell":40,"Cauldron":133,"Strange Spoon":165,"Anchor":57,"HolyWater":63,"Bag of Marbles":71,"Membership Card":23,"PureWater":0,"TungstenRod":47},{"Whetstone":265,"Bottled Tornado":809,"Boot":312,"Sling":329,"Old Coin":452,"Blood Vial":136,"Sundial":307,"MealTicket":111,"HandDrill":89,"Kunai":199,"Pear":824,"Blue Candle":52,"Eternal Feather":215,"Pen Nib":100,"Akabeko":12,"SlaversCollar":748,"Bird Faced Urn":89,"Unceasing Top":360,"Regal Pillow":142,"Lantern":215,"Singing Bowl":136,"StoneCalendar":563,"Bag of Preparation":312,"Ancient Tea Set":476,"Smiling Mask":791,"Toolbox":320,"WingedGreaves":664,"Potion Belt":89,"Lee\u0027s Waffle":444,"NeowsBlessing":0,"Golden Idol":731,"Damaru":133,"Thread and Needle":577,"PreservedInsect":82,"betterThird:NestCultRelic":476,"The Courier":517,"Omamori":77,"Frozen Egg 2":694,"MawBank":250,"Ornamental Fan":368,"Bloody Idol":235,"Orrery":563,"Turnip":176,"Art of War":142,"Toy Ornithopter":219,"Ice Cream":312,"Calipers":563,"Gremlin Horn":444,"CeramicFish":163,"Vajra":307,"Sozu":655,"Centennial Puzzle":171,"Lizard Tail":507,"HornCleat":183,"DollysMirror":168,"Strawberry":43,"Philosopher\u0027s Stone":59,"Prayer Wheel":377,"Toxic Egg 2":107,"Girya":541,"Happy Flower":65,"Astrolabe":123,"Oddly Smooth Stone":333,"Letter Opener":3,"War Paint":188,"Question Card":227,"Du-Vu Doll":628,"OrangePellets":563,"Bottled Flame":809,"Shuriken":563,"Bronze Scales":392,"Molten Egg 2":20,"Black Star":347,"Meat on the Bone":89,"Pocketwatch":600,"Darkstone Periapt":245,"Mango":77,"Yang":320,"Incense Burner":227,"TeardropLocket":683,"Empty Cage":27,"Nunchaku":1,"Dream Catcher":152,"TheAbacus":235,"Mummified Hand":43,"Gambling Chip":12,"Pantograph":163,"Tiny Chest":459,"Red Mask":77,"Runic Pyramid":473,"Orichalcum":107,"White Beast Statue":731,"Mercury Hourglass":50,"Calling Bell":163,"Cauldron":569,"Strange Spoon":725,"Anchor":235,"HolyWater":272,"Bag of Marbles":312,"Membership Card":89,"PureWater":0,"TungstenRod":199}],"Meat on the Bone":216},"card_choices":[{"not_picked":["WindmillStrike","PathToVictory","BowlingBash"],"picked":"SKIP","floor":1.0},{"not_picked":["BattleHymn","BowlingBash"],"picked":"FlurryOfBlows","floor":2.0},{"not_picked":["Worship","PathToVictory"],"picked":"SashWhip","floor":3.0},{"not_picked":["WindmillStrike","CutThroughFate"],"picked":"Consecrate","floor":4.0},{"not_picked":["Sanctity","EmptyMind"],"picked":"MentalFortress","floor":6.0},{"not_picked":["WindmillStrike","ClearTheMind"],"picked":"ThirdEye","floor":8.0},{"not_picked":["Prostrate","Crescendo","FearNoEvil"],"picked":"Sanctity","floor":12.0},{"not_picked":["FlyingSleeves","WreathOfFlame","BowlingBash"],"picked":"ThirdEye","floor":13.0},{"not_picked":["SashWhip","BattleHymn","ClearTheMind"],"picked":"Wish","floor":14.0},{"not_picked":["Judgement","Brilliance","DeusExMachina"],"picked":"Vault","floor":16.0},{"not_picked":["FollowUp","SignatureMove","FlyingSleeves"],"picked":"WaveOfTheHand","floor":18.0},{"not_picked":["Crescendo+1","ThirdEye","FollowUp"],"picked":"EmptyMind","floor":23.0},{"not_picked":["Protect","ThirdEye","Perseverance"],"picked":"ConjureBlade","floor":25.0},{"not_picked":["Prostrate","FollowUp+1","ClearTheMind+1"],"picked":"Nirvana","floor":27.0},{"not_picked":["Consecrate+1","TalkToTheHand+1","ClearTheMind"],"picked":"Vault","floor":29.0},{"not_picked":["FlyingSleeves+1","EmptyBody","ClearTheMind"],"picked":"Wireheading","floor":30.0},{"not_picked":["Establishment","Alpha","SpiritShield"],"picked":"DevaForm","floor":33.0},{"not_picked":["Study+1","FollowUp+1","Perseverance+1"],"picked":"InnerPeace","floor":35.0},{"not_picked":["Crescendo","PathToVictory","FlyingSleeves+1"],"picked":"ThirdEye","floor":36.0},{"not_picked":["Prostrate","FollowUp+1","Brilliance+1"],"picked":"CutThroughFate+1","floor":38.0},{"not_picked":["ThirdEye","Tantrum+1","WaveOfTheHand"],"picked":"Nirvana+1","floor":40.0},{"not_picked":["BowlingBash+1","Worship+1","Crescendo"],"picked":"LikeWater+1","floor":41.0},{"not_picked":["Consecrate+1","PathToVictory","SandsOfTime+1"],"picked":"LikeWater+1","floor":42.0},{"not_picked":["Halt+1","BowlingBash+1","Nirvana+1"],"picked":"Evaluate","floor":44.0},{"not_picked":["BowlingBash+1","WaveOfTheHand","Halt"],"picked":"CrushJoints+1","floor":44.0},{"not_picked":["Tantrum+1","BowlingBash+1","CarveReality+1"],"picked":"Vault","floor":47.0},{"not_picked":["Meditate","CarveReality+1","FollowUp+1"],"picked":"Protect","floor":48.0},{"not_picked":["CrushJoints+1","Meditate","JustLucky+1"],"picked":"Wireheading+1","floor":48.0},{"not_picked":["Swivel","ThirdEye+1","EmptyFist+1"],"picked":"WindmillStrike+1","floor":54.0}],"player_experience":933833,"relics_obtained":[{"floor":6.0,"key":"Boot"},{"floor":8.0,"key":"Question Card"},{"floor":9.0,"key":"White Beast Statue"},{"floor":12.0,"key":"Ancient Tea Set"},{"floor":23.0,"key":"Bag of Marbles"},{"floor":25.0,"key":"Letter Opener"},{"floor":26.0,"key":"Molten Egg 2"},{"floor":27.0,"key":"Art of War"},{"floor":29.0,"key":"Red Mask"},{"floor":40.0,"key":"Frozen Egg 2"},{"floor":40.0,"key":"Smiling Mask"},{"floor":42.0,"key":"Potion Belt"},{"floor":42.0,"key":"Prayer Wheel"},{"floor":47.0,"key":"Bottled Tornado"},{"floor":47.0,"key":"Bottled Flame"},{"floor":54.0,"key":"Pear"},{"floor":54.0,"key":"Damaru"}],"event_choices":[{"damage_healed":0.0,"max_hp_gain":0.0,"max_hp_loss":6.0,"gold_gain":0.0,"event_name":"Golden Idol","player_choice":"Lose Max HP","floor":10.0,"gold_loss":0.0,"damage_taken":0.0,"relics_obtained":["Golden Idol"]},{"damage_healed":0.0,"max_hp_gain":0.0,"max_hp_loss":0.0,"gold_gain":0.0,"event_name":"WeMeetAgain","player_choice":"Gave Potion","floor":11.0,"gold_loss":0.0,"damage_taken":0.0,"relics_obtained":["Turnip"]},{"damage_healed":0.0,"max_hp_gain":0.0,"max_hp_loss":8.0,"gold_gain":0.0,"event_name":"betterThird:BetterWriting","player_choice":"Materialism","floor":19.0,"gold_loss":0.0,"damage_taken":0.0},{"damage_healed":0.0,"max_hp_gain":0.0,"max_hp_loss":0.0,"gold_gain":0.0,"cards_transformed":["Eruption","ThirdEye"],"event_name":"Drug Dealer","player_choice":"Became Test Subject","floor":21.0,"gold_loss":0.0,"damage_taken":0.0,"cards_obtained":["DeusExMachina","Meditate"]},{"damage_healed":0.0,"max_hp_gain":0.0,"max_hp_loss":0.0,"gold_gain":0.0,"event_name":"Masked Bandits","player_choice":"Fought Bandits","floor":29.0,"gold_loss":0.0,"damage_taken":0.0},{"damage_healed":0.0,"max_hp_gain":0.0,"max_hp_loss":0.0,"gold_gain":0.0,"event_name":"The Library","player_choice":"Read","floor":31.0,"gold_loss":0.0,"damage_taken":0.0,"cards_obtained":["CrushJoints"]},{"cards_removed":["ThirdEye"],"damage_healed":0.0,"max_hp_gain":0.0,"max_hp_loss":0.0,"gold_gain":0.0,"event_name":"Purifier","player_choice":"Purged","floor":39.0,"gold_loss":0.0,"damage_taken":0.0},{"cards_removed":["Consecrate"],"damage_healed":0.0,"max_hp_gain":0.0,"max_hp_loss":0.0,"gold_gain":0.0,"event_name":"Purifier","player_choice":"Purged","floor":45.0,"gold_loss":0.0,"damage_taken":0.0}],"is_beta":false,"boss_relics":[{"not_picked":["Calling Bell","Busted Crown"],"picked":"SlaversCollar"},{"not_picked":["Velvet Choker","Astrolabe"],"picked":"Black Star"}],"items_purged_floors":[],"is_endless":false,"potions_floor_spawned":[2,3,4,8,12,13,14,16,18,23,25,27,29,30,33,35,36,38,40,41,42,44,47,48,54],"ascension_level":16}}