{"host":"337p6miwxbqfki03","time":1608614841,"event":{"mods":["BaseMod","Better Third Choice","Colored Map","Conspire","Downfall","Hermit","Hubris","Minty Spire (QoL Compilation)","Replay The Spire","StSLib","The Cursed","The Hierophant","The Marked","The Necromancer","The Poker Player","The Sage","The Valiant","Unceasing Turn Reminder"],"gold_per_floor":[112,112,77,77,96,129,129,180,180,180,200,200,200,200,200,270,270,239,239,265,257,257,257,263,237,237],"floor_reached":25,"playtime":3734,"items_purged":[],"score":201,"play_id":"b841d1d6-c571-49bb-a4ff-b386accbe61a","local_time":"20201221232721","is_ascension_mode":false,"campfire_choices":[{"floor":7,"key":"REST"},{"floor":12,"key":"REST"},{"floor":15,"key":"REST"},{"floor":23,"key":"REST"}],"circlet_count":0,"master_deck":["hierophant:LocustPlague","hierophant:Strike_Hierophant","hierophant:Strike_Hierophant","hierophant:Strike_Hierophant","hierophant:Strike_Hierophant","hierophant:Punish","hierophant:Defend_Hierophant","hierophant:Defend_Hierophant","hierophant:Defend_Hierophant","hierophant:ChurchCoffers","sneckomod:Unknown","hierophant:Defend_Hierophant","hierophant:MintersHammer","hierophant:AuricBeam","hierophant:Sermon","hierophant:Cornucopia","hierophant:Doubloon+1","hierophant:Remorse","hierophant:PristineSoul","Apotheosis+1","hierophant:Levitation","hierophant:Doubloon+1","hierophant:Glossolalia","hierophant:Purify","Spreading Infection","hierophant:Purify"],"relics":["hierophant:PropheticMaskRelic","FossilizedHelix","Singing Bowl","hubris:Towel","PreservedInsect","Replay:Bronze Core","Replay:Bottled Eggs","Ring of Hypnosis","Ring of Panic"],"acts_visited":["Exordium","TheCity"],"potions_floor_usage":[16],"damage_taken":[{"damage":17,"enemies":"Small Slimes","floor":1,"turns":4},{"damage":0,"enemies":"2 Louse","floor":5,"turns":2},{"damage":44,"enemies":"Gremlin Nob","floor":6,"turns":5},{"damage":9,"enemies":"Cultist","floor":8,"turns":4},{"damage":16,"enemies":"Gremlin Gang","floor":11,"turns":5},{"damage":25,"enemies":"Fading Forest","floor":16,"turns":11},{"damage":27,"enemies":"2 Thieves","floor":18,"turns":5},{"damage":10,"enemies":"Spheric Guardian","floor":20,"turns":6},{"damage":30,"enemies":"Centurion and Healer","floor":21,"turns":7},{"damage":7,"enemies":"Snake Plant","floor":24,"turns":4},{"damage":30,"enemies":"Book of Stabbing","floor":25,"turns":4}],"seed_played":"-8319028834540210537","potions_obtained":[{"floor":6,"key":"EssenceOfSteel"},{"floor":8,"key":"FearPotion"},{"floor":16,"key":"LiquidBronze"},{"floor":21,"key":"Elixir"}],"is_trial":false,"path_per_floor":["M","?","?","?","M","E","R","M","T","?","M","R","?","T","R","B",null,"M","?","M","M","?","R","M","E"],"character_chosen":"HIEROPHANT","items_purchased":[],"campfire_rested":4,"item_purchase_floors":[],"current_hp_per_floor":[58,58,75,80,80,36,60,51,51,51,35,59,59,59,80,61,80,53,53,43,13,13,37,30,0,0],"gold":237,"neow_bonus":"THREE_RARE_CARDS","is_daily":false,"chose_seed":false,"campfire_upgraded":0,"win_rate":0.0,"timestamp":1608614841,"path_taken":["M","?","?","?","M","E","R","M","T","?","M","R","?","?","R","BOSS","M","?","?","M","?","R","M","E"],"items_purchased_type":[],"build_version":"2020-12-13","purchased_purges":0,"victory":false,"max_hp_per_floor":[75,75,75,80,80,80,80,80,80,80,80,80,80,80,80,80,80,80,80,80,80,80,80,80,80,80],"card_choices":[{"not_picked":["hierophant:Batter","hierophant:WrathOfGod"],"picked":"hierophant:MintersHammer","floor":0},{"not_picked":["hierophant:Shelter","hierophant:FieryStrike"],"picked":"hierophant:AuricBeam","floor":1},{"not_picked":["hierophant:Zeal","hierophant:Purify"],"picked":"hierophant:Sermon","floor":5},{"not_picked":["hierophant:PristineSoul","hierophant:Upheaval"],"picked":"hierophant:Cornucopia","floor":6},{"not_picked":["hierophant:MorningPrayer","hierophant:Flagellation"],"picked":"hierophant:Remorse","floor":8},{"not_picked":["hierophant:Purify","hierophant:Remorse"],"picked":"hierophant:PristineSoul","floor":11},{"not_picked":["hierophant:WrathOfGod","hierophant:AuricForm"],"picked":"hierophant:Levitation","floor":16},{"not_picked":["hierophant:HammerAndAnvil","hierophant:RepressedViolence+1"],"picked":"hierophant:Doubloon","floor":18},{"not_picked":["hierophant:RepressedViolence+1","hierophant:Doomsaying"],"picked":"hierophant:Glossolalia","floor":20},{"not_picked":["hierophant:OrnateBuckler","hierophant:Encroach+1"],"picked":"hierophant:Purify","floor":21},{"not_picked":["hierophant:Zeal","hierophant:AuricForm"],"picked":"hierophant:Purify","floor":24}],"player_experience":165582,"relics_obtained":[{"floor":6,"key":"FossilizedHelix"},{"floor":9,"key":"Singing Bowl"},{"floor":14,"key":"PreservedInsect"},{"floor":22,"key":"Ring of Hypnosis"},{"floor":22,"key":"Ring of Panic"}],"event_choices":[{"damage_healed":18,"gold_gain":0,"player_choice":"Healed","damage_taken":0,"max_hp_gain":0,"max_hp_loss":0,"event_name":"The Cleric","floor":3,"gold_loss":35},{"damage_healed":0,"gold_gain":0,"player_choice":"Donut","damage_taken":0,"max_hp_gain":5,"max_hp_loss":0,"event_name":"Big Fish","floor":4,"gold_loss":0},{"damage_healed":59,"gold_gain":0,"player_choice":"Embrace","damage_taken":0,"max_hp_gain":0,"max_hp_loss":80,"event_name":"betterThird:BetterShining","floor":13,"gold_loss":0}],"is_beta":false,"boss_relics":[{"not_picked":["Replay:Ancient Bell","Honey Jar"],"picked":"Replay:Bronze Core"}],"items_purged_floors":[],"is_endless":false,"potions_floor_spawned":[6,8,16,21],"killed_by":"Book of Stabbing","ascension_level":0}}