{"host":"kdt6w7ix8lwe69i9","time":1608652149,"event":{"mods":["Bartender","BaseMod","Downfall","Fiend Mod","Jorbs\u0027s Wanderer Trilogy","Minty Spire (QoL Compilation)","Reimu（博丽灵梦）","Robot Space Explorer","StSLib","The Cursed","The Disciple","The Dragon Tamer","The Druid","The Elementalist","The Forsaken","The Gatherer","The Judge","TheBandit"],"gold_per_floor":[116,116,116,116,140,140,415,415,415,436,436,450,450,450,450],"floor_reached":14,"playtime":837,"items_purged":[],"score":78,"play_id":"51c528f7-d9ef-407f-8f83-8ae839831591","local_time":"20201222104909","is_ascension_mode":false,"campfire_choices":[{"data":"RobotSpaceExplorer:DualCore","floor":6,"key":"SMITH"},{"data":"RobotSpaceExplorer:Scan","floor":8,"key":"SMITH"},{"floor":11,"key":"RECALL"},{"floor":13,"key":"REST"}],"circlet_count":0,"master_deck":["RobotSpaceExplorer:Strike","RobotSpaceExplorer:Strike","RobotSpaceExplorer:Strike","RobotSpaceExplorer:Strike","RobotSpaceExplorer:Defend","RobotSpaceExplorer:Defend","RobotSpaceExplorer:Defend","RobotSpaceExplorer:Defend","RobotSpaceExplorer:Scan+1","RobotSpaceExplorer:MiniLasers","RobotSpaceExplorer:Discharger+1","Injury","RobotSpaceExplorer:DualCore+1","Regret","RobotSpaceExplorer:ImprovisedAttack","RobotSpaceExplorer:ShovelStrike"],"relics":["Snecko Eye","Golden Idol","Ancient Tea Set"],"acts_visited":["Exordium"],"potions_floor_usage":[12],"damage_taken":[{"damage":4,"enemies":"2 Louse","floor":1,"turns":3},{"damage":1,"enemies":"Jaw Worm","floor":5,"turns":6},{"damage":13,"enemies":"Cultist","floor":10,"turns":5},{"damage":16,"enemies":"Exordium Wildlife","floor":12,"turns":7},{"damage":89,"enemies":"Gremlin Nob","floor":14,"turns":6}],"seed_played":"6996264555839882447","potions_obtained":[{"floor":10,"key":"LiquidMemories"}],"is_trial":false,"path_per_floor":["M","?","?","?","M","R","?","R","T","M","R","M","R","E"],"character_chosen":"RobotSpaceExplorer","items_purchased":[],"campfire_rested":1,"item_purchase_floors":[],"current_hp_per_floor":[71,71,71,71,70,70,70,70,70,57,57,41,63,0,0],"gold":450,"neow_bonus":"BOSS_RELIC","is_daily":false,"chose_seed":false,"campfire_upgraded":2,"win_rate":0.0,"timestamp":1608652149,"path_taken":["M","?","?","?","?","R","?","R","T","?","R","M","R","E"],"items_purchased_type":[],"build_version":"2020-12-13","purchased_purges":0,"victory":false,"max_hp_per_floor":[75,75,75,75,75,75,75,75,75,75,75,75,75,75,75],"card_choices":[{"not_picked":["RobotSpaceExplorer:GlueShot","RobotSpaceExplorer:StunGrenade"],"picked":"RobotSpaceExplorer:Discharger","floor":1},{"not_picked":["RobotSpaceExplorer:GlueShot","RobotSpaceExplorer:ShockKick"],"picked":"RobotSpaceExplorer:DualCore","floor":5},{"not_picked":["RobotSpaceExplorer:GlueShot","RobotSpaceExplorer:ScrapShield"],"picked":"RobotSpaceExplorer:ImprovisedAttack","floor":10},{"not_picked":["RobotSpaceExplorer:BigMissile","RobotSpaceExplorer:StunGrenade"],"picked":"RobotSpaceExplorer:ShovelStrike","floor":12}],"player_experience":1571959,"relics_obtained":[{"floor":9,"key":"Ancient Tea Set"}],"event_choices":[{"damage_healed":0,"gold_gain":0,"player_choice":"Take Wound","damage_taken":0,"relics_obtained":["Golden Idol"],"max_hp_gain":0,"max_hp_loss":0,"event_name":"Golden Idol","floor":3,"gold_loss":0,"cards_obtained":["Injury"]},{"damage_healed":0,"gold_gain":0,"player_choice":"Upgraded","damage_taken":0,"max_hp_gain":0,"max_hp_loss":0,"event_name":"Upgrade Shrine","floor":4,"gold_loss":0,"cards_upgraded":["RobotSpaceExplorer:Discharger"]},{"damage_healed":0,"gold_gain":275,"player_choice":"Desecrate","damage_taken":0,"max_hp_gain":0,"max_hp_loss":0,"event_name":"Golden Shrine","floor":7,"gold_loss":0,"cards_obtained":["Regret"]}],"is_beta":false,"boss_relics":[],"items_purged_floors":[],"is_endless":false,"potions_floor_spawned":[10],"killed_by":"Gremlin Nob","ascension_level":0}}