{"host":"51b3tsslnntndamg","time":1608621549,"event":{"mods":["BaseMod","BetterRewards","Colored Map","Colored Powertips","Downfall","Hermit","Highlight Path","Hubris","Infinite Spire","Jorbs\u0027s Wanderer Trilogy","Key Reminder","Lobotomy","Minty Spire (QoL Compilation)","Quick Restart","READ ME - Guardian Mod","Rare Cards Sparkle","Replay The Spire","Shop Mod","StSLib","SuperFastMode","The Animator","The Cursed","The Hierophant","The Jungle","The Poker Player","The Runesmith","The Servant 0.9.4"],"gold_per_floor":[99,99,99,99,99,113,113,38,53,82,82,102,102,116,130,234,234,234,244,262,262,262,262],"floor_reached":21,"playtime":1144,"items_purged":[],"score":204,"play_id":"83dda0dc-fe8f-4ce7-81f5-1f1be6f1396c","local_time":"20201221231909","is_ascension_mode":false,"campfire_choices":[{"data":"hexamod:Float","floor":1,"key":"SMITH"},{"data":"hexamod:Sear","floor":8,"key":"SMITH"},{"data":"hexamod:PhantomFireball","floor":11,"key":"SMITH"},{"data":"hexamod:SoulSteal","floor":13,"key":"SMITH"},{"data":"hexamod:SearingWound","floor":18,"key":"SMITH"}],"circlet_count":0,"master_deck":["hexamod:Strike","hexamod:Strike","hexamod:Strike","hexamod:Defend","hexamod:Defend","hexamod:Defend","hexamod:Sear+1","hexamod:Float+1","hexamod:Firestarter+1","hexamod:RetreatToShadows","hexamod:PhantomFireball+1","hexamod:SoulSteal+1","hexamod:WildfireWeapon","hexamod:SearingWound+1","hexamod:SecondSeal"],"relics":["hexamod:SpiritBrand","keyreminder:keyreminder","downfall:HeartBlessingBlue","Dream Catcher","SacredBark"],"acts_visited":["Exordium","TheCity"],"potions_floor_usage":[16],"damage_taken":[{"damage":2,"enemies":"Small Slimes","floor":6,"turns":4},{"damage":0,"enemies":"2 Louse","floor":9,"turns":3},{"damage":14,"enemies":"Lagavulin","floor":10,"turns":5},{"damage":0,"enemies":"Cultist","floor":12,"turns":2},{"damage":12,"enemies":"Blue Slaver","floor":14,"turns":4},{"damage":2,"enemies":"2 Fungi Beasts","floor":15,"turns":3},{"damage":21,"enemies":"downfall:Watcher","floor":16,"turns":8},{"damage":24,"enemies":"Spheric Guardian","floor":19,"turns":5},{"damage":26,"enemies":"Chosen","floor":20,"turns":5},{"damage":42,"enemies":"Centurion and Healer","floor":21,"turns":5}],"seed_played":"-134424395118079434","potions_obtained":[{"floor":5,"key":"Guardian:BlockOnCardUsePotion"},{"floor":5,"key":"Strength Potion"},{"floor":5,"key":"sneckomod:MuddlingPotion"},{"floor":9,"key":"FearPotion"},{"floor":16,"key":"Fruit Juice"}],"is_trial":false,"path_per_floor":["R","?","?","?","?","M","T","R","M","E","R","M","R","M","M","B",null,"R","M","M","M"],"character_chosen":"THE_SPIRIT","items_purchased":[],"campfire_rested":0,"item_purchase_floors":[],"current_hp_per_floor":[77,77,77,77,77,75,75,85,85,71,71,71,71,59,57,41,92,92,68,42,0,0,0],"gold":262,"neow_bonus":"TEN_PERCENT_HP_BONUS","is_daily":false,"chose_seed":false,"campfire_upgraded":5,"win_rate":0.0,"timestamp":1608621549,"path_taken":["R","?","?","?","?","M","T","R","M","E","R","M","R","?","M","BOSS","R","M","M","M"],"items_purchased_type":[],"build_version":"2020-12-13","purchased_purges":0,"victory":false,"max_hp_per_floor":[77,77,77,77,77,77,77,87,87,87,87,87,87,87,87,92,92,92,92,92,92,92,92],"card_choices":[{"not_picked":["hexamod:ShieldOfDarkness","hexamod:HauntingEcho"],"picked":"hexamod:RetreatToShadows","floor":6},{"not_picked":["hexamod:NightmareGuise","hexamod:BacktrackSmack"],"picked":"hexamod:PhantomFireball","floor":9},{"not_picked":["hexamod:EtherealExpedition","hexamod:SpectersWail","hexamod:HauntingEcho"],"picked":"SKIP","floor":10},{"not_picked":["hexamod:ShieldOfDarkness","hexamod:SpectersWail"],"picked":"hexamod:SoulSteal","floor":12},{"not_picked":["hexamod:StepThrough","hexamod:NightmareGuise","hexamod:SwordOfDarkness"],"picked":"SKIP","floor":14},{"not_picked":["hexamod:ThermalTransfer","hexamod:SoulSteal"],"picked":"hexamod:WildfireWeapon","floor":15},{"not_picked":["hexamod:UnleashSpirits","hexamod:HexaLevel"],"picked":"hexamod:SearingWound","floor":16},{"not_picked":["hexamod:SpectralAdrenaline+1","hexamod:RainOfEmbers","hexamod:ShieldOfDarkness"],"picked":"SKIP","floor":19},{"not_picked":["hexamod:BurningTouch","hexamod:GhostLash"],"picked":"hexamod:SecondSeal","floor":20}],"player_experience":820212,"relics_obtained":[{"floor":10,"key":"Dream Catcher"}],"event_choices":[{"cards_removed":["hexamod:Defend"],"damage_healed":0,"gold_gain":0,"player_choice":"Card Removal","damage_taken":0,"max_hp_gain":0,"max_hp_loss":0,"event_name":"The Cleric","floor":2,"gold_loss":0},{"damage_healed":0,"gold_gain":0,"player_choice":"Got Potions","damage_taken":0,"max_hp_gain":0,"max_hp_loss":0,"event_name":"Lab","floor":5,"gold_loss":0}],"is_beta":false,"boss_relics":[{"not_picked":["Replay:Fungal Core","Kintsugi"],"picked":"SacredBark"}],"items_purged_floors":[],"is_endless":false,"potions_floor_spawned":[9,12,15,16],"killed_by":"Centurion and Healer","ascension_level":0}}