{"host":"ve1tu2pxpq596wfw","time":1608610024,"event":{"mods":["BaseMod","Highlight Path","Infinite Spire","Minty Spire (QoL Compilation)","Random Character Button","Shop Mod","StSLib","The Blue Laboratory","The Jungle","Wandering Minibosses"],"gold_per_floor":[112,131,149,70,84,116,116,134,158,233,207,207,219,232,232,337,337,217,217,212,212,202,202],"floor_reached":22,"playtime":1680,"items_purged":[],"score":237,"play_id":"419d6850-95ed-42e6-aef6-b62789ec6cfd","local_time":"20201222040704","is_ascension_mode":true,"campfire_choices":[{"floor":7,"key":"RECALL"},{"floor":12,"key":"REST"},{"floor":15,"key":"DIG"}],"circlet_count":0,"master_deck":["Strike_P","Strike_P","Strike_P","Strike_P","Defend_P","Defend_P","Defend_P","Defend_P","Eruption","Vigilance","EmptyMind","CarveReality","EmptyFist","ForeignInfluence","Protect","MasterReality","FlyingSleeves","EmptyBody","WreathOfFlame","FlurryOfBlows","Judgement","Adaptation","FlurryOfBlows","Protect"],"relics":["PureWater","Shovel","Strawberry","Ectoplasm","infinitespire:PuzzleCube"],"acts_visited":["Exordium","TheCity"],"potions_floor_usage":[6,16,18],"damage_taken":[{"damage":3,"enemies":"Cultist","floor":1,"turns":6},{"damage":8,"enemies":"Jaw Worm","floor":2,"turns":4},{"damage":0,"enemies":"Small Slimes","floor":3,"turns":3},{"damage":12,"enemies":"Exordium Thugs","floor":5,"turns":4},{"damage":0,"enemies":"Gremlin Nob","floor":6,"turns":2},{"damage":0,"enemies":"Looter","floor":8,"turns":4},{"damage":6,"enemies":"Blue Slaver","floor":13,"turns":5},{"damage":0,"enemies":"Exordium Wildlife","floor":14,"turns":4},{"damage":15,"enemies":"Slime Boss","floor":16,"turns":5},{"damage":28,"enemies":"2 Thieves","floor":18,"turns":7},{"damage":14,"enemies":"3 Byrds","floor":19,"turns":4},{"damage":5,"enemies":"3 Cultists","floor":20,"turns":5},{"damage":43,"enemies":"Snake Plant","floor":22,"turns":6}],"seed_played":"8609798407331962869","potions_obtained":[{"floor":1,"key":"Energy Potion"},{"floor":3,"key":"DuplicationPotion"},{"floor":8,"key":"EssenceOfSteel"},{"floor":14,"key":"Weak Potion"}],"is_trial":false,"path_per_floor":["M","M","M","$","M","E","R","M","T","?","$","R","M","M","R","B",null,"M","M","M","?","M"],"character_chosen":"WATCHER","items_purchased":["ForeignInfluence","EmptyBody"],"campfire_rested":1,"item_purchase_floors":[4,11],"current_hp_per_floor":[76,68,68,68,56,56,56,56,56,45,45,68,62,62,69,54,86,58,44,39,39,0,0],"gold":202,"neow_bonus":"TEN_PERCENT_HP_BONUS","is_daily":false,"chose_seed":false,"campfire_upgraded":0,"win_rate":0.0,"timestamp":1608610024,"path_taken":["M","M","M","?","M","E","R","M","T","?","$","R","M","M","R","BOSS","M","M","M","?","M"],"items_purchased_type":["Card","Card"],"build_version":"2020-12-13","purchased_purges":0,"victory":false,"max_hp_per_floor":[79,79,79,79,79,79,79,79,79,79,79,79,79,79,86,86,86,86,86,86,86,86,86],"card_choices":[{"not_picked":["CutThroughFate","Crescendo"],"picked":"EmptyMind","floor":1},{"not_picked":["Evaluate","Swivel"],"picked":"CarveReality","floor":2},{"not_picked":["Halt","Nirvana"],"picked":"EmptyFist","floor":3},{"not_picked":["Consecrate","BowlingBash"],"picked":"Protect","floor":5},{"not_picked":["ThirdEye","PathToVictory"],"picked":"MasterReality","floor":6},{"not_picked":["Fasting2","EmptyFist"],"picked":"FlyingSleeves","floor":8},{"not_picked":["ThirdEye","CrushJoints"],"picked":"WreathOfFlame","floor":13},{"not_picked":["Indignation","Worship"],"picked":"FlurryOfBlows","floor":14},{"not_picked":["DeusExMachina","LessonLearned"],"picked":"Judgement","floor":16},{"not_picked":["Evaluate+1","DeceiveReality"],"picked":"Adaptation","floor":18},{"not_picked":["Crescendo","ThirdEye"],"picked":"FlurryOfBlows","floor":19},{"not_picked":["Prostrate","EmptyFist"],"picked":"Protect","floor":20}],"player_experience":208399,"relics_obtained":[{"floor":6,"key":"Shovel"},{"floor":15,"key":"Strawberry"}],"event_choices":[{"damage_healed":0,"gold_gain":75,"player_choice":"Gather Gold","damage_taken":11,"max_hp_gain":0,"max_hp_loss":0,"event_name":"World of Goop","floor":10,"gold_loss":0},{"damage_healed":0,"gold_gain":0,"player_choice":"Gave Potion","damage_taken":0,"relics_obtained":["infinitespire:PuzzleCube"],"max_hp_gain":0,"max_hp_loss":0,"event_name":"WeMeetAgain","floor":21,"gold_loss":0}],"is_beta":false,"boss_relics":[{"not_picked":["Velvet Choker","Coffee Dripper"],"picked":"Ectoplasm"}],"items_purged_floors":[],"is_endless":false,"potions_floor_spawned":[1,3,8,14],"killed_by":"Snake Plant","ascension_level":2}}