{"host":"79pwvnyrdes6uj7k","time":1608604117,"event":{"mods":["2.2 Compatiblity","Astrologer","BaseMod","Beaked The Cultist","Colored Powertips","Downfall","Exacting","Friendly Minions","HexUI Lib","Highlight Path","Hubris","Infinite Spire","Mad Scientist","Mimic Mod","Minty Spire (QoL Compilation)","Random Character Button","Replay The Spire","Reworked Bosses","Shop Mod","Somnambulant","StSLib","The Cursed","The Disciple","The Factory","The Judge","The Jungle","The Poker Player","The Runesmith","TheHeartMod"],"gold_per_floor":[99,127,127,138,138,165,197,297,297,297,111,36,53,98,110,205,205,130,130,141,153,253,253,253],"floor_reached":23,"playtime":2691,"items_purged":["Regret"],"score":214,"play_id":"04e1b9f3-6770-4c28-a0f8-c7f72e1656fc","local_time":"20201221202837","is_ascension_mode":false,"campfire_choices":[{"floor":1,"key":"RECALL"},{"floor":12,"key":"REST"},{"data":"beaked:Brace","floor":18,"key":"SMITH"}],"circlet_count":0,"master_deck":["beaked:Strike_Y","beaked:Strike_Y","beaked:Strike_Y","beaked:Strike_Y","beaked:Strike_Y","beaked:Defend_Y","beaked:Defend_Y","beaked:Defend_Y","beaked:Ceremony","beaked:Ceremony","beaked:Ceremony","beaked:Insight","beaked:Insight","beaked:Windmill","beaked:Brace+1","beaked:MachineEssence+1","beaked:WarriorSpirit","beaked:Insight","beaked:BraceForImpact","beaked:MachineSpirit","beaked:CrazyRituals","beaked:CrazyRituals","beaked:ScreechingChant","infinitespire:FinalStrike","Replay:Fractal Strike","beaked:HuntressSpirit","beaked:FakeOut","beaked:Tweet"],"relics":["beaked:MendingPlumage","Replay:PocketPolymizer","Vajra","hubris:Towel","downfall:HeartBlessingRed","Replay:Fungal Core","downfall:HeartBlessingBlue","Replay:Accelerometer","Velvet Choker","Ice Cream","Gremlin Horn"],"acts_visited":["Exordium","TheCity"],"potions_floor_usage":[7,15,16,21,23,23],"damage_taken":[{"damage":6,"enemies":"Jaw Worm","floor":2,"turns":5},{"damage":9,"enemies":"2 Louse","floor":4,"turns":4},{"damage":22,"enemies":"Replay:BlueRogue","floor":6,"turns":6},{"damage":15,"enemies":"Small Slimes","floor":7,"turns":6},{"damage":40,"enemies":"downfall:Heads","floor":8,"turns":6},{"damage":12,"enemies":"downfall:FleeingMerchant","floor":11,"turns":4},{"damage":20,"enemies":"Small Slimes","floor":13,"turns":5},{"damage":31,"enemies":"2 Fungi Beasts","floor":14,"turns":6},{"damage":18,"enemies":"3 Louse","floor":15,"turns":6},{"damage":66,"enemies":"downfall:Silent","floor":16,"turns":9},{"damage":75,"enemies":"3 Byrds","floor":20,"turns":7},{"damage":46,"enemies":"3 Cultists","floor":21,"turns":5},{"damage":41,"enemies":"downfall:Watcher","floor":22,"turns":6},{"damage":85,"enemies":"Slavers","floor":23,"turns":3}],"seed_played":"-3111487096956513529","potions_obtained":[{"floor":2,"key":"Toxic Potion"},{"floor":7,"key":"Elixir"},{"floor":14,"key":"Guardian:BlockOnCardUsePotion"},{"floor":15,"key":"LifebloodPotion"},{"floor":16,"key":"Strength Potion"},{"floor":20,"key":"Explosive Potion"}],"is_trial":false,"path_per_floor":["R","M","?","M","?","E","MIM","?","?","?","$","R","M","M","M","B",null,"R","AVR","M","M","?","E"],"character_chosen":"BEAKED_THE_CULTIST","items_purchased":["beaked:Insight","beaked:BraceForImpact"],"campfire_rested":1,"item_purchase_floors":[11,11],"current_hp_per_floor":[55,55,42,44,44,41,41,17,17,17,20,36,55,55,55,48,55,65,65,41,65,65,0,0],"gold":253,"neow_bonus":"TEN_PERCENT_HP_BONUS","is_daily":false,"chose_seed":false,"campfire_upgraded":1,"win_rate":0.0,"timestamp":1608604117,"path_taken":["R","M","?","M","?","E","MIM","?","?","?","?","R","M","M","M","BOSS","R","AVR","M","M","?","E"],"items_purchased_type":["Card","Card"],"build_version":"2020-12-13","purchased_purges":1,"victory":false,"max_hp_per_floor":[55,55,55,55,55,55,55,55,55,55,55,55,55,55,55,55,55,65,65,65,65,65,65,65],"card_choices":[{"not_picked":["beaked:MachineSpirit","beaked:TuckingFeathers"],"picked":"beaked:Insight","floor":2},{"not_picked":["hubris:Fate","ReplayTheSpireMod:??????????????????????"],"picked":"infinitespire:FutureSight","floor":3},{"not_picked":["beaked:BloodRitual","beaked:Brace"],"picked":"beaked:Insight","floor":4},{"not_picked":["beaked:Resilience","beaked:BraceForImpact"],"picked":"beaked:Windmill","floor":6},{"not_picked":["beaked:CursingBlood","beaked:Overexert"],"picked":"beaked:Brace","floor":7},{"not_picked":["beaked:SurvivalInstinct","beaked:Recite"],"picked":"beaked:MachineEssence","floor":8},{"not_picked":["beaked:HuntressEssence","beaked:MaddeningMurmurs"],"picked":"beaked:WarriorSpirit","floor":11},{"not_picked":["beaked:MimicMachine","beaked:RuinSticks","beaked:ShadowFade"],"picked":"SKIP","floor":13},{"not_picked":["beaked:DigDeep","beaked:Poke"],"picked":"beaked:CrazyRituals","floor":14},{"not_picked":["beaked:Poke","ReplayTheSpireMod:Wings of Steel"],"picked":"beaked:CrazyRituals","floor":15},{"not_picked":["beaked:CheekyTricks","beaked:Brainwash"],"picked":"beaked:ScreechingChant","floor":16},{"not_picked":["beaked:Brace","beaked:Poke"],"picked":"beaked:HuntressSpirit","floor":20},{"not_picked":["beaked:MimicMachine","beaked:Foresight"],"picked":"beaked:FakeOut","floor":21},{"not_picked":["beaked:Cower","beaked:Insight"],"picked":"beaked:Tweet","floor":22}],"player_experience":309260,"relics_obtained":[{"floor":6,"key":"Vajra"},{"floor":22,"key":"Ice Cream"},{"floor":22,"key":"Gremlin Horn"}],"event_choices":[{"damage_healed":0,"gold_gain":0,"player_choice":"Box","damage_taken":0,"relics_obtained":["Replay:PocketPolymizer"],"max_hp_gain":0,"max_hp_loss":0,"event_name":"Big Fish","floor":5,"gold_loss":0,"cards_obtained":["Regret"]}],"is_beta":false,"boss_relics":[{"not_picked":["Ring of Chaos","beaked:FlawlessSticks"],"picked":"Replay:Fungal Core"}],"items_purged_floors":[11],"is_endless":false,"potions_floor_spawned":[2,14,15,16,20],"killed_by":"Slavers","ascension_level":0}}