{"host":"7khtwbkyze7y134w","time":1608642952,"event":{"mods":["AchievementEnabler","BaseMod","Bestiary","Colored Map","Colored Powertips","Highlight Path","Minty Spire (QoL Compilation)","Quick Restart","Relic Stats","StSLib","SuperFastMode"],"gold_per_floor":[112,132,143,93,268,299,310,335,335,349,363,363,393,393,393,494,494,504,504,133,133,146,146,146],"floor_reached":23,"playtime":993,"items_purged":["Strike_G"],"score":211,"play_id":"b56a83bc-9828-4c3e-9053-46f7a73281b9","local_time":"20201222131552","is_ascension_mode":false,"campfire_choices":[{"floor":12,"key":"REST"},{"floor":15,"key":"REST"}],"circlet_count":0,"master_deck":["Strike_G","Strike_G","Strike_G","Defend_G","Defend_G","Defend_G","Defend_G","Survivor","Neutralize","Bouncing Flask","Bouncing Flask","Endless Agony","Bouncing Flask","Endless Agony","Deadly Poison","Envenom","Finisher"],"relics":["Ring of the Snake","NeowsBlessing","Lantern","Centennial Puzzle","Regal Pillow","Shuriken","SlaversCollar","Membership Card","FossilizedHelix"],"acts_visited":["Exordium","TheCity"],"potions_floor_usage":[8,8,8,18],"damage_taken":[{"damage":0.0,"enemies":"Small Slimes","floor":1.0,"turns":1.0},{"damage":0.0,"enemies":"2 Louse","floor":2.0,"turns":1.0},{"damage":0.0,"enemies":"Jaw Worm","floor":3.0,"turns":1.0},{"damage":16.0,"enemies":"Lagavulin","floor":6.0,"turns":5.0},{"damage":4.0,"enemies":"Exordium Thugs","floor":7.0,"turns":5.0},{"damage":14,"enemies":"3 Sentries","floor":8,"turns":4},{"damage":0,"enemies":"Exordium Wildlife","floor":10,"turns":3},{"damage":8,"enemies":"Red Slaver","floor":11,"turns":3},{"damage":28,"enemies":"Lagavulin","floor":13,"turns":4},{"damage":38,"enemies":"Slime Boss","floor":16,"turns":8},{"damage":26,"enemies":"3 Byrds","floor":18,"turns":4},{"damage":21,"enemies":"Shell Parasite","floor":22,"turns":4},{"damage":14,"enemies":"Gremlin Leader","floor":23,"turns":4}],"seed_played":"336442572326156927","potions_obtained":[{"floor":2.0,"key":"LiquidMemories"},{"floor":3.0,"key":"CunningPotion"},{"floor":6.0,"key":"ColorlessPotion"},{"floor":7.0,"key":"Regen Potion"},{"floor":13,"key":"GamblersBrew"},{"floor":16,"key":"LiquidBronze"}],"is_trial":false,"path_per_floor":["M","M","M","?","?","E","M","E","T","M","M","R","E","?","R","B",null,"M","?","$","?","M","E"],"character_chosen":"THE_SILENT","items_purchased":["Membership Card","FossilizedHelix","Finisher"],"campfire_rested":2,"item_purchase_floors":[20,20,20],"current_hp_per_floor":[70,70,70,70,70,54,50,50,50,50,42,70,42,35,70,32,70,44,44,44,31,10,0,0],"gold":146,"neow_bonus":"THREE_ENEMY_KILL","is_daily":false,"chose_seed":false,"campfire_upgraded":0,"win_rate":0.0,"timestamp":1608642952,"path_taken":["M","M","M","?","?","E","M","E","T","M","M","R","E","?","R","BOSS","M","?","$","?","M","E"],"items_purchased_type":["Relic","Relic","Card"],"build_version":"2020-12-13","purchased_purges":1,"victory":false,"max_hp_per_floor":[70,70,70,70,70,70,70,70,70,70,70,70,70,70,70,70,70,70,70,70,75,75,75,75],"relic_stats":{"Centennial Puzzle":[20],"Regal Pillow":21,"counters":[13,47],"Shuriken":[8],"obtain_stats":[{"SlaversCollar":17,"Lantern":6,"Centennial Puzzle":8,"Regal Pillow":9,"NeowsBlessing":0,"Shuriken":13,"Membership Card":20,"FossilizedHelix":20,"Ring of the Snake":0},{"SlaversCollar":10,"Lantern":4,"Centennial Puzzle":6,"Regal Pillow":6,"NeowsBlessing":0,"Shuriken":9,"Membership Card":11,"FossilizedHelix":11,"Ring of the Snake":0},{"SlaversCollar":35,"Lantern":8,"Centennial Puzzle":17,"Regal Pillow":17,"NeowsBlessing":0,"Shuriken":27,"Membership Card":39,"FossilizedHelix":39,"Ring of the Snake":0}],"Ring of the Snake":[27]},"card_choices":[{"not_picked":["Quick Slash","Dagger Spray"],"picked":"Bouncing Flask","floor":1.0},{"not_picked":["Quick Slash","Flying Knee"],"picked":"Bouncing Flask","floor":2.0},{"not_picked":["Dodge and Roll","All Out Attack"],"picked":"Endless Agony","floor":3.0},{"not_picked":["Underhanded Strike","Dagger Spray","Adrenaline"],"picked":"SKIP","floor":6.0},{"not_picked":["Calculated Gamble","Deflect"],"picked":"Bouncing Flask","floor":7.0},{"not_picked":["Well Laid Plans","Deflect"],"picked":"Endless Agony","floor":8},{"not_picked":["Acrobatics","Sucker Punch"],"picked":"Deadly Poison","floor":10},{"not_picked":["Acrobatics","Sucker Punch","Outmaneuver"],"picked":"SKIP","floor":11},{"not_picked":["Malaise","Flying Knee","Heel Hook"],"picked":"SKIP","floor":13},{"not_picked":["Phantasmal Killer","Venomology"],"picked":"Envenom","floor":16},{"not_picked":["Acrobatics","Blur","Calculated Gamble"],"picked":"SKIP","floor":18},{"not_picked":["Underhanded Strike","Flying Knee","All Out Attack"],"picked":"SKIP","floor":22}],"player_experience":8995,"relics_obtained":[{"floor":6.0,"key":"Lantern"},{"floor":8,"key":"Centennial Puzzle"},{"floor":9,"key":"Regal Pillow"},{"floor":13,"key":"Shuriken"}],"event_choices":[{"cards_removed":["Strike_G"],"damage_healed":0.0,"max_hp_gain":0.0,"max_hp_loss":0.0,"gold_gain":0.0,"event_name":"The Cleric","player_choice":"Card Removal","floor":4.0,"gold_loss":50.0,"damage_taken":0.0},{"damage_healed":0.0,"max_hp_gain":0.0,"max_hp_loss":0.0,"gold_gain":175.0,"event_name":"Liars Game","player_choice":"AGREE","floor":5.0,"gold_loss":0.0,"damage_taken":0.0,"cards_obtained":["Doubt"]},{"cards_removed":["Defend_G"],"damage_healed":0,"gold_gain":0,"player_choice":"Card Removal","damage_taken":7,"max_hp_gain":0,"max_hp_loss":0,"event_name":"Golden Wing","floor":14,"gold_loss":0},{"cards_removed":["Doubt"],"damage_healed":0,"gold_gain":0,"player_choice":"Purged","damage_taken":0,"max_hp_gain":0,"max_hp_loss":0,"event_name":"Purifier","floor":19,"gold_loss":0},{"damage_healed":0,"gold_gain":0,"player_choice":"Shed Blood","damage_taken":18,"max_hp_gain":5,"max_hp_loss":0,"event_name":"Forgotten Altar","floor":21,"gold_loss":0}],"is_beta":false,"boss_relics":[{"not_picked":["Cursed Key","Runic Dome"],"picked":"SlaversCollar"}],"items_purged_floors":[20],"is_endless":false,"potions_floor_spawned":[2,3,6,7,13,16],"killed_by":"Gremlin Leader","ascension_level":0}}