{"host":"6pgtslebjnyv5xmi","time":1608654053,"event":{"mods":["AchievementEnabler","BaseMod","Colored Map","Minty Spire (QoL Compilation)","Rare Cards Sparkle","SuperFastMode","everything is the same but u backflip on backflip"],"gold_per_floor":[109,126,201,13,188,188,188,221,271,271,302,320,7,7,7,111,111,130,130,146,196,208,208,224,224,224,249,174,174,21,21,21,118,118,128,181,28,46,46,46,64,64,64,81,112,129,129,29,29,29],"floor_reached":51,"playtime":2476,"items_purged":["Strike_R","Doubt"],"score":1009,"play_id":"3b6e2d15-6295-4cdd-a13a-6c1ce97f8e04","local_time":"20201223012053","is_ascension_mode":true,"campfire_choices":[{"data":"Inflame","floor":6.0,"key":"SMITH"},{"data":"Pummel","floor":10.0,"key":"SMITH"},{"data":"Double Tap","floor":15.0,"key":"SMITH"},{"data":"Spot Weakness","floor":23.0,"key":"SMITH"},{"data":"Shrug It Off","floor":29.0,"key":"SMITH"},{"floor":32.0,"key":"REST"},{"data":"Apotheosis","floor":40.0,"key":"SMITH"},{"data":"Limit Break","floor":49,"key":"SMITH"}],"circlet_count":0,"master_deck":["Strike_R","Strike_R+1","Strike_R","Defend_R+1","Defend_R","Defend_R","Defend_R","Bash","Disarm","Inflame+1","Pummel+1","Spot Weakness+1","Double Tap+1","Feed","Shrug It Off+1","Thunderclap","Ghostly","Ghostly","Ghostly","Ghostly","Reaper","J.A.X.","Limit Break+1","Apotheosis+1","Intimidate+1"],"relics":["Black Blood","NeowsBlessing","Happy Flower","Boot","Nunchaku","Lizard Tail","Gremlin Horn","HornCleat","Bottled Lightning","Oddly Smooth Stone","Runic Pyramid","Ice Cream","Sling","Vajra","Juzu Bracelet"],"acts_visited":["Exordium","TheCity","TheBeyond"],"potions_floor_usage":[50,50,50,50,50,50,50,50,50],"damage_taken":[{"damage":0.0,"enemies":"Small Slimes","floor":1.0,"turns":1.0},{"damage":0.0,"enemies":"Jaw Worm","floor":2.0,"turns":1.0},{"damage":0.0,"enemies":"Lagavulin","floor":8.0,"turns":1.0},{"damage":38.0,"enemies":"Gremlin Nob","floor":11.0,"turns":5.0},{"damage":1.0,"enemies":"2 Louse","floor":12.0,"turns":2.0},{"damage":17.0,"enemies":"Slime Boss","floor":16.0,"turns":7.0},{"damage":15.0,"enemies":"3 Byrds","floor":18.0,"turns":5.0},{"damage":14.0,"enemies":"Shell Parasite","floor":20.0,"turns":2.0},{"damage":20.0,"enemies":"Centurion and Healer","floor":22.0,"turns":5.0},{"damage":23.0,"enemies":"Snake Plant","floor":24.0,"turns":3.0},{"damage":31.0,"enemies":"Slavers","floor":27.0,"turns":9.0},{"damage":18.0,"enemies":"Automaton","floor":33.0,"turns":8.0},{"damage":3.0,"enemies":"Orb Walker","floor":35.0,"turns":4.0},{"damage":16.0,"enemies":"2 Orb Walkers","floor":36.0,"turns":6.0},{"damage":23.0,"enemies":"3 Shapes","floor":38.0,"turns":6.0},{"damage":23,"enemies":"Sphere and 2 Shapes","floor":41,"turns":3},{"damage":3,"enemies":"3 Darklings","floor":44,"turns":4},{"damage":2,"enemies":"Reptomancer","floor":45,"turns":5},{"damage":10,"enemies":"Maw","floor":46,"turns":8},{"damage":61,"enemies":"Awakened One","floor":50,"turns":10}],"seed_played":"-3834919279635499479","potions_obtained":[{"floor":11.0,"key":"ElixirPotion"},{"floor":12.0,"key":"Fire Potion"},{"floor":20.0,"key":"Block Potion"},{"floor":33.0,"key":"Strength Potion"},{"floor":35.0,"key":"HeartOfIron"},{"floor":41,"key":"EntropicBrew"},{"floor":44,"key":"Energy Potion"}],"is_trial":false,"path_per_floor":["M","M","?","$","?","R","?","E","T","R","E","M","$","?","R","B",null,"M","?","M","?","M","R","M","?","T","E","?","R","$","?","R","B",null,"M","?","$","M","?","R","M","$","T","M","E","M","?","$","R","B",null],"character_chosen":"IRONCLAD","items_purchased":["Happy Flower","Inflame","Gremlin Horn","Reaper","Sling"],"campfire_rested":1,"item_purchase_floors":[4,4,13,30,37],"current_hp_per_floor":[78,80,69,69,69,69,80,80,80,80,48,53,53,37,37,26,67,64,64,62,62,54,54,43,40,40,21,21,21,21,21,33,37,39,43,43,43,46,46,46,46,46,46,49,49,49,49,49,49,32],"gold":29,"neow_bonus":"THREE_ENEMY_KILL","is_daily":false,"chose_seed":false,"campfire_upgraded":7,"win_rate":0.0,"timestamp":1608654053,"path_taken":["M","M","?","$","?","R","?","E","T","R","E","M","$","?","R","BOSS","M","?","M","?","M","R","?","?","T","E","?","R","$","?","R","BOSS","M","?","$","M","?","R","M","?","T","?","E","M","?","$","R","BOSS"],"items_purchased_type":["Relic","Card","Relic","Card","Relic"],"build_version":"2020-12-13","purchased_purges":2,"victory":true,"max_hp_per_floor":[80,80,80,80,80,80,80,80,80,80,80,80,80,80,80,80,80,80,80,80,80,80,80,80,40,40,40,40,40,40,40,40,40,40,43,43,43,46,46,46,46,46,46,49,49,49,49,49,49,53],"card_choices":[{"not_picked":["Pommel Strike","Anger","Metallicize"],"picked":"SKIP","floor":1.0},{"not_picked":["Perfected Strike","Anger"],"picked":"Disarm","floor":2.0},{"not_picked":["Twin Strike","Anger"],"picked":"Pummel","floor":8.0},{"not_picked":["Body Slam","Thunderclap"],"picked":"Spot Weakness","floor":11.0},{"not_picked":["Ghostly Armor","Sword Boomerang"],"picked":"Double Tap","floor":12.0},{"not_picked":["Corruption","Berserk"],"picked":"Feed","floor":16.0},{"not_picked":["Sever Soul","Feel No Pain+1"],"picked":"Shrug It Off","floor":18.0},{"not_picked":["Sentinel","Feel No Pain+1"],"picked":"Thunderclap","floor":20.0},{"not_picked":["Pommel Strike","True Grit+1","Dual Wield"],"picked":"SKIP","floor":22.0},{"not_picked":["Evolve+1","Dual Wield","Anger"],"picked":"SKIP","floor":24.0},{"not_picked":["Evolve+1","Dual Wield","Anger"],"picked":"SKIP","floor":24.0},{"not_picked":["Immolate","Carnage","Anger"],"picked":"SKIP","floor":27.0},{"not_picked":["Immolate","Double Tap"],"picked":"Limit Break","floor":33.0},{"not_picked":["Iron Wave+1","True Grit","Clash+1"],"picked":"SKIP","floor":35.0},{"not_picked":["Uppercut+1","Cleave","Feed"],"picked":"SKIP","floor":38.0},{"not_picked":["Dramatic Entrance","Trip"],"picked":"Apotheosis","floor":39.0},{"not_picked":["Iron Wave","Whirlwind+1","Twin Strike+1"],"picked":"SKIP","floor":41},{"not_picked":["Anger","Armaments"],"picked":"Intimidate+1","floor":44},{"not_picked":["Pommel Strike","Iron Wave+1","Power Through"],"picked":"SKIP","floor":45},{"not_picked":["Headbutt","Battle Trance","Wild Strike+1"],"picked":"SKIP","floor":46}],"player_experience":376612,"relics_obtained":[{"floor":8.0,"key":"Boot"},{"floor":9.0,"key":"Nunchaku"},{"floor":11.0,"key":"Lizard Tail"},{"floor":26.0,"key":"Bottled Lightning"},{"floor":27.0,"key":"Oddly Smooth Stone"},{"floor":36.0,"key":"Ice Cream"},{"floor":43,"key":"Vajra"},{"floor":45,"key":"Juzu Bracelet"}],"event_choices":[{"damage_healed":0.0,"max_hp_gain":0.0,"max_hp_loss":0.0,"gold_gain":75.0,"event_name":"World of Goop","player_choice":"Gather Gold","floor":3.0,"gold_loss":0.0,"damage_taken":11.0},{"damage_healed":0.0,"max_hp_gain":0.0,"max_hp_loss":0.0,"gold_gain":175.0,"event_name":"Liars Game","player_choice":"AGREE","floor":5.0,"gold_loss":0.0,"damage_taken":0.0,"cards_obtained":["Doubt"]},{"damage_healed":26.0,"max_hp_gain":0.0,"max_hp_loss":0.0,"gold_gain":0.0,"event_name":"Big Fish","player_choice":"Banana","floor":7.0,"gold_loss":0.0,"damage_taken":0.0},{"damage_healed":0.0,"max_hp_gain":0.0,"max_hp_loss":0.0,"gold_gain":0.0,"event_name":"Shining Light","player_choice":"Entered Light","floor":14.0,"gold_loss":0.0,"damage_taken":16.0,"cards_upgraded":["Strike_R","Defend_R"]},{"damage_healed":0.0,"max_hp_gain":0.0,"max_hp_loss":0.0,"gold_gain":0.0,"event_name":"The Mausoleum","player_choice":"Opened","floor":19.0,"gold_loss":0.0,"damage_taken":0.0,"relics_obtained":["HornCleat"]},{"damage_healed":0.0,"max_hp_gain":0.0,"max_hp_loss":0.0,"gold_gain":100.0,"event_name":"The Joust","player_choice":"Bet on Murderer","floor":21.0,"gold_loss":50.0,"damage_taken":0.0},{"damage_healed":0.0,"max_hp_gain":0.0,"max_hp_loss":40.0,"gold_gain":0.0,"event_name":"Ghosts","player_choice":"Became a Ghost","floor":25.0,"gold_loss":0.0,"damage_taken":0.0,"cards_obtained":["Ghostly","Ghostly","Ghostly","Ghostly","Ghostly"]},{"cards_removed":["Strike_R"],"damage_healed":0.0,"max_hp_gain":0.0,"max_hp_loss":0.0,"gold_gain":0.0,"event_name":"Beggar","player_choice":"Gave Gold","floor":28.0,"gold_loss":75.0,"damage_taken":0.0},{"damage_healed":0.0,"max_hp_gain":0.0,"max_hp_loss":0.0,"gold_gain":0.0,"event_name":"Drug Dealer","player_choice":"Obtain J.A.X.","floor":31.0,"gold_loss":0.0,"damage_taken":0.0,"cards_obtained":["J.A.X."]},{"damage_healed":0.0,"max_hp_gain":0.0,"max_hp_loss":0.0,"gold_gain":0.0,"event_name":"Mysterious Sphere","player_choice":"Fight","floor":36.0,"gold_loss":0.0,"damage_taken":0.0},{"damage_healed":0.0,"max_hp_gain":0.0,"max_hp_loss":0.0,"gold_gain":0.0,"event_name":"SensoryStone","player_choice":"Memory 1","floor":39.0,"gold_loss":0.0,"damage_taken":0.0},{"cards_removed":["Ghostly"],"damage_healed":0,"gold_gain":0,"player_choice":"Removed Skill","damage_taken":0,"max_hp_gain":0,"max_hp_loss":0,"event_name":"Falling","floor":47,"gold_loss":0}],"is_beta":false,"boss_relics":[{"not_picked":["SlaversCollar","Sozu"],"picked":"Black Blood"},{"not_picked":["Busted Crown","Astrolabe"],"picked":"Runic Pyramid"}],"items_purged_floors":[13,48],"is_endless":false,"potions_floor_spawned":[11,12,20,33,35,41,44,45],"ascension_level":6}}