{"host":"ik8ww1p4uabx5gam","time":1608603686,"event":{"mods":["Always Whale","Aspiration","BaseMod","Better Third Choice","BetterRewards","Colored Map","Conspire","Energized Spire","FetchMod","Hubris","Infinite Spire","Jedi Mod","Minty Spire (QoL Compilation)","Random Character Button","Replay The Spire","Shop Mod","Spicy Shops","Spikes Relics","StSLib","The Blue Laboratory","Wandering Minibosses"],"gold_per_floor":[118,136,346,346,364,398,398,391,391,418,418,438,454,471,471,564,564,582,582,600,377,377,402,402,423,481,507,539,551,578,624,636,744,756,830,1709,1847,1991,1851,1851,1851,2002,2054,2216,2378,2543,2718,3018,3018,3018,3018,3018,3018,3247,3247],"floor_reached":56,"playtime":1886,"items_purged":["Strike_R","Rupture+1"],"score":2008,"play_id":"49f533f7-36a0-4c56-8f84-d65f3e3b8ed6","local_time":"20201221202126","is_ascension_mode":true,"campfire_choices":[{"data":"Heavy Blade","floor":7.0,"key":"SMITH"},{"data":"Whirlwind","floor":11.0,"key":"SMITH"},{"data":"Seeing Red","floor":15.0,"key":"SMITH"},{"data":"Rage","floor":24.0,"key":"SMITH"},{"floor":32.0,"key":"DIG"},{"floor":40.0,"key":"RECALL"},{"floor":49,"key":"REST"},{"data":"Pot Of Greed","floor":52,"key":"SMITH"}],"circlet_count":0,"master_deck":["Strike_R","Strike_R","Strike_R","Defend_R","Defend_R","Defend_R","Defend_R","Bash","ReplayTheSpireMod:Muscle Training+1","Uppercut","infinitespire:OneForAll","Heavy Blade+1","Sword Boomerang","Seeing Red+1","jedi:unlimitedpower","Whirlwind+1","Rage+1","Replay:Fractal Strike","Shrug It Off+1","Life Link+1","Flex+1","Shockwave+1","Pot Of Greed","Pot Of Greed+1","BarbarianYell+1"],"relics":["Burning Blood","Lee\u0027s Waffle","hubris:SlimyHat","SnailShell","Guide Book","CrustySpines","infinitespire:Beetle Shell","RollingBoulder","Brimstone","infinitespire:PuzzleCube","conspire:DeflatedDodgeball","Oddly Smooth Stone","Philosopher\u0027s Stone","hubris:HerbalPaste","infinitespire:Lucky Rock","Gremlin Horn","MawBank","Vajra","PreservedInsect","infinitespire:EvilPickle","Ooze Armor","wanderingMiniBosses:MasterThiefsPresence","Replay:Baseball","hubris:Towel","Onion Ring","Grinning Jar","Happy Flower","hubris:NiceRug","ReplayFunnel","aspiration:AnachronicSnailShell","OrangePellets","Anchor","conspire:Dentures","Chemical X","King of Hearts"],"acts_visited":["Exordium","TheCity","TheBeyond","TheEnding"],"potions_floor_usage":[48,48,55,55,55,55,55,55,55],"damage_taken":[{"damage":0.0,"enemies":"Jaw Worm","floor":1.0,"turns":3.0},{"damage":0.0,"enemies":"Cultist","floor":2.0,"turns":2.0},{"damage":0.0,"enemies":"Small Slimes","floor":5.0,"turns":1.0},{"damage":20.0,"enemies":"Lagavulin","floor":6.0,"turns":5.0},{"damage":1.0,"enemies":"Blue Slaver","floor":8.0,"turns":5.0},{"damage":0.0,"enemies":"Gremlin Nob","floor":10.0,"turns":2.0},{"damage":8.0,"enemies":"Red Slaver","floor":12.0,"turns":1.0},{"damage":0.0,"enemies":"Exordium Wildlife","floor":13.0,"turns":1.0},{"damage":0.0,"enemies":"Lots of Slimes","floor":14.0,"turns":3.0},{"damage":0.0,"enemies":"Slime Boss","floor":16.0,"turns":4.0},{"damage":0.0,"enemies":"Shell Parasite","floor":18.0,"turns":3.0},{"damage":9.0,"enemies":"Chosen","floor":20.0,"turns":2.0},{"damage":0.0,"enemies":"Gremlin Leader","floor":23.0,"turns":3.0},{"damage":0.0,"enemies":"Slavers","floor":25.0,"turns":2.0},{"damage":0.0,"enemies":"Snake Plant","floor":27.0,"turns":2.0},{"damage":0.0,"enemies":"Shelled Parasite and Fungi","floor":28.0,"turns":2.0},{"damage":0.0,"enemies":"Centurion and Healer","floor":30.0,"turns":2.0},{"damage":18.0,"enemies":"Replay:Snechameleon","floor":31.0,"turns":2.0},{"damage":8.0,"enemies":"Pondfish","floor":33.0,"turns":4.0},{"damage":17.0,"enemies":"3 Darklings","floor":35.0,"turns":2.0},{"damage":4.0,"enemies":"3 Shapes","floor":36.0,"turns":2.0},{"damage":0.0,"enemies":"Jaw Worm Horde","floor":37.0,"turns":1.0},{"damage":0.0,"enemies":"Spire Growth","floor":38.0,"turns":2.0},{"damage":0.0,"enemies":"R_Hoarder","floor":42.0,"turns":5.0},{"damage":0.0,"enemies":"Giant Head","floor":44.0,"turns":2.0},{"damage":2.0,"enemies":"4 Shapes","floor":45.0,"turns":1.0},{"damage":0.0,"enemies":"Writhing Mass","floor":46.0,"turns":2.0},{"damage":1.0,"enemies":"Transient","floor":47.0,"turns":5.0},{"damage":46,"enemies":"hubris:Merchant","floor":48,"turns":4},{"damage":0,"enemies":"Time Eater","floor":50,"turns":5},{"damage":0,"enemies":"Shield and Spear","floor":54,"turns":2},{"damage":5,"enemies":"The Heart","floor":55,"turns":4}],"seed_played":"-6954278957956071022","potions_obtained":[{"floor":1.0,"key":"Dexterity Potion"},{"floor":2.0,"key":"blueLaboratory:AbyssPotion"},{"floor":5.0,"key":"blueLaboratory:HorrorPotion"},{"floor":8.0,"key":"Fire Potion"},{"floor":12.0,"key":"blueLaboratory:HorrorPotion"},{"floor":16.0,"key":"jedi:holywater"},{"floor":18.0,"key":"BlessingOfTheForge"},{"floor":22.0,"key":"Flashbang"},{"floor":22.0,"key":"infinitespire:BlackPotion"},{"floor":27.0,"key":"blueLaboratory:IronCompound"},{"floor":33.0,"key":"jedi:StrikingPotion"},{"floor":38.0,"key":"AttackPotion"},{"floor":45.0,"key":"Adrenaline Potion"},{"floor":48,"key":"ColorlessPotion"},{"floor":48,"key":"EntropicBrew"}],"is_trial":false,"path_per_floor":["M","M","?","?","M","E","R","M","T","E","R","M","M","M","R","B",null,"M","AVR","M","$","?","E","R","E","T","M","M","?","M","E","R_BF","B",null,"M","M","M","M","$","R","?","E","T","E","M","M","M","$","R","B",null,"R","$","E","B",null],"character_chosen":"IRONCLAD","items_purchased":["Lee\u0027s Waffle","ReplayTheSpireMod:Muscle Training","Rupture","hubris:SlimyHat","SnailShell","Guide Book","infinitespire:Beetle Shell","RollingBoulder","Brimstone","Uppercut","infinitespire:Lucky Rock","Replay:Baseball"],"campfire_rested":1,"item_purchase_floors":[0,0,0,0,0,0,0,0,0,0,21,39],"current_hp_per_floor":[87,87,53,53,59,45,45,50,50,56,56,54,60,66,66,72,87,87,87,84,84,84,87,87,87,87,87,87,87,87,75,75,79,87,76,81,87,87,87,87,87,87,87,87,87,87,87,48,74,86,87,87,87,87,87],"gold":3247,"neow_bonus":"","is_daily":false,"chose_seed":false,"campfire_upgraded":5,"win_rate":0.0,"timestamp":1608603686,"path_taken":["M","M","?","?","M","E","R","?","T","E","R","M","M","M","R","BOSS","M","AVR","?","?","?","E","R","E","T","?","M","?","M","E","R_BF","BOSS","M","M","M","M","?","R","?","E","T","E","M","M","M","$","R","BOSS","R","$","E","BOSS"],"items_purchased_type":["Relic","Card","Card","Relic","Relic","Relic","Relic","Relic","Relic","Card","Relic","Relic"],"build_version":"2020-12-13","purchased_purges":2,"victory":true,"max_hp_per_floor":[87,87,87,87,87,87,87,87,87,87,87,87,87,87,87,87,87,87,87,87,87,87,87,87,87,87,87,87,87,87,87,87,87,87,87,87,87,87,87,87,87,87,87,87,87,87,87,87,87,87,87,87,87,87,87],"card_choices":[{"not_picked":["Bloodletting","Pommel Strike"],"picked":"infinitespire:OneForAll","floor":1.0},{"not_picked":["infinitespire:OneForAll","Clothesline"],"picked":"Heavy Blade","floor":2.0},{"not_picked":["Uppercut","Pommel Strike"],"picked":"Sword Boomerang","floor":3.0},{"not_picked":["Rampage","Barricade","Iron Wave"],"picked":"SKIP","floor":5.0},{"not_picked":["Sword Boomerang","Demonic Infusion","Cleave"],"picked":"SKIP","floor":6.0},{"not_picked":["Twin Strike","Sword Boomerang","jedi:collectorstrike"],"picked":"SKIP","floor":8.0},{"not_picked":["jedi:fear","Shockwave"],"picked":"Whirlwind","floor":10.0},{"not_picked":["Perfected Strike","jedi:fear"],"picked":"Rage","floor":12.0},{"not_picked":["hubris:SharpeningStone","Berserk","jedi:fear"],"picked":"SKIP","floor":13.0},{"not_picked":["Pummel","Replay:Undeath\u0027s Touch","Havoc"],"picked":"SKIP","floor":14.0},{"not_picked":["Headbutt","Sentinel","conspire:Charge"],"picked":"SKIP","floor":18.0},{"not_picked":["Rampage","Iron Wave","Spot Weakness"],"picked":"SKIP","floor":20.0},{"not_picked":["Evolve","Sword Boomerang","Sever Soul"],"picked":"SKIP","floor":23.0},{"not_picked":["Wild Strike","Armaments","Ghostly Armor"],"picked":"SKIP","floor":25.0},{"not_picked":["ReplayTheSpireMod:Stacked","Thunderclap","ReplayReversal"],"picked":"SKIP","floor":27.0},{"not_picked":["Disarm+1","Headbutt","Rage"],"picked":"SKIP","floor":28.0},{"not_picked":["infinitespire:OneForAll","Sword Boomerang+1","Anger"],"picked":"SKIP","floor":30.0},{"not_picked":["Iron Wave","Pommel Strike+1","Headbutt+1"],"picked":"SKIP","floor":31.0},{"not_picked":["Iron Wave","Pommel Strike+1","Headbutt+1"],"picked":"SKIP","floor":31.0},{"not_picked":["Body Slam+1","True Grit+1","Thunderclap+1"],"picked":"SKIP","floor":35.0},{"not_picked":["Dark Embrace","conspire:HitWhereItHurts"],"picked":"Shrug It Off+1","floor":36.0},{"not_picked":["Cleave","Metallicize+1"],"picked":"Life Link+1","floor":37.0},{"not_picked":["Pommel Strike","Replay:Undeath\u0027s Touch"],"picked":"Flex+1","floor":38.0},{"not_picked":["Thunderclap+1","Perfected Strike+1"],"picked":"Shockwave+1","floor":42.0},{"not_picked":["jedi:collectorstrike+1","Brutality","Twin Strike+1"],"picked":"SKIP","floor":44.0},{"not_picked":["Flex+1","Searing Blow+1","Twin Strike"],"picked":"SKIP","floor":45.0},{"not_picked":["Wild Strike+1","Blood for Blood+1"],"picked":"BarbarianYell+1","floor":46.0},{"not_picked":["Feel No Pain+1","Replay:Undeath\u0027s Touch","Warcry+1"],"picked":"SKIP","floor":47.0},{"not_picked":["Clash"],"picked":"SKIP","floor":48},{"not_picked":["Headbutt"],"picked":"SKIP","floor":48},{"not_picked":["Power Through"],"picked":"SKIP","floor":48},{"not_picked":["Flex"],"picked":"SKIP","floor":48},{"not_picked":["Fire Breathing"],"picked":"SKIP","floor":48},{"not_picked":["Survey Options"],"picked":"SKIP","floor":48},{"not_picked":["Metamorphosis"],"picked":"SKIP","floor":48},{"not_picked":["ReplayTheSpireMod:Muscle Training+1","Dropkick","Pommel Strike"],"picked":"SKIP","floor":54}],"player_experience":900815,"relics_obtained":[{"floor":6.0,"key":"infinitespire:PuzzleCube"},{"floor":9.0,"key":"conspire:DeflatedDodgeball"},{"floor":10.0,"key":"Oddly Smooth Stone"},{"floor":23.0,"key":"Gremlin Horn"},{"floor":25.0,"key":"MawBank"},{"floor":31.0,"key":"Vajra"},{"floor":32.0,"key":"PreservedInsect"},{"floor":36.0,"key":"wanderingMiniBosses:MasterThiefsPresence"},{"floor":42.0,"key":"Onion Ring"},{"floor":43.0,"key":"Grinning Jar"},{"floor":44.0,"key":"Happy Flower"},{"floor":48,"key":"ReplayFunnel"},{"floor":48,"key":"aspiration:AnachronicSnailShell"},{"floor":48,"key":"OrangePellets"},{"floor":48,"key":"Anchor"},{"floor":48,"key":"conspire:Dentures"},{"floor":48,"key":"Chemical X"},{"floor":54,"key":"King of Hearts"}],"event_choices":[{"damage_healed":0.0,"max_hp_gain":0.0,"max_hp_loss":0.0,"gold_gain":0.0,"event_name":"Match and Keep!","player_choice":"2 cards matched","floor":4.0,"gold_loss":0.0,"damage_taken":0.0,"cards_obtained":["Seeing Red","jedi:unlimitedpower"]},{"damage_healed":0.0,"max_hp_gain":0.0,"max_hp_loss":0.0,"gold_gain":0.0,"event_name":"Lab","player_choice":"Got Potions","floor":22.0,"gold_loss":0.0,"damage_taken":0.0},{"cards_removed":["Strike_R"],"damage_healed":0.0,"max_hp_gain":0.0,"max_hp_loss":0.0,"gold_gain":0.0,"event_name":"Purifier","player_choice":"Purged","floor":29.0,"gold_loss":0.0,"damage_taken":0.0}],"is_beta":false,"boss_relics":[{"not_picked":["aspiration:RunicSpoon","hubris:VirtuousBlindfold"],"picked":"Philosopher\u0027s Stone"},{"not_picked":["CosmicIsotope","conspire:SpecialSausage"],"picked":"Ooze Armor"}],"items_purged_floors":[19,21],"is_endless":false,"potions_floor_spawned":[1,2,5,8,12,16,18,27,28,33,38,45,46],"ascension_level":1}}