{"host":"c1oza4x7xlyuasvd","time":1608621028,"event":{"mods":["ATMod(阿瑾Mod)","Act Like it!","BaseMod","Better Vampires","Colored Powertips","Gensokyo","Minty Spire (QoL Compilation)","MostiFishMod","RumiaBox-露米娅的神秘盒子","StSLib","TestMod","Waifu the Spire","【功能Mod】混沌之环修复补丁","【遗物卡牌】REMEMod"],"gold_per_floor":[117,117,128,53,66,66,96,96,122,122,122,122,148,166,166,245,245,257,257,267,267,667,696,696,706,706,716,774,529,542,558,558,635,635,655,672,717,728,740,740,773,788,835,785,785,811,811,826,826,826],"floor_reached":51,"playtime":3729,"items_purged":["Strike_R","Bash","Strike_R"],"score":1613,"play_id":"c15a60a8-c7d9-49d8-aaff-96e1da44a8da","local_time":"20201222151028","is_ascension_mode":true,"campfire_choices":[{"data":"Well Laid Plans","floor":6.0,"key":"SMITH"},{"data":"Body Slam","floor":8.0,"key":"SMITH"},{"data":"AT_FamilyPortrait","floor":11.0,"key":"SMITH"},{"data":"MostiFishMod:Clarity","floor":15.0,"key":"SMITH"},{"data":"Apotheosis","floor":24.0,"key":"SMITH"},{"data":"Acrobatics","floor":32.0,"key":"SMITH"},{"data":"Barricade","floor":40.0,"key":"SMITH"},{"data":"Vault","floor":45,"key":"SMITH"},{"data":"AT_DarkMatter","floor":49,"key":"SMITH"}],"circlet_count":0,"master_deck":["AscendersBane","Strike_R+1","Strike_R","Strike_R","Defend_R","Defend_R","Defend_R","Defend_R","MostiFishMod:DustFall","AT_FamilyPortrait+1","Impervious","Body Slam+1","Well Laid Plans+1","MostiFishMod:Clarity+1","Barricade+1","Apotheosis+1","REME_FearOfPain","Disarm","AT_Dispersion","Impatience","Acrobatics+1","Gensokyo:ShootingStar","Vault+1","AT_BodySlamDance","Bloodletting","AT_DarkMatter+1","Shockwave","AT_DarkMatter+1","Evolve","Havoc","Skim+1"],"relics":["Burning Blood","AT_ATBox","DaveBox","REME_ComplimentaryCards","HaiYi:Twilight","testmod-ChristmasGift","Question Card","PrismaticShard","Smiling Mask","Pen Nib","ArrowTower","testmod-DragonStarHat","ImportantClient","ShadowXiaoBlade","Gensokyo:RedStar","Gensokyo:SongOfSouls","GodSword5","Pocketwatch","SentryEyes","DiscerningMonocle","REME_HourglassOfDeath","Gremlin Horn","Bronze Scales","DollysMirror","Toxic Egg 2"],"acts_visited":["Gensokyo:Gensokyo","Gensokyo:Gensokyoer","TheBeyond"],"potions_floor_usage":[],"damage_taken":[{"damage":8.0,"enemies":"Gensokyo:Gryphon","floor":1.0,"turns":5.0},{"damage":4.0,"enemies":"Gensokyo:Python","floor":3.0,"turns":4.0},{"damage":6.0,"enemies":"Gensokyo:2_Kodama","floor":5.0,"turns":2.0},{"damage":10.0,"enemies":"Gensokyo:Aya","floor":7.0,"turns":6.0},{"damage":0.0,"enemies":"Gensokyo:Mamizou","floor":13.0,"turns":5.0},{"damage":0.0,"enemies":"Gensokyo:VengefulSpirit","floor":14.0,"turns":2.0},{"damage":0.0,"enemies":"Gensokyo:Reimu","floor":16.0,"turns":6.0},{"damage":3.0,"enemies":"Gensokyo:Chomper","floor":18.0,"turns":4.0},{"damage":18.0,"enemies":"Gensokyo:CosmicMonolith","floor":20.0,"turns":3.0},{"damage":40.0,"enemies":"Gensokyo:Reisen","floor":23.0,"turns":5.0},{"damage":0.0,"enemies":"Gensokyo:Chomper_and_Gloop","floor":25.0,"turns":3.0},{"damage":39.0,"enemies":"Gensokyo:Slime_Group","floor":27.0,"turns":4.0},{"damage":43.0,"enemies":"Gensokyo:Koishi","floor":28.0,"turns":5.0},{"damage":5.0,"enemies":"Gensokyo:Monolith_and_Dog","floor":30.0,"turns":3.0},{"damage":12.0,"enemies":"Gensokyo:Mirror_and_Dog","floor":31.0,"turns":3.0},{"damage":0.0,"enemies":"Gensokyo:Eiki","floor":33.0,"turns":7.0},{"damage":0.0,"enemies":"Orb Walker","floor":35.0,"turns":3.0},{"damage":6.0,"enemies":"3 Shapes","floor":36.0,"turns":3.0},{"damage":25.0,"enemies":"3 Darklings","floor":37.0,"turns":4.0},{"damage":72.0,"enemies":"Spire Growth","floor":38.0,"turns":5.0},{"damage":7.0,"enemies":"Transient","floor":39.0,"turns":7.0},{"damage":6.0,"enemies":"Reptomancer","floor":41.0,"turns":4.0},{"damage":24.0,"enemies":"Maw","floor":42.0,"turns":6.0},{"damage":7,"enemies":"Giant Head","floor":46,"turns":5},{"damage":19,"enemies":"Writhing Mass","floor":48,"turns":5},{"damage":42,"enemies":"Donu and Deca","floor":50,"turns":6}],"seed_played":"-6456627460343203124","potions_obtained":[],"is_trial":false,"path_per_floor":["M","?","M","$","M","R","E","R","T","COS","R","T","E","M","R","B",null,"M","?","M","?","?","E","R","M","T","M","E","$","M","M","R","B",null,"M","M","M","M","M","R","E","M","T","$","R","E","?","M","R","B",null],"character_chosen":"IRONCLAD","items_purchased":["AT_Dispersion","Impatience","Gremlin Horn","Bronze Scales","DollysMirror","Evolve","Havoc"],"campfire_rested":0,"item_purchase_floors":[29,29,44,44,44,44,44],"current_hp_per_floor":[75,75,75,75,75,75,75,75,75,75,75,75,75,75,75,75,75,75,75,66,66,66,47,47,60,60,37,12,12,21,25,25,75,75,75,75,68,16,48,48,59,61,61,61,61,75,75,74,74,56],"gold":826,"neow_bonus":"ONE_RANDOM_RARE_CARD","is_daily":false,"chose_seed":false,"campfire_upgraded":9,"win_rate":0.0,"timestamp":1608621028,"path_taken":["M","?","?","$","M","R","E","R","T","COS","R","?","E","M","R","BOSS","M","?","?","?","?","E","R","M","T","M","E","?","?","M","R","BOSS","M","M","?","M","M","R","E","M","T","?","R","E","?","M","R","BOSS"],"items_purchased_type":["Card","Card","Relic","Relic","Relic","Card","Card"],"build_version":"2020-12-13","purchased_purges":3,"victory":true,"max_hp_per_floor":[75,75,75,75,75,75,75,75,75,75,75,75,75,75,75,75,75,75,75,75,75,75,75,75,75,75,75,75,75,75,75,75,75,75,75,75,75,75,75,75,75,75,75,75,75,75,75,75,75,75],"card_choices":[{"not_picked":["Anger","Infernal Blade"],"picked":"Body Slam","floor":1.0},{"not_picked":["Dash","Trip","Gensokyo:SalamanderShield"],"picked":"Well Laid Plans","floor":3.0},{"not_picked":["Rebound","Jack Of All Trades","WaveOfTheHand","Coolheaded"],"picked":"SKIP","floor":5.0},{"not_picked":["Turbo","Backstab","Quick Slash","Go for the Eyes"],"picked":"SKIP","floor":7.0},{"not_picked":["Choke","Coolheaded","Compile Driver"],"picked":"MostiFishMod:Clarity","floor":13.0},{"not_picked":["Cleave","Clothesline","Dual Wield","Chill"],"picked":"SKIP","floor":14.0},{"not_picked":["Juggernaut","MostiFishMod:#F4004","Sadistic Nature"],"picked":"Barricade","floor":16.0},{"not_picked":["Tactician","Protect","Heavy Blade","MostiFishMod:PerfectParry"],"picked":"SKIP","floor":18.0},{"not_picked":["Chill","Outmaneuver","TalkToTheHand"],"picked":"Apotheosis","floor":20.0},{"not_picked":["Backflip","Second Wind","AT_Desolate"],"picked":"REME_FearOfPain","floor":23.0},{"not_picked":["Protect","REME_TwoStrings+1","Underhanded Strike","Twin Strike"],"picked":"SKIP","floor":25.0},{"not_picked":["Clash","Leg Sweep+1","Twin Strike","ClearTheMind"],"picked":"SKIP","floor":27.0},{"not_picked":["Bane","REME_Compress","testmod-WeaknessCounterattack"],"picked":"Disarm","floor":28.0},{"not_picked":["Cleave","Doom and Gloom","ClearTheMind+1"],"picked":"Acrobatics","floor":30.0},{"not_picked":["Pommel Strike+1","Gash","AT_DivineConfetti","Sever Soul"],"picked":"SKIP","floor":31.0},{"not_picked":[],"picked":"Gensokyo:ShootingStar","floor":33.0},{"not_picked":["MostiFishMod:PerfectStrikeMKII","MostiFishMod:Confrontation","MostiFishMod:Neptune"],"picked":"Vault","floor":33.0},{"not_picked":["Havoc","Perfected Strike","FlurryOfBlows"],"picked":"AT_BodySlamDance","floor":35.0},{"not_picked":["Acrobatics","Conserve Battery","Havoc+1"],"picked":"Bloodletting","floor":36.0},{"not_picked":["Slice","Dagger Spray","Uppercut","Skewer+1"],"picked":"SKIP","floor":37.0},{"not_picked":["Leap","Battle Trance","True Grit+1"],"picked":"AT_DarkMatter","floor":38.0},{"not_picked":["Corruption","Sucker Punch+1","Gensokyo:BrilliantDragonBullet","Melter+1"],"picked":"SKIP","floor":39.0},{"not_picked":["Gensokyo:EverlastingLife","Poisoned Stab","Stack"],"picked":"Shockwave","floor":41.0},{"not_picked":["Sucker Punch+1","Deflect","AT_RobotInSpace","Uppercut+1"],"picked":"SKIP","floor":42.0},{"not_picked":["SashWhip","Predator","MostiFishMod:PerfectParry+1","Deflect+1"],"picked":"SKIP","floor":46},{"not_picked":["AT_WindFlip","Ball Lightning+1","Backflip+1"],"picked":"Skim+1","floor":48}],"player_experience":189256,"relics_obtained":[{"floor":1.0,"key":"Question Card"},{"floor":1.0,"key":"PrismaticShard"},{"floor":7.0,"key":"Smiling Mask"},{"floor":9.0,"key":"Pen Nib"},{"floor":12.0,"key":"ArrowTower"},{"floor":13.0,"key":"testmod-DragonStarHat"},{"floor":16.0,"key":"ImportantClient"},{"floor":23.0,"key":"GodSword5"},{"floor":26.0,"key":"Pocketwatch"},{"floor":28.0,"key":"SentryEyes"},{"floor":41.0,"key":"REME_HourglassOfDeath"},{"floor":46,"key":"Toxic Egg 2"}],"event_choices":[{"damage_healed":0.0,"max_hp_gain":0.0,"max_hp_loss":0.0,"gold_gain":400.0,"event_name":"恩洛斯的盘子","player_choice":"Sell","floor":22.0,"relics_lost":["testmod-TestBox"],"gold_loss":0.0,"damage_taken":0.0},{"damage_healed":0,"gold_gain":0,"player_choice":"Upgraded","damage_taken":0,"max_hp_gain":0,"max_hp_loss":0,"event_name":"Upgrade Shrine","floor":47,"gold_loss":0,"cards_upgraded":["AT_DarkMatter"]}],"is_beta":false,"boss_relics":[{"not_picked":["testmod-StringDisintegrator","testmod-KeyOfTheVoid"],"picked":"ShadowXiaoBlade"},{"not_picked":["PatriotShield","testmod-SaigiyounoYou"],"picked":"DiscerningMonocle"}],"items_purged_floors":[4,29,44],"is_endless":false,"potions_floor_spawned":[13,14,18,25,28,30,33,36,38,39,46],"ascension_level":17}}