{"host":"ursziy4t9x9wod35","time":1608681417,"event":{"mods":["Act Like it!","AlwaysNeverKeys","Aspiration","BaseMod","Beaked The Cultist","Colored Map","Colored Powertips","Conspire","DeckTracker","Friendly Minions","Glutton Mod","Googly Eyes","Halation","Hallownest","Hermit","Hubris","Infinite Spire","Marisa????????","Mimic Mod","Minty Spire (QoL Compilation)","Rare Cards Sparkle","Relic Sorter","Replay The Spire","Shop Mod","StSLib","The Animator","The Bug Knight","The Construct","The Cursed","The Hierophant","The Servant 0.9.4"],"gold_per_floor":[118,37,54,65,65,93,111,111,244,244,244,276,133,146,146,344,344,363,376,387,404,8,8,30,30,30,30,30,102,62,91,91,193,193,210,222,222,241,241,276,276,296,331,349,349,349,368,384,384,384],"floor_reached":51,"playtime":2692,"items_purged":["hermit:Strike_Hermit","hermit:Showdown","hermit:Strike_Hermit"],"score":802,"play_id":"a0bbd965-8e2f-4b86-9bb3-7a9e22fd207c","local_time":"20201222185657","is_ascension_mode":false,"campfire_choices":[{"data":"hermit:Roulette","floor":8.0,"key":"SMITH"},{"data":"hermit:Cheat","floor":15.0,"key":"SMITH"},{"data":"hermit:Spite","floor":23.0,"key":"SMITH"},{"data":"hermit:FatalDesire","floor":25.0,"key":"SMITH"},{"data":"hermit:Manifest","floor":28.0,"key":"SMITH"},{"data":"hermit:Reprieve","floor":32.0,"key":"SMITH"},{"data":"hermit:FatalDesire","floor":41,"key":"SMITH"},{"floor":46,"key":"RECALL"},{"data":"infinitespire:TheBestDefense","floor":49,"key":"SMITH"}],"circlet_count":0,"master_deck":["hermit:Strike_Hermit","hermit:Strike_Hermit","hermit:Defend_Hermit","hermit:Defend_Hermit","hermit:Defend_Hermit","hermit:Defend_Hermit","hermit:Snapshot","hermit:Covet+1","hermit:Manifest+1","hermit:ShadowCloak","hermit:EyeOfTheStorm","hermit:Roulette+1","hermit:Enervate","hermit:Grudge","hermit:ShadowCloak","hermit:Cheat+1","hermit:FatalDesire+1","hermit:Maintenance+1","hermit:SprayPray","hermit:Spite+1","hermit:Manifest","hermit:Reprieve+1","hermit:OverwhelmingPower","Pain","Decay","infinitespire:TheBestDefense+1","hermit:FatalDesire+1","hermit:Combo+1","hermit:Coalescence+1","Flash of Steel","Jack Of All Trades"],"relics":["hermit:Momento","halation:TrafficLight","hubris:Icosahedron","hubris:MysteriousPyramids","infinitespire:Beetle Shell","Mango","hubris:VirtuousBlindfold","infinitespire:WardingShard","Juzu Bracelet","Chameleon Ring","halation:Pancakes","halation:Prosthetics","ReplayTheSpireMod:Lightbulb","CaptainsWheel"],"acts_visited":["Exordium","TheCity","TheBeyond"],"potions_floor_usage":[50],"damage_taken":[{"damage":1.0,"enemies":"Cultist","floor":1.0,"turns":4.0},{"damage":0.0,"enemies":"Small Slimes","floor":3.0,"turns":5.0},{"damage":7.0,"enemies":"2 Louse","floor":4.0,"turns":3.0},{"damage":36.0,"enemies":"3 Sentries","floor":6.0,"turns":11.0},{"damage":0.0,"enemies":"Large Slime","floor":7.0,"turns":6.0},{"damage":0.0,"enemies":"Lots of Slimes","floor":9.0,"turns":4.0},{"damage":12.0,"enemies":"Gremlin Nob","floor":12.0,"turns":2.0},{"damage":5.0,"enemies":"Lots of Slimes","floor":14.0,"turns":3.0},{"damage":13.0,"enemies":"The Guardian","floor":16.0,"turns":11.0},{"damage":0.0,"enemies":"Chosen","floor":18.0,"turns":3.0},{"damage":16.0,"enemies":"3 Byrds","floor":19.0,"turns":6.0},{"damage":18.0,"enemies":"Centurion and Healer","floor":20.0,"turns":6.0},{"damage":12.0,"enemies":"Snecko","floor":21.0,"turns":6.0},{"damage":11.0,"enemies":"Gremlin Leader","floor":24.0,"turns":7.0},{"damage":18.0,"enemies":"conspire:SneckoGhost","floor":31.0,"turns":4.0},{"damage":18.0,"enemies":"conspire:MysteriousRune","floor":33.0,"turns":5.0},{"damage":0,"enemies":"3 Shapes","floor":35,"turns":3},{"damage":3,"enemies":"Orb Walker","floor":36,"turns":2},{"damage":0,"enemies":"Spire Growth","floor":38,"turns":4},{"damage":0,"enemies":"HollowMod:StalkingDevout","floor":40,"turns":4},{"damage":2,"enemies":"Sphere and 2 Shapes","floor":42,"turns":3},{"damage":0,"enemies":"Transient","floor":43,"turns":3},{"damage":0,"enemies":"Transient","floor":44,"turns":5},{"damage":0,"enemies":"3 Darklings","floor":47,"turns":2},{"damage":0,"enemies":"Jaw Worm Horde","floor":48,"turns":2},{"damage":8,"enemies":"hubris:GrandSnecko","floor":50,"turns":4}],"seed_played":"4483072969215228173","potions_obtained":[{"floor":4.0,"key":"DistilledChaos"},{"floor":7.0,"key":"LiquidMemories"},{"floor":12.0,"key":"AttackPotion"},{"floor":19.0,"key":"Weak Potion"},{"floor":20.0,"key":"Flashbang"},{"floor":21.0,"key":"SmokeBomb"},{"floor":30.0,"key":"hermit:Tonic"},{"floor":30.0,"key":"Regen Potion"},{"floor":30.0,"key":"Weak Potion"},{"floor":38,"key":"Block Potion"},{"floor":42,"key":"Energy Potion"},{"floor":44,"key":"BlessingOfTheForge"}],"is_trial":false,"path_per_floor":["M","$","M","M","?","E","M","R","MIM","?","?","E","$","M","R","B",null,"M","M","M","M","$","R","E","R","T","AVR","R","T","?","E","R","B",null,"M","M","?","M","?","E","R","M","MIM","M","?","R","M","M","R","B",null],"character_chosen":"HERMIT","items_purchased":["hermit:ShadowCloak","hermit:ShadowCloak","hermit:Manifest","infinitespire:WardingShard"],"campfire_rested":0,"item_purchase_floors":[2,13,22,22],"current_hp_per_floor":[74,74,74,67,67,31,31,31,31,31,31,33,33,28,28,15,89,89,73,55,43,43,43,32,32,32,32,32,32,32,70,70,64,54,54,51,51,54,54,54,54,54,54,54,44,44,48,48,48,44],"gold":384,"neow_bonus":"RANDOM_EVENT","is_daily":false,"chose_seed":false,"campfire_upgraded":8,"win_rate":0.0,"timestamp":1608681417,"path_taken":["M","?","M","M","?","E","M","R","MIM","?","?","E","$","M","R","BOSS","M","M","?","M","$","R","E","R","T","AVR","R","?","?","E","R","BOSS","M","M","?","M","?","E","R","M","MIM","M","?","R","M","M","R","BOSS"],"items_purchased_type":["Card","Card","Card","Relic"],"build_version":"2020-12-13","purchased_purges":3,"victory":true,"max_hp_per_floor":[75,75,75,75,75,75,75,75,75,75,75,89,89,89,89,89,89,89,89,89,89,89,89,89,89,89,89,89,89,89,89,89,89,54,54,54,54,54,54,54,54,54,54,54,54,54,54,54,54,54],"card_choices":[{"not_picked":["hermit:DeadMansHand","hermit:HoleUp"],"picked":"hermit:Manifest","floor":1.0},{"not_picked":["hermit:Ricochet","hermit:Coalescence","hermit:WideOpen"],"picked":"SKIP","floor":3.0},{"not_picked":["hermit:Dive","hermit:Deadeye","hermit:Coalescence"],"picked":"SKIP","floor":4.0},{"not_picked":["hermit:Scavenge","hermit:Spite"],"picked":"hermit:EyeOfTheStorm","floor":6.0},{"not_picked":["hermit:BodyArmor","hermit:Headshot"],"picked":"hermit:Roulette","floor":7.0},{"not_picked":["hermit:Ricochet","hermit:HighCaliber"],"picked":"hermit:Enervate","floor":9.0},{"not_picked":["hermit:Glare","hermit:FinalCanter"],"picked":"hermit:Grudge","floor":12.0},{"not_picked":["hermit:WideOpen","hermit:Feint"],"picked":"hermit:Cheat","floor":14.0},{"not_picked":["hermit:HeroicBravado","hermit:Magnum"],"picked":"hermit:FatalDesire","floor":16.0},{"not_picked":["hermit:Showdown","hermit:Vantage"],"picked":"hermit:Maintenance+1","floor":18.0},{"not_picked":["hermit:HighCaliber","hermit:WideOpen"],"picked":"hermit:Showdown","floor":19.0},{"not_picked":["hermit:CalledShot+1","hermit:WideOpen+1"],"picked":"hermit:SprayPray","floor":20.0},{"not_picked":["hermit:Coalescence","hermit:Shortfuse"],"picked":"hermit:Spite","floor":21.0},{"not_picked":["hermit:Brawl","hermit:FlashPowder","hermit:Maintenance"],"picked":"SKIP","floor":24.0},{"not_picked":["hermit:EyeOfTheStorm","hermit:ItchyTrigger"],"picked":"hermit:Reprieve","floor":31.0},{"not_picked":["hermit:Reprieve","hermit:Roughhouse"],"picked":"hermit:OverwhelmingPower","floor":33.0},{"not_picked":["hermit:Brawl+1","hermit:Maintenance","hermit:Manifest+1"],"picked":"SKIP","floor":35},{"not_picked":["hermit:LoneWolf+1","hermit:Horror","hermit:Dive+1"],"picked":"SKIP","floor":36},{"not_picked":["infinitespire:DeathsTouch","infinitespire:Starlight"],"picked":"infinitespire:TheBestDefense","floor":37},{"not_picked":["hermit:Maintenance","hermit:EyeOfTheStorm+1","hermit:Dive"],"picked":"SKIP","floor":38},{"not_picked":["hermit:WideOpen+1","hermit:BodyArmor"],"picked":"hermit:FatalDesire","floor":40},{"not_picked":["hermit:Desperado+1","hermit:Quickdraw"],"picked":"hermit:Combo+1","floor":42},{"not_picked":["hermit:Grudge+1","hermit:PistolWhip"],"picked":"hermit:Coalescence+1","floor":43},{"not_picked":["hermit:TrackingShot","hermit:Enervate+1","hermit:LowProfile"],"picked":"SKIP","floor":44},{"not_picked":["Transmutation","Dark Shackles"],"picked":"Flash of Steel","floor":45},{"not_picked":["Replay:Sssssssssstrike","ReplayTheSpireMod:Trickstab"],"picked":"Jack Of All Trades","floor":45},{"not_picked":["hermit:Feint","hermit:ItchyTrigger","hermit:Brawl+1"],"picked":"SKIP","floor":47},{"not_picked":["hermit:TrackingShot","hermit:BodyArmor","hermit:HoleUp+1"],"picked":"SKIP","floor":48}],"player_experience":354087,"relics_obtained":[{"floor":6.0,"key":"hubris:MysteriousPyramids"},{"floor":9.0,"key":"infinitespire:Beetle Shell"},{"floor":12.0,"key":"Mango"},{"floor":24.0,"key":"Juzu Bracelet"},{"floor":29.0,"key":"Chameleon Ring"},{"floor":31.0,"key":"halation:Pancakes"},{"floor":40,"key":"ReplayTheSpireMod:Lightbulb"},{"floor":43,"key":"CaptainsWheel"}],"event_choices":[{"damage_healed":0.0,"max_hp_gain":0.0,"max_hp_loss":0.0,"gold_gain":0.0,"event_name":"conspire:Investor","player_choice":"Leave","floor":10.0,"gold_loss":0.0,"damage_taken":0.0},{"damage_healed":0.0,"max_hp_gain":0.0,"max_hp_loss":0.0,"gold_gain":0.0,"event_name":"NoteForYourself","player_choice":"Ignored","floor":11.0,"gold_loss":0.0,"damage_taken":0.0},{"damage_healed":0.0,"max_hp_gain":0.0,"max_hp_loss":0.0,"gold_gain":0.0,"event_name":"The Woman in Blue","player_choice":"Bought 3 Potions","floor":30.0,"gold_loss":0.0,"damage_taken":0.0},{"damage_healed":0,"gold_gain":0,"player_choice":"Full Heal","damage_taken":0,"max_hp_gain":0,"max_hp_loss":0,"event_name":"Wheel of Change","floor":39,"gold_loss":0},{"damage_healed":0,"gold_gain":0,"player_choice":"Memory 3","damage_taken":10,"max_hp_gain":0,"max_hp_loss":0,"event_name":"SensoryStone","floor":45,"gold_loss":0}],"is_beta":false,"boss_relics":[{"not_picked":["hubris:ScarierMask","halation:Yufonium"],"picked":"hubris:VirtuousBlindfold"},{"not_picked":["ReplayTheSpireMod:SealedPack","Coffee Dripper"],"picked":"halation:Prosthetics"}],"items_purged_floors":[13,22,27],"is_endless":false,"potions_floor_spawned":[4,7,12,19,20,21,31,38,42,44,47,48],"ascension_level":0}}