{"host":"st1kg310ms6sytc5","time":1608627110,"event":{"mods":["ATMod(°¢èªMod)","Act Like it!","BaseMod","CapriCore","Friendly Minions","Gensokyo","Minty Spire (QoL Compilation)","Relic Stats","StSLib","SuperFastMode"],"gold_per_floor":[115,195,18,28,294,68,83,99,99,99,125,141,141,141,141],"floor_reached":14,"playtime":940,"items_purged":["Strike_B"],"score":122,"play_id":"b62555d3-1716-4407-be0c-c9d7dcdec1a1","local_time":"20201222165150","is_ascension_mode":true,"campfire_choices":[{"data":"AT_RightCognition","floor":13,"key":"SMITH"}],"circlet_count":0,"master_deck":["Strike_B","Strike_B","Strike_B","Defend_B","Defend_B","Defend_B","Defend_B","Zap","Dualcast","AT_RightCognition+1","AT_ThreeBodyProblem","AT_ThunderBolt","Static Discharge","Recycle"],"relics":["Cracked Core","AT_ATBox","Runic Capacitor","Gensokyo:Companionship","Ancient Tea Set","Gensokyo:Mercy","Mummified Hand"],"acts_visited":["Gensokyo:Gensokyo"],"potions_floor_usage":[8],"damage_taken":[{"damage":7.0,"enemies":"Gensokyo:Gryphon","floor":1.0,"turns":4.0},{"damage":20.0,"enemies":"Gensokyo:Python","floor":4.0,"turns":6.0},{"damage":19.0,"enemies":"Gensokyo:3_Fairies","floor":5.0,"turns":7.0},{"damage":0.0,"enemies":"Gensokyo:LivingMonolith","floor":7.0,"turns":3.0},{"damage":11,"enemies":"Gensokyo:Python_and_Kodama","floor":8,"turns":4},{"damage":0,"enemies":"Gensokyo:Mamizou","floor":11,"turns":7},{"damage":2,"enemies":"Gensokyo:VengefulSpirit","floor":12,"turns":4},{"damage":10,"enemies":"Gensokyo:Cirno","floor":14,"turns":4}],"seed_played":"9033576305100302886","potions_obtained":[{"floor":5.0,"key":"SpeedPotion"},{"floor":7.0,"key":"ColorlessPotion"},{"floor":11,"key":"FearPotion"}],"is_trial":false,"path_per_floor":["M","?","COS","M","M","$","M","M","T","?","E","M","R","E"],"character_chosen":"DEFECT","items_purchased":["Runic Capacitor"],"campfire_rested":0,"item_purchase_floors":[6],"current_hp_per_floor":[61,61,61,41,22,22,22,11,11,11,11,9,9,0,0],"gold":141,"neow_bonus":"THREE_RARE_CARDS","is_daily":false,"chose_seed":false,"campfire_upgraded":1,"win_rate":0.0,"timestamp":1608627110,"path_taken":["M","?","COS","M","M","$","M","M","T","?","E","M","R","E"],"items_purchased_type":["Relic"],"build_version":"2020-12-13","purchased_purges":1,"victory":false,"max_hp_per_floor":[68,68,68,68,68,68,68,68,68,68,68,68,68,68,68],"relic_stats":{"counters":[8,39],"Mummified Hand":[7],"obtain_stats":[{"AT_ATBox":0,"Gensokyo:Companionship":7,"Gensokyo:Mercy":10,"Mummified Hand":11,"Runic Capacitor":6,"Cracked Core":0,"Ancient Tea Set":7},{"AT_ATBox":0,"Gensokyo:Companionship":4,"Gensokyo:Mercy":5,"Mummified Hand":6,"Runic Capacitor":3,"Cracked Core":0,"Ancient Tea Set":4},{"AT_ATBox":0,"Gensokyo:Companionship":18,"Gensokyo:Mercy":24,"Mummified Hand":31,"Runic Capacitor":17,"Cracked Core":0,"Ancient Tea Set":19}]},"card_choices":[{"not_picked":["Hyperbeam","Thunder Strike"],"picked":"AT_RightCognition","floor":0.0},{"not_picked":["Hologram","Barrage","Sweeping Beam"],"picked":"SKIP","floor":1.0},{"not_picked":["Sweeping Beam","Go for the Eyes"],"picked":"AT_ThreeBodyProblem","floor":4.0},{"not_picked":["AT_RobotInSpace","Hello World","Echo Form"],"picked":"SKIP","floor":5.0},{"not_picked":["Sweeping Beam","Hologram"],"picked":"AT_ThunderBolt","floor":7.0},{"not_picked":["Barrage","AT_RobotInSpace","Redo"],"picked":"SKIP","floor":8},{"not_picked":["Blizzard","Thunder Strike"],"picked":"Static Discharge","floor":11},{"not_picked":["Leap","Cold Snap"],"picked":"Recycle","floor":12}],"player_experience":1326576,"relics_obtained":[{"floor":11,"key":"Mummified Hand"}],"event_choices":[],"is_beta":false,"boss_relics":[],"items_purged_floors":[6],"is_endless":false,"potions_floor_spawned":[5,7,11],"killed_by":"Gensokyo:Cirno","ascension_level":1}}