{"host":"cyh4fejqtcjbfr7k","time":1608681274,"event":{"mods":["2.2 Compatiblity","AchievementEnabler","BaseMod","Colored Map","Colored Powertips","DeckTracker","Downfall","Googly Eyes","Hubris","Infinite Spire","Minty Spire (QoL Compilation)","Replay The Spire","Shop Mod","StSLib","SuperFastMode","Unceasing Turn Reminder"],"gold_per_floor":[119,119,68,168,178,212,212,224,249,249,262,262,272,292,292,391,391,410,410,460,460,460,476,476,476],"floor_reached":24,"playtime":562,"items_purged":[],"score":196,"play_id":"06d6093a-8c43-43c8-8197-61e26de2c644","local_time":"20201222165434","is_ascension_mode":false,"campfire_choices":[{"floor":7,"key":"REST"},{"floor":10,"key":"REST"},{"floor":15,"key":"REST"}],"circlet_count":0,"master_deck":["Strike_P","Strike_P","Strike_P","Strike_P","Defend_P","Defend_P","Defend_P","Defend_P","Eruption","Vigilance","Devotion+1","Replay:AtTheReady","PathToVictory","BattleHymn","Protect","Consecrate","ReachHeaven","FlurryOfBlows","PathToVictory","DevaForm","Wallop+1","Perseverance"],"relics":["PureWater","hubris:DeckOfHolding","Happy Flower","Mummified Hand","Sozu","Juzu Bracelet","Nloth\u0027s Gift"],"acts_visited":["Exordium","TheCity"],"potions_floor_usage":[6,16],"damage_taken":[{"damage":6,"enemies":"Jaw Worm","floor":1,"turns":3},{"damage":1,"enemies":"Small Slimes","floor":5,"turns":3},{"damage":32,"enemies":"Lagavulin","floor":6,"turns":5},{"damage":1,"enemies":"Cultist","floor":8,"turns":5},{"damage":6,"enemies":"Blue Slaver","floor":11,"turns":5},{"damage":5,"enemies":"Red Slaver","floor":13,"turns":5},{"damage":10,"enemies":"Looter","floor":14,"turns":2},{"damage":21,"enemies":"Slime Boss","floor":16,"turns":5},{"damage":29,"enemies":"Chosen","floor":18,"turns":6},{"damage":15,"enemies":"Spheric Guardian","floor":23,"turns":5},{"damage":29,"enemies":"Cultist and Chosen","floor":24,"turns":6}],"seed_played":"7843386902094568213","potions_obtained":[{"floor":1,"key":"Block Potion"},{"floor":6,"key":"Dexterity Potion"}],"is_trial":false,"path_per_floor":["M","?","$","?","M","E","R","M","T","R","M","?","M","M","R","B",null,"M","?","?","AVR","?","M","M"],"character_chosen":"WATCHER","items_purchased":["PathToVictory"],"campfire_rested":3,"item_purchase_floors":[3],"current_hp_per_floor":[66,66,66,66,65,33,54,53,53,72,66,66,61,51,72,51,72,43,43,43,43,43,28,0,0],"gold":476,"neow_bonus":"ONE_RANDOM_RARE_CARD","is_daily":false,"chose_seed":false,"campfire_upgraded":0,"win_rate":0.0,"timestamp":1608681274,"path_taken":["M","?","$","?","?","E","R","M","T","R","M","?","?","M","R","BOSS","M","?","?","AVR","?","M","M"],"items_purchased_type":["Card"],"build_version":"2020-12-13","purchased_purges":0,"victory":false,"max_hp_per_floor":[72,72,72,72,72,72,72,72,72,72,72,72,72,72,72,72,72,72,72,72,72,72,72,72,72],"card_choices":[{"not_picked":["SignatureMove","Meditate"],"picked":"Replay:AtTheReady","floor":1},{"not_picked":["Protect","FlyingSleeves"],"picked":"BattleHymn","floor":5},{"not_picked":["Replay:BluntJabs","WaveOfTheHand"],"picked":"Protect","floor":6},{"not_picked":["WreathOfFlame","Sanctity"],"picked":"Consecrate","floor":8},{"not_picked":["Replay:BluntJabs","CutThroughFate"],"picked":"ReachHeaven","floor":11},{"not_picked":["WheelKick","ForeignInfluence"],"picked":"FlurryOfBlows","floor":13},{"not_picked":["Indignation","Vengeance"],"picked":"PathToVictory","floor":14},{"not_picked":["Establishment","Alpha"],"picked":"DevaForm","floor":16},{"not_picked":["Replay:Vibes","Indignation"],"picked":"Wallop+1","floor":18},{"not_picked":["CutThroughFate","Replay:Battleflow"],"picked":"Perseverance","floor":23}],"player_experience":606336,"relics_obtained":[{"floor":6,"key":"hubris:DeckOfHolding"},{"floor":9,"key":"Happy Flower"}],"event_choices":[{"damage_healed":0,"gold_gain":0,"player_choice":"Ignored","damage_taken":0,"max_hp_gain":0,"max_hp_loss":0,"event_name":"Liars Game","floor":2,"gold_loss":0},{"damage_healed":0,"gold_gain":100,"player_choice":"Gold","damage_taken":0,"max_hp_gain":0,"max_hp_loss":0,"event_name":"Wheel of Change","floor":4,"gold_loss":0},{"damage_healed":0,"gold_gain":0,"player_choice":"Forge","damage_taken":0,"max_hp_gain":0,"max_hp_loss":0,"event_name":"Accursed Blacksmith","floor":12,"gold_loss":0,"cards_upgraded":["Devotion"]},{"damage_healed":0,"gold_gain":0,"player_choice":"Ignored","damage_taken":0,"max_hp_gain":0,"max_hp_loss":0,"event_name":"Vampires","floor":19,"gold_loss":0},{"damage_healed":0,"gold_gain":100,"player_choice":"Bet on Murderer","damage_taken":0,"max_hp_gain":0,"max_hp_loss":0,"event_name":"The Joust","floor":20,"gold_loss":50},{"damage_healed":0,"gold_gain":0,"player_choice":"Traded Relic","damage_taken":0,"relics_obtained":["Nloth\u0027s Gift"],"max_hp_gain":0,"max_hp_loss":0,"event_name":"N\u0027loth","floor":22,"relics_lost":["hubris:Backtick"],"gold_loss":0}],"is_beta":false,"boss_relics":[{"not_picked":["Calling Bell","hubris:TerracottaHorce"],"picked":"hubris:Backtick"}],"items_purged_floors":[],"is_endless":false,"potions_floor_spawned":[1,6],"killed_by":"Cultist and Chosen","ascension_level":0}}