{"host":"naykp6d9ulahlwib","time":1608615770,"event":{"mods":["BaseMod","Highlight Path","Minty Spire (QoL Compilation)","Shop Mod","StSLib"],"gold_per_floor":[115,40,190,90,90,90,105,105,105,155,180,180,180,196,196,289,289,302,302,317,192,205,205,55,55,100,100,100,120,120,120,120,219,219,238,238,253,284,254,254,254,254],"floor_reached":41,"playtime":3963,"items_purged":["Strike_P","Doubt","Strike_P","Defend_P"],"score":731,"play_id":"b1c906c1-b3c2-4e1d-975b-e9ccac4c7fc4","local_time":"20201221234250","is_ascension_mode":true,"campfire_choices":[{"data":"Eruption","floor":6.0,"key":"SMITH"},{"data":"Worship","floor":8.0,"key":"SMITH"},{"floor":12.0,"key":"REST"},{"data":"Protect","floor":15.0,"key":"SMITH"},{"floor":23.0,"key":"REST"},{"data":"DevaForm","floor":25.0,"key":"SMITH"},{"data":"Prostrate","floor":27.0,"key":"SMITH"},{"floor":30.0,"key":"REST"},{"floor":32.0,"key":"REST"},{"data":"Judgement","floor":40.0,"key":"SMITH"}],"circlet_count":0,"master_deck":["AscendersBane","Strike_P","Defend_P","Defend_P","Eruption+1","Vigilance","Worship+1","CutThroughFate","Protect+1","DevaForm+1","Prostrate+1","CarveReality","Judgement+1","Protect","WaveOfTheHand"],"relics":["PureWater","WingedGreaves","Golden Idol","Unceasing Top","Velvet Choker","Boot","Cursed Key","Torii"],"acts_visited":["Exordium","TheCity","TheBeyond"],"potions_floor_usage":[41],"damage_taken":[{"damage":0.0,"enemies":"Cultist","floor":1.0,"turns":2.0},{"damage":1.0,"enemies":"2 Louse","floor":7.0,"turns":3.0},{"damage":0.0,"enemies":"Jaw Worm","floor":11.0,"turns":3.0},{"damage":0.0,"enemies":"Red Slaver","floor":14.0,"turns":4.0},{"damage":47.0,"enemies":"The Guardian","floor":16.0,"turns":19.0},{"damage":3.0,"enemies":"Shell Parasite","floor":18.0,"turns":8.0},{"damage":8.0,"enemies":"Spheric Guardian","floor":20.0,"turns":4.0},{"damage":10.0,"enemies":"Centurion and Healer","floor":22.0,"turns":6.0},{"damage":0.0,"enemies":"Slavers","floor":28.0,"turns":1.0},{"damage":28.0,"enemies":"Cultist and Chosen","floor":29.0,"turns":6.0},{"damage":33.0,"enemies":"Collector","floor":33.0,"turns":14.0},{"damage":9.0,"enemies":"Orb Walker","floor":35.0,"turns":4.0},{"damage":2.0,"enemies":"3 Shapes","floor":37.0,"turns":7.0},{"damage":0.0,"enemies":"Mind Bloom Boss Battle","floor":38.0,"turns":7.0},{"damage":45,"enemies":"Maw","floor":41,"turns":7}],"seed_played":"-5921434843902089086","potions_obtained":[{"floor":14.0,"key":"SmokeBomb"},{"floor":16.0,"key":"DistilledChaos"},{"floor":20.0,"key":"PowerPotion"},{"floor":29.0,"key":"Dexterity Potion"},{"floor":37.0,"key":"DistilledChaos"},{"floor":39.0,"key":"BottledMiracle"}],"is_trial":false,"path_per_floor":["M","$","?","$","?","R","M","R","T","?","M","R","?","M","R","B",null,"M","?","M","$","M","R","$","R","T","R","E","M","R","?","R","B",null,"M","?","M","?","?","R","M"],"character_chosen":"WATCHER","items_purchased":[],"campfire_rested":4,"item_purchase_floors":[],"current_hp_per_floor":[61,61,61,61,40,40,39,39,39,33,33,51,51,51,51,4,48,45,45,37,37,27,45,45,45,45,45,45,17,35,35,53,20,52,43,43,41,41,41,41,0,0],"gold":254,"neow_bonus":"ONE_RARE_RELIC","is_daily":false,"chose_seed":false,"campfire_upgraded":6,"win_rate":0.0,"timestamp":1608615770,"path_taken":["M","$","?","$","?","R","M","R","T","?","?","R","?","M","R","BOSS","M","?","M","$","M","R","$","R","T","R","E","M","R","?","R","BOSS","M","?","?","?","?","R","?"],"items_purchased_type":[],"build_version":"2020-12-13","purchased_purges":4,"victory":false,"max_hp_per_floor":[62,62,62,62,62,62,62,62,62,62,62,62,62,62,62,62,62,62,62,62,62,62,62,62,62,62,62,62,62,62,62,62,62,62,62,62,62,62,62,62,62,62],"card_choices":[{"not_picked":["Evaluate","Crescendo","BowlingBash"],"picked":"SKIP","floor":1.0},{"not_picked":["WaveOfTheHand","Prostrate"],"picked":"Worship","floor":7.0},{"not_picked":["FlyingSleeves","Protect"],"picked":"CutThroughFate","floor":11.0},{"not_picked":["EmptyBody","JustLucky"],"picked":"Protect","floor":14.0},{"not_picked":["ConjureBlade","Blasphemy"],"picked":"DevaForm","floor":16.0},{"not_picked":["ForeignInfluence","EmptyBody"],"picked":"Prostrate","floor":18.0},{"not_picked":["WreathOfFlame","FlyingSleeves"],"picked":"CarveReality","floor":20.0},{"not_picked":["Protect","FlurryOfBlows","EmptyFist"],"picked":"SKIP","floor":22.0},{"not_picked":["Crescendo","ForeignInfluence","FlurryOfBlows"],"picked":"SKIP","floor":29.0},{"not_picked":["DeusExMachina","MasterReality"],"picked":"Judgement","floor":33.0},{"not_picked":["Nirvana","FollowUp","Meditate+1"],"picked":"SKIP","floor":35.0},{"not_picked":["PathToVictory","Evaluate"],"picked":"Protect","floor":37.0},{"not_picked":["Wireheading+1","Sanctity"],"picked":"WaveOfTheHand","floor":38.0}],"player_experience":866493,"relics_obtained":[{"floor":9.0,"key":"Unceasing Top"},{"floor":26.0,"key":"Boot"},{"floor":38.0,"key":"Torii"}],"event_choices":[{"damage_healed":0.0,"max_hp_gain":0.0,"max_hp_loss":0.0,"gold_gain":150.0,"event_name":"Liars Game","player_choice":"AGREE","floor":3.0,"gold_loss":0.0,"damage_taken":0.0,"cards_obtained":["Doubt"]},{"damage_healed":0.0,"max_hp_gain":0.0,"max_hp_loss":0.0,"gold_gain":0.0,"event_name":"Golden Idol","player_choice":"Take Damage","floor":5.0,"gold_loss":0.0,"damage_taken":21.0,"relics_obtained":["Golden Idol"]},{"damage_healed":0.0,"max_hp_gain":0.0,"max_hp_loss":0.0,"gold_gain":50.0,"event_name":"FaceTrader","player_choice":"Touch","floor":10.0,"gold_loss":0.0,"damage_taken":6.0},{"cards_removed":["Strike_P"],"damage_healed":0.0,"max_hp_gain":0.0,"max_hp_loss":0.0,"gold_gain":0.0,"event_name":"Living Wall","player_choice":"Forget","floor":13.0,"gold_loss":0.0,"damage_taken":0.0},{"damage_healed":0.0,"max_hp_gain":0.0,"max_hp_loss":0.0,"gold_gain":0.0,"event_name":"Cursed Tome","player_choice":"Ignored","floor":19.0,"gold_loss":0.0,"damage_taken":0.0},{"damage_healed":0.0,"max_hp_gain":0.0,"max_hp_loss":0.0,"gold_gain":0.0,"event_name":"The Mausoleum","player_choice":"Ignored","floor":31.0,"gold_loss":0.0,"damage_taken":0.0},{"cards_removed":["Defend_P"],"damage_healed":0.0,"max_hp_gain":0.0,"max_hp_loss":0.0,"gold_gain":0.0,"event_name":"Bonfire Elementals","player_choice":"Offered Basic","floor":36.0,"gold_loss":0.0,"damage_taken":0.0},{"damage_healed":0.0,"max_hp_gain":0.0,"max_hp_loss":0.0,"gold_gain":0.0,"event_name":"MindBloom","player_choice":"Fight","floor":38.0,"gold_loss":0.0,"damage_taken":0.0},{"damage_healed":0.0,"max_hp_gain":0.0,"max_hp_loss":0.0,"gold_gain":0.0,"event_name":"The Woman in Blue","player_choice":"Bought 2 Potions","floor":39.0,"gold_loss":0.0,"damage_taken":0.0}],"is_beta":false,"boss_relics":[{"not_picked":["VioletLotus","Snecko Eye"],"picked":"Velvet Choker"},{"not_picked":["Coffee Dripper","Runic Dome"],"picked":"Cursed Key"}],"items_purged_floors":[2,4,21,24],"is_endless":false,"potions_floor_spawned":[14,16,20,29,37],"killed_by":"Maw","ascension_level":17}}