{"host":"5w5nlj9te6rhm47m","time":1608608431,"event":{"mods":["BaseMod","Downfall","Hermit","Minty Spire (QoL Compilation)","Replay The Spire","Shop Mod","StSLib","The Bug Knight"],"gold_per_floor":[117,136,136,66,93,132,158,158,158,171,171,171,189,228,228,332,332,361,361,361,387,399,434,434,434,434],"floor_reached":25,"playtime":1411,"items_purged":[],"score":269,"play_id":"23082d9d-9e08-43d5-8100-a52a4ae2e890","local_time":"20201222114031","is_ascension_mode":true,"campfire_choices":[{"data":"HollowMod:MantisMark","floor":8,"key":"SMITH"},{"floor":15,"key":"RECALL"}],"circlet_count":0,"master_deck":["HollowMod:NailStrikeStart+1","HollowMod:NailStrikeStart+1","HollowMod:NailStrikeStart+1","HollowMod:NailStrikeStart+1","HollowMod:QuickDashStart+1","HollowMod:QuickDashStart+1","HollowMod:QuickDashStart+1","HollowMod:QuickDashStart+1","HollowMod:FocusHealStart","HollowMod:PogoStrike","HollowMod:MonarchWings","HollowMod:QuirrelsAssistance","HollowMod:DoubleDash","HollowMod:MantisMark+1","HollowMod:DreamGate","HollowMod:PureVessel","HollowMod:SoulEater","HollowMod:ChannelNail","HollowMod:PerfectDash"],"relics":["HollowMod:VesselMask","NeowsBlessing","Oddly Smooth Stone","CeramicFish","Bottled Flame","CultistMask","Divine Protection","Cursed Key","Darkstone Periapt"],"acts_visited":["Exordium","TheCity"],"potions_floor_usage":[16,23,25,25],"damage_taken":[{"damage":0.0,"enemies":"Jaw Worm","floor":1.0,"turns":1.0},{"damage":0,"enemies":"Cultist","floor":2,"turns":1},{"damage":0,"enemies":"Gremlin Nob","floor":6,"turns":1},{"damage":0,"enemies":"2 Louse","floor":7,"turns":3},{"damage":1,"enemies":"Lots of Slimes","floor":10,"turns":5},{"damage":4,"enemies":"2 Fungi Beasts","floor":13,"turns":3},{"damage":7,"enemies":"Replay:BlueRogue","floor":14,"turns":5},{"damage":50,"enemies":"Hexaghost","floor":16,"turns":15},{"damage":1,"enemies":"2 Thieves","floor":18,"turns":4},{"damage":0,"enemies":"Chosen","floor":21,"turns":4},{"damage":9,"enemies":"Centurion and Healer","floor":22,"turns":9},{"damage":45,"enemies":"Book of Stabbing","floor":23,"turns":6},{"damage":165,"enemies":"Slavers","floor":25,"turns":7}],"seed_played":"-3186859149655153449","potions_obtained":[{"floor":2,"key":"SpeedPotion"},{"floor":6,"key":"Adrenaline Potion"},{"floor":7,"key":"BlessingOfTheForge"},{"floor":20,"key":"Cursed Concoction"},{"floor":20,"key":"BlessingOfTheForge"},{"floor":23,"key":"FearPotion"}],"is_trial":false,"path_per_floor":["M","M","?","$","T","E","M","R","T","M","?","?","M","E","R","B",null,"M","?","?","M","M","E","?","E"],"character_chosen":"THE_BUGKNIGHT","items_purchased":["HollowMod:QuirrelsAssistance"],"campfire_rested":0,"item_purchase_floors":[4],"current_hp_per_floor":[75,75,75,75,75,75,75,75,75,74,74,74,70,69,69,19,75,74,74,74,74,65,26,26,0,0],"gold":434,"neow_bonus":"THREE_ENEMY_KILL","is_daily":false,"chose_seed":false,"campfire_upgraded":1,"win_rate":0.0,"timestamp":1608608431,"path_taken":["M","M","?","$","?","E","M","R","T","?","?","?","M","E","R","BOSS","M","?","?","?","?","E","?","E"],"items_purchased_type":["Card"],"build_version":"2020-12-13","purchased_purges":0,"victory":false,"max_hp_per_floor":[75,75,75,75,75,75,75,75,75,75,75,75,75,75,75,75,75,75,75,75,75,75,75,75,75,75],"card_choices":[{"not_picked":["HollowMod:HeavyBlow","HollowMod:TaintedHusks"],"picked":"HollowMod:MonarchWings","floor":1},{"not_picked":["HollowMod:AbyssShriek","HollowMod:LifebloodCocoon","HollowMod:MothsMistake"],"picked":"SKIP","floor":2},{"not_picked":["HollowMod:VengefulSpirit","HollowMod:BaldurShell"],"picked":"HollowMod:DoubleDash","floor":6},{"not_picked":["HollowMod:HeavyBlow","HollowMod:DungDefenderAura"],"picked":"HollowMod:MantisMark","floor":7},{"not_picked":["HollowMod:MothsMistake","HollowMod:GoodIntentions","HollowMod:InfectedAttack"],"picked":"SKIP","floor":10},{"not_picked":["HollowMod:ShapeofUnn","HollowMod:SoulShaman","HollowMod:ElderbugsWisdom"],"picked":"SKIP","floor":13},{"not_picked":["HollowMod:VengefulVoid","HollowMod:RecoilStrike"],"picked":"HollowMod:DreamGate","floor":14},{"not_picked":["HollowMod:theNailsmith","HollowMod:ElderbugsWisdom"],"picked":"HollowMod:PureVessel","floor":16},{"not_picked":["HollowMod:CornifersMapStart+1","HollowMod:WraithStrike"],"picked":"HollowMod:SoulEater","floor":18},{"not_picked":["HollowMod:SoulShaman","HollowMod:BlackTendrils"],"picked":"HollowMod:ChannelNail","floor":21},{"not_picked":["HollowMod:DungDefenderAura","HollowMod:GreatSlash","HollowMod:TaintedHusks"],"picked":"SKIP","floor":22},{"not_picked":["HollowMod:Grubsong","HollowMod:NewLittleFool"],"picked":"HollowMod:PerfectDash","floor":23}],"player_experience":177546,"relics_obtained":[{"floor":5,"key":"Oddly Smooth Stone"},{"floor":6,"key":"CeramicFish"},{"floor":9,"key":"Bottled Flame"},{"floor":14,"key":"Divine Protection"},{"floor":23,"key":"Darkstone Periapt"}],"event_choices":[{"damage_healed":0,"gold_gain":0,"player_choice":"Full Heal","damage_taken":0,"max_hp_gain":0,"max_hp_loss":0,"event_name":"Wheel of Change","floor":3,"gold_loss":0},{"damage_healed":0,"gold_gain":0,"player_choice":"Trade","damage_taken":0,"relics_obtained":["CultistMask"],"max_hp_gain":0,"max_hp_loss":0,"event_name":"FaceTrader","floor":12,"gold_loss":0},{"damage_healed":0,"gold_gain":0,"player_choice":"Simplicity","damage_taken":0,"max_hp_gain":0,"max_hp_loss":0,"event_name":"Back to Basics","floor":19,"gold_loss":0,"cards_upgraded":["HollowMod:NailStrikeStart","HollowMod:NailStrikeStart","HollowMod:NailStrikeStart","HollowMod:QuickDashStart","HollowMod:QuickDashStart","HollowMod:QuickDashStart","HollowMod:QuickDashStart"]},{"damage_healed":0,"gold_gain":0,"player_choice":"Got Potions","damage_taken":0,"max_hp_gain":0,"max_hp_loss":0,"event_name":"Lab","floor":20,"gold_loss":0},{"damage_healed":0,"gold_gain":0,"player_choice":"Ignored","damage_taken":0,"max_hp_gain":0,"max_hp_loss":0,"event_name":"Beggar","floor":24,"gold_loss":0}],"is_beta":false,"boss_relics":[{"not_picked":["Kintsugi","ReplayTheSpireMod:DimensionalGlitch"],"picked":"Cursed Key"}],"items_purged_floors":[],"is_endless":false,"potions_floor_spawned":[2,6,7,22,23],"killed_by":"Slavers","ascension_level":1}}