{"host":"cjhtzh7tp54jdfyv","time":1608673039,"event":{"mods":["AchievementEnabler","BaseMod","Colored Map","Colored Powertips","Downfall","Minty Spire (QoL Compilation)","RNG Fix","Relic Stats","StSLib","ojb\u0027s Better Paths Mod","ojb\u0027s Info Mod"],"gold_per_floor":[99,110,128,138,238,238,238,238,31,81,143,175,175,209,223,321,321,321,339,106,125,175,209,209,359,378,394,319,332,257,318,336,440,440,440,454,552,602,622,215,239,271,5,22,54,54,129,142,161,161],"floor_reached":51,"playtime":6441,"items_purged":["Slimebound:Strike_Slimebound","Slimebound:Tackle","Slimebound:Defend_Slimebound"],"score":1115,"play_id":"2aeb6763-cb7f-42bb-b49c-c328229e2a39","local_time":"20201222163719","is_ascension_mode":true,"campfire_choices":[{"data":"Slimebound:Split","floor":1.0,"key":"SMITH"},{"data":"Slimebound:ViciousTackle","floor":8.0,"key":"SMITH"},{"data":"Slimebound:Gluttony","floor":13.0,"key":"SMITH"},{"data":"Sadistic Nature","floor":18.0,"key":"SMITH"},{"floor":28.0,"key":"RECALL"},{"data":"Slimebound:Gluttony","floor":30.0,"key":"SMITH"},{"data":"Slimebound:Recycling","floor":35.0,"key":"SMITH"},{"data":"Slimebound:LeechEnergy","floor":46,"key":"SMITH"}],"circlet_count":0,"master_deck":["Slimebound:Defend_Slimebound","Slimebound:Defend_Slimebound","Slimebound:Defend_Slimebound","Slimebound:Split+1","Slimebound:CorrosiveSpit+1","Slimebound:Prepare","Slimebound:GrowthPunch","Slimebound:ViciousTackle+1","Slimebound:LeechingTouch","Slimebound:SlimeSpikes","Slimebound:LeechEnergy+1","Sadistic Nature+1","Slimebound:LeechingTouch","Slimebound:Gluttony+1","Slimebound:LeechEnergy","Slimebound:Gluttony+1","Slimebound:MassFeed","CurseOfTheBell","Slimebound:LeadByExample+1","Slimebound:WasteNot","Slimebound:Replication","Slimebound:Schlurp+1","Ghostly","Ghostly","Ghostly","Ghostly","Ghostly","Slimebound:SplitMire","Slimebound:GrowthPunch","Slimebound:LeechEnergy+1","Slimebound:MegaLick+1","Slimebound:SlimeBarrage+1","Slimebound:Recycling+1","Slimebound:LeechEnergy+1","Slimebound:LevelUp+1","Slimebound:LivingWall","Slimebound:Recycling","Slimebound:Replication","Slimebound:GoopSpray+1","Slimebound:FirmFortitude","Slimebound:FormOfPuddle","Thinking Ahead","Slimebound:OozeBath","Slimebound:SamplingLick+1","Slimebound:SamplingLick+1","Slimebound:FormOfPuddle"],"relics":["Slimebound:AbsorbEndCombat","SsserpentHead","Pantograph","TungstenRod","Calling Bell","Toy Ornithopter","StrikeDummy","Bird Faced Urn","StoneCalendar","Calipers","Matryoshka","downfall:HeartBlessingBlue","downfall:HeartBlessingRed","Philosopher\u0027s Stone","WingedGreaves","Membership Card","Centennial Puzzle","Happy Flower","Pen Nib","InkBottle","Sundial","TheAbacus","Bottled Lightning","Ornamental Fan","Oddly Smooth Stone","Bronze Scales"],"acts_visited":["Exordium","TheCity","TheBeyond"],"potions_floor_usage":[],"damage_taken":[{"damage":12.0,"enemies":"Cultist","floor":2.0,"turns":3.0},{"damage":9.0,"enemies":"2 Louse","floor":3.0,"turns":3.0},{"damage":11.0,"enemies":"Jaw Worm","floor":4.0,"turns":3.0},{"damage":40.0,"enemies":"downfall:Heads","floor":5.0,"turns":4.0},{"damage":13.0,"enemies":"downfall:FleeingMerchant","floor":9.0,"turns":4.0},{"damage":24.0,"enemies":"Gremlin Gang","floor":11.0,"turns":3.0},{"damage":16.0,"enemies":"3 Sentries","floor":12.0,"turns":5.0},{"damage":8.0,"enemies":"Lagavulin","floor":14.0,"turns":4.0},{"damage":6.0,"enemies":"2 Fungi Beasts","floor":15.0,"turns":2.0},{"damage":21.0,"enemies":"downfall:Ironclad","floor":16.0,"turns":6.0},{"damage":46.0,"enemies":"Spheric Guardian","floor":19.0,"turns":6.0},{"damage":7.0,"enemies":"downfall:FleeingMerchant","floor":20.0,"turns":4.0},{"damage":11.0,"enemies":"Snecko","floor":21.0,"turns":4.0},{"damage":0.0,"enemies":"Slavers","floor":23.0,"turns":5.0},{"damage":6.0,"enemies":"downfall:Watcher","floor":25.0,"turns":7.0},{"damage":0.0,"enemies":"Cultist and Chosen","floor":26.0,"turns":6.0},{"damage":0.0,"enemies":"3 Cultists","floor":27.0,"turns":7.0},{"damage":6.0,"enemies":"Snake Plant","floor":29.0,"turns":7.0},{"damage":35.0,"enemies":"Shelled Parasite and Fungi","floor":31.0,"turns":10.0},{"damage":10.0,"enemies":"Cultist and Chosen","floor":32.0,"turns":5.0},{"damage":6.0,"enemies":"downfall:Defect","floor":33.0,"turns":7.0},{"damage":13.0,"enemies":"3 Shapes","floor":36.0,"turns":7.0},{"damage":18.0,"enemies":"2 Orb Walkers","floor":37.0,"turns":6.0},{"damage":16.0,"enemies":"Orb Walker","floor":39.0,"turns":5.0},{"damage":15.0,"enemies":"downfall:FleeingMerchant","floor":40.0,"turns":4.0},{"damage":18.0,"enemies":"Reptomancer","floor":42.0,"turns":6.0},{"damage":27.0,"enemies":"downfall:FleeingMerchant","floor":43.0,"turns":4.0},{"damage":37,"enemies":"Nemesis","floor":44,"turns":7},{"damage":0,"enemies":"Giant Head","floor":45,"turns":6},{"damage":6,"enemies":"Transient","floor":48,"turns":5},{"damage":16,"enemies":"Maw","floor":49,"turns":5},{"damage":57,"enemies":"downfall:Silent","floor":50,"turns":7}],"seed_played":"-8255551564841470438","potions_obtained":[{"floor":2.0,"key":"hexamod:EctoCoolerPotion"},{"floor":11.0,"key":"Block Potion"},{"floor":12.0,"key":"sneckomod:MuddlingPotion"},{"floor":16.0,"key":"Fire Potion"},{"floor":19.0,"key":"Swift Potion"},{"floor":23.0,"key":"DistilledChaos"},{"floor":26.0,"key":"Block Potion"},{"floor":27.0,"key":"Slimebound:SpawnSlimePotion"},{"floor":36.0,"key":"ColorlessPotion"},{"floor":37.0,"key":"Swift Potion"},{"floor":48,"key":"GamblersBrew"}],"is_trial":false,"path_per_floor":["R","M","M","M","?","?","T","R","$","?","M","E","R","E","M","B",null,"R","M","$","M","?","E","T","?","M","M","R","M","R","M","M","B",null,"R","M","?","?","M","$","T","E","$","E","E","R","T","M","M","B",null],"character_chosen":"SLIMEBOUND","items_purchased":["Sadistic Nature","Slimebound:Replication","Slimebound:HungryTackle","Membership Card","Slimebound:Recycling","Slimebound:Replication","Centennial Puzzle","Slimebound:FirmFortitude","Sundial","TheAbacus","Bottled Lightning","Slimebound:FormOfPuddle","Slimebound:SlimedPotion","Thinking Ahead","Dexterity Potion"],"campfire_rested":0,"item_purchase_floors":[9,20,20,40,40,40,40,43,43,43,43,43,43,43,43],"current_hp_per_floor":[66,66,65,64,44,44,44,44,45,50,38,34,34,42,52,67,71,71,40,57,64,37,40,40,36,46,46,56,59,59,38,62,68,68,68,62,68,68,68,67,67,71,59,70,71,71,71,71,55,36],"gold":161,"neow_bonus":"TEN_PERCENT_HP_BONUS","is_daily":false,"chose_seed":false,"campfire_upgraded":7,"win_rate":0.0,"timestamp":1608673039,"path_taken":["R","M","M","M","?","?","T","R","$","?","?","E","R","E","M","BOSS","R","M","$","M","?","E","T","?","M","M","R","M","R","?","M","BOSS","BOSS","R","M","?","?","M","$","T","E","$","E","E","R","?","M","M","BOSS"],"items_purchased_type":["Card","Card","Card","Relic","Card","Card","Relic","Card","Relic","Relic","Relic","Card","Potion","Card","Potion"],"build_version":"2020-12-13","purchased_purges":3,"victory":true,"max_hp_per_floor":[66,66,66,66,66,66,66,66,66,71,71,71,71,71,71,71,71,71,74,74,74,37,40,40,40,46,46,56,59,59,62,68,68,68,68,68,68,68,68,68,68,71,71,71,71,71,71,71,71,71],"relic_stats":{"Happy Flower":[13],"counters":[32,165],"StoneCalendar":[91],"Pen Nib":[4],"SsserpentHead":400,"Centennial Puzzle":[18],"TheAbacus":[18],"Sundial":[2],"Ornamental Fan":[12],"Pantograph":41,"Bird Faced Urn":[62],"Bronze Scales":[35],"obtain_stats":[{"Calipers":25,"StoneCalendar":23,"SsserpentHead":6,"Centennial Puzzle":40,"Matryoshka":25,"TheAbacus":43,"downfall:HeartBlessingBlue":28,"Sundial":43,"Pantograph":7,"Philosopher\u0027s Stone":34,"WingedGreaves":37,"InkBottle":42,"downfall:HeartBlessingRed":30,"Happy Flower":41,"Oddly Smooth Stone":47,"Pen Nib":41,"Calling Bell":17,"Ornamental Fan":45,"Bird Faced Urn":17,"Bronze Scales":47,"Slimebound:AbsorbEndCombat":0,"Membership Card":40,"Bottled Lightning":43,"StrikeDummy":17,"TungstenRod":12,"Toy Ornithopter":17},{"Calipers":15,"StoneCalendar":14,"SsserpentHead":4,"Centennial Puzzle":25,"Matryoshka":15,"TheAbacus":27,"downfall:HeartBlessingBlue":17,"Sundial":27,"Pantograph":4,"Philosopher\u0027s Stone":21,"WingedGreaves":23,"InkBottle":26,"downfall:HeartBlessingRed":18,"Happy Flower":25,"Oddly Smooth Stone":29,"Pen Nib":25,"Calling Bell":10,"Ornamental Fan":29,"Bird Faced Urn":10,"Bronze Scales":29,"Slimebound:AbsorbEndCombat":0,"Membership Card":25,"Bottled Lightning":27,"StrikeDummy":10,"TungstenRod":7,"Toy Ornithopter":10},{"Calipers":62,"StoneCalendar":55,"SsserpentHead":12,"Centennial Puzzle":126,"Matryoshka":62,"TheAbacus":136,"downfall:HeartBlessingBlue":75,"Sundial":136,"Pantograph":12,"Philosopher\u0027s Stone":104,"WingedGreaves":117,"InkBottle":132,"downfall:HeartBlessingRed":82,"Happy Flower":126,"Oddly Smooth Stone":149,"Pen Nib":126,"Calling Bell":36,"Ornamental Fan":149,"Bird Faced Urn":36,"Bronze Scales":149,"Slimebound:AbsorbEndCombat":0,"Membership Card":126,"Bottled Lightning":136,"StrikeDummy":36,"TungstenRod":24,"Toy Ornithopter":36}],"TungstenRod":185,"Toy Ornithopter":10,"InkBottle":[20]},"card_choices":[{"not_picked":["Slimebound:ProtectTheBoss","Slimebound:Chomp"],"picked":"Slimebound:Prepare","floor":2.0},{"not_picked":["Slimebound:GoopSpray","Slimebound:SplitLeeching"],"picked":"Slimebound:GrowthPunch","floor":3.0},{"not_picked":["Slimebound:BestDefense","Slimebound:RejuvenatingLick"],"picked":"Slimebound:ViciousTackle","floor":4.0},{"not_picked":["Slimebound:PressTheAttack","Slimebound:Grow"],"picked":"Slimebound:SlimeSpikes","floor":5.0},{"not_picked":["Slimebound:Replication","Slimebound:DivideAndConquer"],"picked":"Slimebound:LeechEnergy","floor":9.0},{"not_picked":["Slimebound:ServeAndProtect","Slimebound:FinishingTackle"],"picked":"Slimebound:LeechingTouch","floor":11.0},{"not_picked":["Slimebound:HauntingLick","Slimebound:ServeAndProtect"],"picked":"Slimebound:Gluttony","floor":12.0},{"not_picked":["Slimebound:ProtectTheBoss","Slimebound:Darklings"],"picked":"Slimebound:LeechEnergy","floor":14.0},{"not_picked":["Slimebound:PressTheAttack","Slimebound:Schlurp"],"picked":"Slimebound:Gluttony","floor":15.0},{"not_picked":["Slimebound:WasteNot","Slimebound:MinionMaster"],"picked":"Slimebound:MassFeed","floor":16.0},{"not_picked":["Slimebound:LeechingTouch","Slimebound:SplitLeeching+1"],"picked":"Slimebound:LeadByExample+1","floor":19.0},{"not_picked":["Slimebound:HauntingLick","Slimebound:GrowthPunch"],"picked":"Slimebound:WasteNot","floor":20.0},{"not_picked":["Slimebound:SamplingLick","Slimebound:ForwardTackle"],"picked":"Slimebound:Schlurp+1","floor":21.0},{"not_picked":["Slimebound:ServeAndProtect+1","Slimebound:PressTheAttack+1"],"picked":"Slimebound:SplitMire","floor":23.0},{"not_picked":["Slimebound:SplitMire","Slimebound:SplitAcid+1"],"picked":"Slimebound:GrowthPunch","floor":25.0},{"not_picked":["Slimebound:ForwardTackle","Slimebound:Equalize"],"picked":"Slimebound:LeechEnergy+1","floor":26.0},{"not_picked":["Slimebound:GrowthPunch","Slimebound:RollThrough","Slimebound:LeechingTouch"],"picked":"SKIP","floor":27.0},{"not_picked":["Slimebound:FinishingTackle","Slimebound:Darklings"],"picked":"Slimebound:MegaLick+1","floor":29.0},{"not_picked":["Slimebound:SplitBruiser","Slimebound:DisruptingSlam","Slimebound:ServeAndProtect"],"picked":"SKIP","floor":31.0},{"not_picked":["Slimebound:GoopTackle","Slimebound:ServeAndProtect"],"picked":"Slimebound:SlimeBarrage+1","floor":32.0},{"not_picked":["Slimebound:TagTeam","Slimebound:SlimeSlap"],"picked":"Slimebound:Recycling","floor":33.0},{"not_picked":["Slimebound:SplitMire+1","Slimebound:Schlurp"],"picked":"Slimebound:LeechEnergy+1","floor":36.0},{"not_picked":["Slimebound:LeechingTouch+1","Slimebound:ServeAndProtect"],"picked":"Slimebound:LevelUp+1","floor":37.0},{"not_picked":["Slimebound:DisruptingSlam","Slimebound:CheckThePlaybook","Slimebound:ComboTackle"],"picked":"SKIP","floor":39.0},{"not_picked":["Slimebound:SplitAcid+1","Slimebound:GoopSpray"],"picked":"Slimebound:LivingWall","floor":40.0},{"not_picked":["Slimebound:FlameTackle+1","Slimebound:Gluttony"],"picked":"Slimebound:GoopSpray+1","floor":42.0},{"not_picked":["Slimebound:GoopSpray+1","Slimebound:Chomp"],"picked":"Slimebound:OozeBath","floor":44},{"not_picked":["Slimebound:ServeAndProtect","Slimebound:ComboTackle"],"picked":"Slimebound:SamplingLick+1","floor":45},{"not_picked":["Slimebound:ProtectTheBoss+1","Slimebound:SplitMire+1"],"picked":"Slimebound:SamplingLick+1","floor":48},{"not_picked":["Slimebound:SlimeSpikes","Slimebound:Teamwork"],"picked":"Slimebound:FormOfPuddle","floor":49}],"player_experience":4400935,"relics_obtained":[{"floor":7.0,"key":"Pantograph"},{"floor":12.0,"key":"TungstenRod"},{"floor":17.0,"key":"Toy Ornithopter"},{"floor":17.0,"key":"StrikeDummy"},{"floor":17.0,"key":"Bird Faced Urn"},{"floor":23.0,"key":"StoneCalendar"},{"floor":25.0,"key":"Calipers"},{"floor":25.0,"key":"Matryoshka"},{"floor":37.0,"key":"WingedGreaves"},{"floor":41.0,"key":"Happy Flower"},{"floor":41.0,"key":"Pen Nib"},{"floor":42.0,"key":"InkBottle"},{"floor":45,"key":"Ornamental Fan"},{"floor":47,"key":"Oddly Smooth Stone"},{"floor":47,"key":"Bronze Scales"}],"event_choices":[{"damage_healed":0.0,"max_hp_gain":0.0,"max_hp_loss":0.0,"gold_gain":0.0,"event_name":"FaceTrader","player_choice":"Trade","floor":6.0,"gold_loss":0.0,"damage_taken":0.0,"relics_obtained":["SsserpentHead"]},{"damage_healed":0.0,"max_hp_gain":5.0,"max_hp_loss":0.0,"gold_gain":0.0,"event_name":"Big Fish","player_choice":"Donut","floor":10.0,"gold_loss":0.0,"damage_taken":0.0},{"damage_healed":0.0,"max_hp_gain":0.0,"max_hp_loss":37.0,"gold_gain":0.0,"event_name":"Ghosts","player_choice":"Became a Ghost","floor":22.0,"gold_loss":0.0,"damage_taken":0.0,"cards_obtained":["Ghostly","Ghostly","Ghostly","Ghostly","Ghostly"]},{"damage_healed":0.0,"max_hp_gain":0.0,"max_hp_loss":0.0,"gold_gain":0.0,"event_name":"Mysterious Sphere","player_choice":"Fight","floor":37.0,"gold_loss":0.0,"damage_taken":0.0},{"cards_removed":["Slimebound:HungryTackle"],"damage_healed":0.0,"max_hp_gain":0.0,"max_hp_loss":0.0,"gold_gain":0.0,"event_name":"Falling","player_choice":"Removed Attack","floor":38.0,"gold_loss":0.0,"damage_taken":0.0}],"is_beta":false,"boss_relics":[{"not_picked":["Snecko Eye","Tiny House"],"picked":"Calling Bell"},{"not_picked":["SacredBark","Sozu"],"picked":"Philosopher\u0027s Stone"}],"items_purged_floors":[20,40,43],"is_endless":false,"potions_floor_spawned":[2,11,12,16,19,23,26,27,36,37,48,49],"ascension_level":3}}