{"host":"v9ordiuf4xzdpttp","time":1608611738,"event":{"mods":["AchievementEnabler","Act Like it!","AlwaysNeverKeys","Aspiration","BaseMod","Better Third Choice","Better Vampires","BetterRewards","Colored Map","Conspire","Dio Mod","Downfall","Energized Spire","Gold Saver","GungeonMod","Hubris","Infinite Spire","Marked Mod","Melee Mod","Minty Spire (QoL Compilation)","Pale of the Ancients","Remove Card Discount Mod","Replay The Spire","SOS???????","Shop Mod","Small Relic Pack","Spicy Shops","StSLib","The Bladedancer","The Bug Knight","The Construct","The Hayseed","The Runesmith","The Servant 0.9.4","The Wild Card","???Mod??????Boss","??????REMEMod"],"gold_per_floor":[593,593,54,54,99,99,236,236,261,363,396,495,570,615,615,903,903,939,939,939,1044,1077,1077,1155,207,207,207,337,385,430,487,520,520,520,823,823,859,859,943,888,888,1013,412,549,549,654,699,792,792,882,882,882,936,987,987,1034,1034,1084,1084],"floor_reached":58,"playtime":5277,"items_purged":["Replay:ManipulateFuture","Replay:ManipulateFuture","Replay:ManipulateFuture","Study","Study","Study","LikeWater","LikeWater","LikeWater","FlyingSleeves","FlyingSleeves","Halt","Replay:Battleflow","Replay:Battleflow","LikeWater","CutThroughFate","EmptyBody","Pain","Pain"],"score":1462,"play_id":"64ba6c16-14c1-4ead-944b-2c79569cc789","local_time":"20201221233538","daily_mods":["Draft","Hoarder","DeadlyEvents","Elite Swarm","Midas"],"is_ascension_mode":true,"campfire_choices":[{"floor":6.0,"key":"REST"},{"floor":8.0,"key":"REST"},{"floor":15.0,"key":"REST"},{"floor":23.0,"key":"REST"},{"data":"Pain","floor":27.0,"key":"PURGE"},{"floor":33.0,"key":"REST"},{"floor":51,"key":"REST"},{"data":"JustLucky","floor":57,"key":"PURGE"}],"circlet_count":0,"master_deck":["Brilliance","Brilliance","Brilliance","Wireheading","Wireheading","Wireheading","JustLucky","JustLucky","Prostrate","Prostrate","Prostrate","Weave","Weave","Weave","FlurryOfBlows","FlurryOfBlows","FlurryOfBlows","Prostrate","Prostrate","Prostrate","FlyingSleeves","CutThroughFate","CutThroughFate","Halt","Halt","PathToVictory","PathToVictory","PathToVictory","LikeWater","LikeWater","Replay:Battleflow","FlurryOfBlows","FlurryOfBlows","FlurryOfBlows","PathToVictory","PathToVictory","PathToVictory","EmptyBody","EmptyBody","MarkedMod:ChiBlock","MarkedMod:ChiBlock","MarkedMod:ChiBlock","Devotion","Devotion","Devotion","DeusExMachina","DeusExMachina","DeusExMachina","FearNoEvil","FearNoEvil","FearNoEvil","DevaForm","DevaForm","DevaForm","FlurryOfBlows+1","FlurryOfBlows+1","FlurryOfBlows+1","MarkedMod:ChiBlock","MarkedMod:ChiBlock","MarkedMod:ChiBlock","TalkToTheHand","TalkToTheHand","TalkToTheHand","REME_MusicOfDeath","REME_MusicOfDeath","REME_MusicOfDeath","Replay:Cycle","Replay:Cycle","Replay:Cycle","MarkedMod:OneThousandNeedles","MarkedMod:OneThousandNeedles","MarkedMod:OneThousandNeedles","Worship+1","Worship+1","Worship+1","DemoMod:Elimentaler","DemoMod:Elimentaler","DemoMod:Elimentaler","Demonreform","Demonreform","Demonreform","MarkedMod:NorthStar","MarkedMod:NorthStar","MarkedMod:NorthStar","FlurryOfBlows+1","FlurryOfBlows+1","FlurryOfBlows+1","VitalstarL","VitalstarL","VitalstarL","REME_PuzzleBox","REME_PuzzleBox","REME_PuzzleBox","REME_Shoggoth","REME_Shoggoth","REME_Shoggoth","MarkedMod:ChiBlock","MarkedMod:ChiBlock","MarkedMod:ChiBlock","Brilliance","Brilliance","Brilliance","ClearTheMind+1","ClearTheMind+1","ClearTheMind+1","LucifercomboA","LucifercomboA","LucifercomboA","MarkedMod:ChiBlock","MarkedMod:ChiBlock","MarkedMod:ChiBlock"],"relics":["PureWater","REME_ComplimentaryCards","MerchantsRug","hubris:MobiusCoin","hubris:Icosahedron","Lizard Tail","HollowMod:PaleOreRelic","hubris:DisguiseKit","DemoMod:SevenLeafClover","Lantern","DemoMod:RiddleOfLead","relicPack:OneForAll","WarpedTongs","Peace Pipe","Orichalcum","Potion Belt","Kunai","relicPack:DarknessArmor","Blood Vial","DemoMod:RatBoots","DemoMod:ResourcefulSack","DemoMod:PartiallyEatenCheese","REME_DuelDisc","aspiration:DefectSkillbook","aspiration:Legacy_Headhunter","aspiration:FetidBarrel","DemoMod:GlassGuonStoneRelic","sneckomod:BlankCard","relicPack:InfinityGauntlet","Torii","DemoMod:MonsterBlood","DemoMod:BlueGuonStone","Prayer Wheel","Chameleon Ring","Ancient Tea Set","StrikeDummy","hubris:Towel","Pet Ghost","paleoftheancients:Timepiece","Letter Opener","paleoftheancients:SoulOfTheWokeBloke","ReplayTheSpireMod:Lightbulb","DemoMod:VorpalBullet"],"acts_visited":["Exordium","TheCity","DemoMod:Maze","TheBeyond","paleoftheancients:PaleOfTheAncients"],"potions_floor_usage":[],"damage_taken":[{"damage":0.0,"enemies":"2 Louse","floor":1.0,"turns":1.0},{"damage":0.0,"enemies":"Jaw Worm","floor":5.0,"turns":1.0},{"damage":13.0,"enemies":"3 Sentries","floor":7.0,"turns":5.0},{"damage":13.0,"enemies":"Gremlin Nob","floor":10.0,"turns":3.0},{"damage":2.0,"enemies":"Cultist","floor":11.0,"turns":4.0},{"damage":18.0,"enemies":"3 Sentries","floor":12.0,"turns":5.0},{"damage":11.0,"enemies":"Gremlin Nob","floor":13.0,"turns":3.0},{"damage":10.0,"enemies":"Red Slaver","floor":14.0,"turns":3.0},{"damage":0.0,"enemies":"Slime Boss","floor":16.0,"turns":4.0},{"damage":24.0,"enemies":"2 Thieves","floor":18.0,"turns":3.0},{"damage":42.0,"enemies":"REME_1_Revenger","floor":21.0,"turns":4.0},{"damage":12.0,"enemies":"Spheric Guardian","floor":22.0,"turns":3.0},{"damage":13.0,"enemies":"conspire:Head Lice","floor":24.0,"turns":6.0},{"damage":15.0,"enemies":"DemoMod:Veteran_shot_gun_kin_and_bullet_kin","floor":28.0,"turns":3.0},{"damage":16.0,"enemies":"DemoMod:Veteran_shot_gun_kin_and_red_shotgun_kin","floor":29.0,"turns":2.0},{"damage":22.0,"enemies":"DemoMod:Veteran_shot_gun_kin_and_blue_shotgun_kin","floor":30.0,"turns":2.0},{"damage":5.0,"enemies":"DemoMod:Veteran_shot_gun_kin_and_red_shotgun_kin_with_gunsinger","floor":31.0,"turns":2.0},{"damage":16.0,"enemies":"DemoMod:2_Mousers","floor":32.0,"turns":5.0},{"damage":6.0,"enemies":"DemoMod:ResourcefulRat","floor":35.0,"turns":9.0},{"damage":34.0,"enemies":"Orb Walker","floor":37.0,"turns":4.0},{"damage":2.0,"enemies":"Giant Head","floor":39.0,"turns":4.0},{"damage":17.0,"enemies":"3 Shapes","floor":40.0,"turns":2.0},{"damage":22.0,"enemies":"Nemesis","floor":42.0,"turns":3.0},{"damage":0.0,"enemies":"Reptomancer","floor":44.0,"turns":3.0},{"damage":0.0,"enemies":"Giant Head","floor":46.0,"turns":3.0},{"damage":0,"enemies":"Jaw Worm Horde","floor":47,"turns":2},{"damage":0,"enemies":"Reptomancer","floor":48,"turns":2},{"damage":0,"enemies":"Nemesis","floor":50,"turns":2},{"damage":0,"enemies":"Time Eater","floor":52,"turns":5},{"damage":0,"enemies":"Time Eater","floor":53,"turns":3},{"damage":2,"enemies":"Time Eater","floor":54,"turns":4},{"damage":0,"enemies":"Time Eater","floor":58,"turns":5}],"seed_played":"-2461001388009979869","potions_obtained":[{"floor":10.0,"key":"Regen Potion"},{"floor":11.0,"key":"Weak Potion"},{"floor":14.0,"key":"DuplicationPotion"},{"floor":21.0,"key":"Toxic Potion"},{"floor":22.0,"key":"Dexterity Potion"},{"floor":29.0,"key":"Ambrosia"},{"floor":32.0,"key":"SpeedPotion"},{"floor":37.0,"key":"Ambrosia"},{"floor":46.0,"key":"Block Potion"},{"floor":47,"key":"champ:CounterPotion"},{"floor":48,"key":"Milkshake"}],"is_trial":true,"path_per_floor":["M","?","$","?","M","R","E","R","T","E","M","E","E","M","R","B",null,"M","?","?","E","M","R","E","$","T","R","M","M","M","M","M","R","B","B",null,"M","?","E","M","?","E","$","E","T","E","M","E","?","E","R","B","M","M","?","T","R","M"],"character_chosen":"WATCHER","items_purchased":["MerchantsRug","PathToVictory","hubris:MobiusCoin","DemoMod:GnawedKey","TalkToTheHand","REME_MusicOfDeath","Potion Belt","Kunai","relicPack:DarknessArmor","Blood Vial","relicPack:InfinityGauntlet","Torii","DemoMod:MonsterBlood"],"campfire_rested":6,"item_purchase_floors":[3,3,3,3,25,25,25,25,25,25,43,43,43],"current_hp_per_floor":[72,72,72,72,72,72,59,72,72,59,57,39,33,23,44,44,82,58,58,58,16,4,28,15,15,82,82,67,53,33,30,16,40,13,9,82,54,54,54,65,65,72,79,81,81,83,85,87,87,89,89,89,89,89,89,89,89,89,89],"gold":1084,"neow_bonus":"","is_daily":false,"chose_seed":false,"campfire_upgraded":0,"win_rate":0.0,"timestamp":1608611738,"path_taken":["M","?","$","?","M","R","E","R","T","E","?","?","E","M","R","BOSS","M","?","?","?","M","R","E","?","T","R","M","M","M","M","M","R","BOSS","BOSS","M","?","?","M","?","E","?","E","T","E","?","?","?","E","R","BOSS","M","M","?","T","R","M"],"items_purchased_type":["Relic","Card","Relic","Relic","Card","Card","Relic","Relic","Relic","Relic","Relic","Relic","Relic"],"build_version":"2020-12-13","purchased_purges":19,"victory":false,"max_hp_per_floor":[72,72,72,72,72,72,72,72,72,72,72,72,72,72,72,72,82,82,82,82,82,82,82,82,82,82,82,82,82,82,82,82,82,82,82,82,82,82,82,82,82,82,89,89,89,89,89,89,89,89,89,89,89,89,89,89,89,89,89],"card_choices":[{"not_picked":["CarveReality","Crescendo"],"picked":"Wireheading","floor":0.0},{"not_picked":["Indignation","WaveOfTheHand"],"picked":"JustLucky","floor":0.0},{"not_picked":["MarkedMod:FirstStrike","Tantrum"],"picked":"Replay:ManipulateFuture","floor":0.0},{"not_picked":["Pray","Protect"],"picked":"Prostrate","floor":0.0},{"not_picked":["ForeignInfluence","WheelKick"],"picked":"Weave","floor":0.0},{"not_picked":["Replay:ManipulateFuture","WheelKick"],"picked":"FlurryOfBlows","floor":0.0},{"not_picked":["CutThroughFate","CrushJoints"],"picked":"Prostrate","floor":0.0},{"not_picked":["Replay:ManipulateFuture","Evaluate"],"picked":"FlyingSleeves","floor":0.0},{"not_picked":["REME_Repentance","Replay:ManipulateFuture"],"picked":"CutThroughFate","floor":0.0},{"not_picked":["REME_Repentance","SashWhip"],"picked":"Study","floor":0.0},{"not_picked":["EmptyFist","BowlingBash"],"picked":"LikeWater","floor":0.0},{"not_picked":["FollowUp","CrushJoints"],"picked":"Halt","floor":0.0},{"not_picked":["Replay:Vibes","Replay:AtTheReady"],"picked":"PathToVictory","floor":0.0},{"not_picked":["Meditate","Evaluate"],"picked":"LikeWater","floor":0.0},{"not_picked":["REME_Repentance","DeceiveReality"],"picked":"Replay:Battleflow","floor":0.0},{"not_picked":["REME_MusicOfDeath","Indignation"],"picked":"FlurryOfBlows","floor":1.0},{"not_picked":["Consecrate","Crescendo"],"picked":"EmptyBody","floor":5.0},{"not_picked":["Wish","Establishment"],"picked":"MarkedMod:ChiBlock","floor":7.0},{"not_picked":["MasterReality","Wish","REME_EmptyShield"],"picked":"SKIP","floor":10.0},{"not_picked":["BowlingBash","MentalFortress","Fasting2","Gunslinger"],"picked":"SKIP","floor":11.0},{"not_picked":["BowlingBash","MentalFortress","Fasting2","Gunslinger"],"picked":"SKIP","floor":11.0},{"not_picked":["ConjureBlade","MarkedMod:ChiBlock","Stylechange"],"picked":"Devotion","floor":12.0},{"not_picked":["MasterReality","Brilliance","VitalstarL"],"picked":"DeusExMachina","floor":13.0},{"not_picked":["REME_Repentance","Evaluate","Dash2"],"picked":"FearNoEvil","floor":14.0},{"not_picked":["REME_WorshipGod","MarkedMod:SlowDance","Enemystep"],"picked":"DevaForm","floor":16.0},{"not_picked":["WaveOfTheHand","Replay:Anticipation","Stinger"],"picked":"FlurryOfBlows+1","floor":18.0},{"not_picked":["DevaForm","LessonLearned","REME_EmptyShield","Darkslayer"],"picked":"SKIP","floor":21.0},{"not_picked":["Study","InnerPeace+1","Indignation","Millionkick"],"picked":"SKIP","floor":22.0},{"not_picked":["DevaForm","DeusExMachina","Blueorb"],"picked":"MarkedMod:ChiBlock","floor":24.0},{"not_picked":["DeceiveReality+1","Sanctity+1","Gunslinger"],"picked":"Replay:Cycle","floor":28.0},{"not_picked":["CrushJoints","Tantrum+1","Chargeshoot2"],"picked":"MarkedMod:OneThousandNeedles","floor":29.0},{"not_picked":["Replay:BluntJabs","FlyingSleeves","Straight"],"picked":"Worship+1","floor":30.0},{"not_picked":["Replay:Battleflow","CutThroughFate","WreathOfFlame+1","Fullhouse"],"picked":"SKIP","floor":31.0},{"not_picked":["REME_Repentance","CutThroughFate","ThirdEye+1","Whiteorb"],"picked":"SKIP","floor":32.0},{"not_picked":[],"picked":"DemoMod:Elimentaler","floor":35.0},{"not_picked":["Judgement","SpiritShield","MasterReality"],"picked":"Demonreform","floor":35.0},{"not_picked":["Replay:AllIn","Judgement"],"picked":"MarkedMod:NorthStar","floor":36.0},{"not_picked":["BasicCrystalCard","Crescendo+1","Steam+1","SSScard"],"picked":"FlurryOfBlows+1","floor":37.0},{"not_picked":["Buffer","Reboot","hubris:Prefetch","REME_WorshipGod"],"picked":"VitalstarL","floor":39.0},{"not_picked":["EmptyMind+1","Consume","Rip and Tear","Meditate","Millionstab"],"picked":"SKIP","floor":40.0},{"not_picked":["hubris:Ssssneak","Enlightenment","Metamorphosis"],"picked":"REME_PuzzleBox","floor":41.0},{"not_picked":["MarkedMod:SlowDance","DevaForm","Creative AI","Blueorb"],"picked":"REME_Shoggoth","floor":42.0},{"not_picked":["hubris:Prefetch","Multi-Cast","Buffer","VitalstarL"],"picked":"MarkedMod:ChiBlock","floor":44.0},{"not_picked":["Fission","Devotion","hubris:SpecializedCircuitry"],"picked":"SKIP","floor":45.0},{"not_picked":["Devotion","MarkedMod:SlowDance","ReplayTheSpireMod:Fabricate Wheel","VitalstarL"],"picked":"Brilliance","floor":46.0},{"not_picked":["ReplaySolidLightProjector+1","Compile Driver","SashWhip","Swordmaster"],"picked":"ClearTheMind+1","floor":47},{"not_picked":["MarkedMod:FirstStrike","Ball Lightning","Sweeping Beam","Streamline+1","Ecstasy"],"picked":"SKIP","floor":47},{"not_picked":["REME_CRH","Creative AI","Machine Learning","Replay:AllIn","Enemystep"],"picked":"SKIP","floor":48},{"not_picked":["Wish","Brilliance","REME_CRH","hubris:DoWhile","Enemystep"],"picked":"SKIP","floor":50},{"not_picked":["Panic Button","CrushJoints+1","Adaptation","MarkedMod:GentlePulse"],"picked":"LucifercomboA","floor":53},{"not_picked":["Ball Lightning+1","Evaluate","Replay:Hum+1","Glacier","Rebellion"],"picked":"SKIP","floor":53},{"not_picked":["Genetic Algorithm","SandsOfTime+1","ThirdEye+1","CrushJoints+1","Chargeshoot2"],"picked":"SKIP","floor":54},{"not_picked":["Replay:AtTheReady+1","Gash+1","Prostrate","Panic Button","DT"],"picked":"SKIP","floor":54},{"not_picked":["MarkedMod:SlowDance","Brilliance"],"picked":"MarkedMod:ChiBlock","floor":56}],"player_experience":202822,"relics_obtained":[{"floor":7.0,"key":"Lizard Tail"},{"floor":9.0,"key":"HollowMod:PaleOreRelic"},{"floor":10.0,"key":"hubris:DisguiseKit"},{"floor":12.0,"key":"DemoMod:SevenLeafClover"},{"floor":13.0,"key":"Lantern"},{"floor":21.0,"key":"Peace Pipe"},{"floor":24.0,"key":"Orichalcum"},{"floor":36.0,"key":"DemoMod:RatBoots"},{"floor":36.0,"key":"DemoMod:ResourcefulSack"},{"floor":36.0,"key":"DemoMod:PartiallyEatenCheese"},{"floor":36.0,"key":"REME_DuelDisc"},{"floor":36.0,"key":"aspiration:DefectSkillbook"},{"floor":36.0,"key":"aspiration:Legacy_Headhunter"},{"floor":39.0,"key":"aspiration:FetidBarrel"},{"floor":42.0,"key":"sneckomod:BlankCard"},{"floor":44.0,"key":"DemoMod:BlueGuonStone"},{"floor":45.0,"key":"Prayer Wheel"},{"floor":45.0,"key":"Chameleon Ring"},{"floor":46.0,"key":"Ancient Tea Set"},{"floor":48,"key":"StrikeDummy"},{"floor":50,"key":"Pet Ghost"},{"floor":54,"key":"paleoftheancients:SoulOfTheWokeBloke"},{"floor":56,"key":"ReplayTheSpireMod:Lightbulb"},{"floor":56,"key":"DemoMod:VorpalBullet"}],"event_choices":[{"damage_healed":0.0,"max_hp_gain":0.0,"max_hp_loss":0.0,"gold_gain":0.0,"event_name":"conspire:LoneGhost","player_choice":"Agree","floor":2.0,"gold_loss":0.0,"damage_taken":0.0},{"damage_healed":0.0,"max_hp_gain":0.0,"max_hp_loss":0.0,"gold_gain":0.0,"event_name":"Accursed Blacksmith","player_choice":"Rummage","floor":20.0,"gold_loss":0.0,"damage_taken":0.0,"relics_obtained":["WarpedTongs"],"cards_obtained":["Pain"]},{"damage_healed":0.0,"max_hp_gain":0.0,"max_hp_loss":0.0,"gold_gain":0.0,"event_name":"The Woman in Blue","player_choice":"Bought 0 Potions","floor":38.0,"gold_loss":0.0,"damage_taken":0.0},{"damage_healed":0.0,"max_hp_gain":0.0,"max_hp_loss":0.0,"gold_gain":0.0,"event_name":"SensoryStone","player_choice":"Memory 1","floor":41.0,"gold_loss":0.0,"damage_taken":0.0},{"damage_healed":0,"gold_gain":0,"player_choice":"Ignored","damage_taken":0,"max_hp_gain":0,"max_hp_loss":0,"event_name":"Purifier","floor":55,"gold_loss":0}],"is_beta":false,"boss_relics":[{"not_picked":["hubris:ScarierMask","Snecko Eye"],"picked":"DemoMod:RiddleOfLead"},{"not_picked":[]}],"items_purged_floors":[3,3,3,3,3,3,3,3,3,3,3,3,3,3,25,25,25,43,43],"is_endless":false,"potions_floor_spawned":[10,11,14,21,22,29,32,37,46,47,48],"killed_by":"Time Eater","ascension_level":1}}