{"host":"nk1hwk2qadwaubm5","time":1608672513,"event":{"mods":["BaseMod","Hermit","Infinite Spire","Marisa????????","Minty Spire (QoL Compilation)","Replay The Spire","StSLib","The Animator","The Cursed","The Jungle","The Servant 0.9.4"],"gold_per_floor":[113,113,188,188,199,199,245,267,267,283,283,302,335,348,348,348,348],"floor_reached":16,"playtime":1506,"items_purged":[],"score":112,"play_id":"1f15f382-12c4-4f61-8dc7-04340830df6e","local_time":"20201222222833","is_ascension_mode":false,"campfire_choices":[{"data":"animator:Millim","floor":6,"key":"SMITH"},{"data":"animator:Millim+1","floor":11,"key":"SMITH"},{"floor":15,"key":"REST"}],"circlet_count":0,"master_deck":["animator:Strike_OwariNoSeraph","animator:Defend_OwariNoSeraph","animator:Strike","animator:Strike","animator:Defend","animator:Defend","animator:Defend","animator:Shinoa","animator:Mikaela+1","animator:Vanir","animator:Aqua","animator:Millim+2","animator:Pride","animator:Shigure","animator:Shigure","animator:Shigure"],"relics":["animator:LivingPicture","animator:TheMissingPiece","animator:PurgingStone","infinitespire:PuzzleCube","Peace Pipe","Replay:Kaleidoscope"],"acts_visited":["Exordium"],"potions_floor_usage":[7],"damage_taken":[{"damage":0,"enemies":"2 Louse","floor":1,"turns":3},{"damage":0,"enemies":"Jaw Worm","floor":5,"turns":3},{"damage":18,"enemies":"Gremlin Nob","floor":7,"turns":5},{"damage":9,"enemies":"infinitespire:Voidling","floor":8,"turns":4},{"damage":0,"enemies":"Gremlin Gang","floor":10,"turns":4},{"damage":0,"enemies":"Blue Slaver","floor":12,"turns":3},{"damage":13,"enemies":"3 Sentries","floor":13,"turns":6},{"damage":16,"enemies":"Exordium Thugs","floor":14,"turns":6},{"damage":46,"enemies":"Fading Forest","floor":16,"turns":10}],"seed_played":"6755372858094406865","potions_obtained":[{"floor":5,"key":"Ancient Potion"}],"is_trial":false,"path_per_floor":["M","?","?","?","M","R","E","M","T","M","R","M","E","M","R","B"],"character_chosen":"THE_ANIMATOR","items_purchased":[],"campfire_rested":1,"item_purchase_floors":[],"current_hp_per_floor":[66,66,55,55,57,57,39,36,36,38,38,40,29,15,34,0,0],"gold":348,"neow_bonus":"UPGRADE_CARD","is_daily":false,"chose_seed":false,"campfire_upgraded":2,"win_rate":0.0,"timestamp":1608672513,"path_taken":["M","?","?","?","M","R","E","M","T","M","R","M","E","M","R","BOSS"],"items_purchased_type":[],"build_version":"2020-12-13","purchased_purges":0,"victory":false,"max_hp_per_floor":[66,66,66,66,66,66,66,66,66,66,66,66,66,66,66,66,66],"card_choices":[{"not_picked":["animator:DolaStephanie","animator:YunYun"],"picked":"animator:Vanir","floor":1},{"not_picked":["animator:KyokoSakura","animator:UneriGinkaku"],"picked":"animator:Millim","floor":5},{"not_picked":["animator:Ara","animator:Melzalgald"],"picked":"animator:Pride","floor":7},{"not_picked":["animator:Yoichi","animator:Mikaela"],"picked":"animator:Shigure","floor":8},{"not_picked":["animator:Sonic","animator:Yoichi","animator:Mitsuba"],"picked":"SKIP","floor":10},{"not_picked":["animator:ElricAlphonse","animator:ElricEdward"],"picked":"animator:Shigure","floor":12},{"not_picked":["animator:Hakurou","animator:Azekura","animator:DolaStephanie"],"picked":"SKIP","floor":13},{"not_picked":["animator:Mitsuba","animator:Mikaela"],"picked":"animator:Shigure","floor":14}],"player_experience":230460,"relics_obtained":[{"floor":7,"key":"infinitespire:PuzzleCube"},{"floor":9,"key":"Peace Pipe"},{"floor":13,"key":"Replay:Kaleidoscope"}],"event_choices":[{"damage_healed":0,"gold_gain":75,"player_choice":"Gather Gold","damage_taken":11,"max_hp_gain":0,"max_hp_loss":0,"event_name":"World of Goop","floor":3,"gold_loss":0},{"damage_healed":0,"gold_gain":0,"player_choice":"1 cards matched","damage_taken":0,"max_hp_gain":0,"max_hp_loss":0,"event_name":"Match and Keep!","floor":4,"gold_loss":0,"cards_obtained":["animator:Aqua"]}],"is_beta":false,"boss_relics":[],"items_purged_floors":[],"is_endless":false,"potions_floor_spawned":[5],"killed_by":"Fading Forest","ascension_level":0}}