{"host":"2461dio7vetlq1z3","time":1608673890,"event":{"mods":["2.2 Compatiblity","AchievementEnabler","BaseMod","Better Third Choice","Hermit","Marisa????????","Minty Spire (QoL Compilation)","Relic Stats","Spicy Shops","StSLib","The Runesmith","Waifu the Spire"],"gold_per_floor":[116,116,126,51,51,51,66,99,149,149,161,161,68,99,99,178,178,195,195,207,132,86,86,113,113,138,173,190,225,125,154,154,226,226,267,317,354,364,364,364,398,398,422,442,479,479,479],"floor_reached":46,"playtime":3044,"items_purged":["Strike_P","Strike_P+1"],"score":935,"play_id":"ac95a731-a355-4a8d-bee1-f7c8b251cec5","local_time":"20201222225130","is_ascension_mode":true,"campfire_choices":[{"data":"Eruption","floor":6.0,"key":"SMITH"},{"data":"Perseverance","floor":12.0,"key":"SMITH"},{"data":"PathToVictory","floor":15.0,"key":"SMITH"},{"floor":23.0,"key":"REST"},{"floor":25.0,"key":"REST"},{"floor":32.0,"key":"REST"},{"floor":40.0,"key":"REST"},{"data":"Fasting2","floor":42.0,"key":"SMITH"}],"circlet_count":0,"master_deck":["AscendersBane","Defend_P+1","Defend_P+1","Eruption+1","Vigilance+1","PathToVictory+1","Perseverance+1","Wireheading+1","EmptyFist","SashWhip","PathToVictory+1","Protect+1","LessonLearned+1","BattleHymn","PathToVictory+1","Alpha+1","WaveOfTheHand+1","Wish","LikeWater","Fasting2+1","ThirdEye","DevaForm","Parasite"],"relics":["Velvet Choker","Nunchaku","War Paint","HornCleat","Empty Cage","Torii","Oddly Smooth Stone","Strawberry","Bottled Lightning","Prayer Wheel","Cursed Key","Blood Vial"],"acts_visited":["Exordium","TheCity","TheBeyond"],"potions_floor_usage":[],"damage_taken":[{"damage":6.0,"enemies":"Small Slimes","floor":1.0,"turns":4.0},{"damage":0.0,"enemies":"2 Louse","floor":3.0,"turns":2.0},{"damage":0.0,"enemies":"Jaw Worm","floor":7.0,"turns":3.0},{"damage":16.0,"enemies":"Gremlin Nob","floor":8.0,"turns":4.0},{"damage":1.0,"enemies":"Exordium Thugs","floor":11.0,"turns":4.0},{"damage":10.0,"enemies":"Lagavulin","floor":14.0,"turns":5.0},{"damage":1.0,"enemies":"Hexaghost","floor":16.0,"turns":7.0},{"damage":3.0,"enemies":"Chosen","floor":18.0,"turns":6.0},{"damage":0.0,"enemies":"Spheric Guardian","floor":20.0,"turns":3.0},{"damage":29.0,"enemies":"Gremlin Leader","floor":24.0,"turns":6.0},{"damage":2.0,"enemies":"Slavers","floor":27.0,"turns":5.0},{"damage":0.0,"enemies":"Snecko","floor":28.0,"turns":5.0},{"damage":1.0,"enemies":"Gremlin Leader","floor":29.0,"turns":8.0},{"damage":38.0,"enemies":"Book of Stabbing","floor":31.0,"turns":6.0},{"damage":10.0,"enemies":"Automaton","floor":33.0,"turns":7.0},{"damage":2.0,"enemies":"Orb Walker","floor":35.0,"turns":6.0},{"damage":25.0,"enemies":"3 Darklings","floor":37.0,"turns":6.0},{"damage":35.0,"enemies":"Jaw Worm Horde","floor":38.0,"turns":3.0},{"damage":3.0,"enemies":"Giant Head","floor":41.0,"turns":10.0},{"damage":29.0,"enemies":"Transient","floor":44.0,"turns":5.0},{"damage":2.0,"enemies":"Writhing Mass","floor":45.0,"turns":10.0},{"damage":28,"enemies":"Sphere and 2 Shapes","floor":46,"turns":3}],"seed_played":"-6027992629797912407","potions_obtained":[{"floor":1.0,"key":"Energy Potion"},{"floor":11.0,"key":"EntropicBrew"},{"floor":24.0,"key":"Fire Potion"},{"floor":29.0,"key":"Fire Potion"},{"floor":39.0,"key":"FairyPotion"},{"floor":44.0,"key":"BottledMiracle"}],"is_trial":false,"path_per_floor":["M","?","M","$","?","R","M","E","T","?","M","R","$","E","R","B",null,"M","?","M","?","$","R","E","R","T","E","M","E","$","E","R","B",null,"M","?","M","M","?","R","E","R","T","M","M","M"],"character_chosen":"WATCHER","items_purchased":["PathToVictory","Protect","PathToVictory"],"campfire_rested":4,"item_purchase_floors":[13,13,22],"current_hp_per_floor":[55,35,35,35,57,57,57,41,41,34,33,33,33,23,23,22,57,54,35,35,35,35,56,27,48,48,53,53,52,52,14,38,28,67,65,65,40,5,5,29,26,26,26,24,24,0,0],"gold":479,"neow_bonus":"BOSS_RELIC","is_daily":false,"chose_seed":false,"campfire_upgraded":4,"win_rate":0.0,"timestamp":1608673890,"path_taken":["M","?","M","$","?","R","M","E","T","?","M","R","?","E","R","BOSS","M","?","M","?","$","R","E","R","T","E","M","E","$","E","R","BOSS","M","?","?","M","?","R","E","R","T","M","M","?"],"items_purchased_type":["Card","Card","Card"],"build_version":"2020-12-13","purchased_purges":2,"victory":false,"max_hp_per_floor":[68,68,68,68,68,68,68,68,68,68,68,68,68,68,68,68,68,68,73,73,73,73,73,73,73,73,80,80,80,80,80,80,80,80,80,80,80,80,80,80,80,80,80,80,80,80,80],"relic_stats":{"Blood Vial":6,"Nunchaku":[10],"Torii":25,"counters":[22,118],"Prayer Wheel":5,"War Paint":["Defend_P","Defend_P"],"Cursed Key":1,"obtain_stats":[{"Torii":24,"Velvet Choker":0,"Oddly Smooth Stone":26,"War Paint":9,"Empty Cage":17,"Cursed Key":34,"Blood Vial":41,"Nunchaku":8,"HornCleat":14,"Strawberry":27,"Prayer Wheel":31,"Bottled Lightning":29,"PureWater":0},{"Torii":10,"Velvet Choker":0,"Oddly Smooth Stone":10,"War Paint":4,"Empty Cage":7,"Cursed Key":15,"Blood Vial":19,"Nunchaku":4,"HornCleat":6,"Strawberry":11,"Prayer Wheel":14,"Bottled Lightning":13,"PureWater":0},{"Torii":44,"Velvet Choker":0,"Oddly Smooth Stone":44,"War Paint":13,"Empty Cage":29,"Cursed Key":75,"Blood Vial":100,"Nunchaku":13,"HornCleat":22,"Strawberry":49,"Prayer Wheel":68,"Bottled Lightning":62,"PureWater":0}]},"card_choices":[{"not_picked":["Swivel","Evaluate"],"picked":"PathToVictory","floor":1.0},{"not_picked":["FlurryOfBlows","Weave"],"picked":"Perseverance","floor":3.0},{"not_picked":["Protect","EmptyBody"],"picked":"Wireheading","floor":7.0},{"not_picked":["Prostrate","Devotion"],"picked":"EmptyFist","floor":8.0},{"not_picked":["Collect","BowlingBash"],"picked":"SashWhip","floor":11.0},{"not_picked":["Halt","CarveReality","Conclude"],"picked":"SKIP","floor":14.0},{"not_picked":["Establishment","Brilliance"],"picked":"LessonLearned","floor":16.0},{"not_picked":["WindmillStrike","Consecrate","ForeignInfluence"],"picked":"SKIP","floor":18.0},{"not_picked":["ReachHeaven","Weave"],"picked":"BattleHymn","floor":20.0},{"not_picked":["Pray","FlyingSleeves","Evaluate"],"picked":"SKIP","floor":24.0},{"not_picked":["Consecrate","Crescendo"],"picked":"Alpha","floor":27.0},{"not_picked":["SashWhip","JustLucky","Study"],"picked":"SKIP","floor":28.0},{"not_picked":["BowlingBash","FlurryOfBlows","SashWhip"],"picked":"SKIP","floor":29.0},{"not_picked":["Indignation+1","LikeWater"],"picked":"WaveOfTheHand","floor":31.0},{"not_picked":["DeusExMachina","Alpha"],"picked":"Wish","floor":33.0},{"not_picked":["EmptyFist","InnerPeace"],"picked":"LikeWater","floor":35.0},{"not_picked":["Crescendo","CrushJoints","JustLucky"],"picked":"SKIP","floor":35.0},{"not_picked":["Consecrate","Wallop"],"picked":"Fasting2","floor":37.0},{"not_picked":["Perseverance","Vengeance","Adaptation"],"picked":"SKIP","floor":37.0},{"not_picked":["Crescendo","FlyingSleeves+1"],"picked":"ThirdEye","floor":38.0},{"not_picked":["EmptyBody","ReachHeaven","Consecrate"],"picked":"SKIP","floor":38.0},{"not_picked":["DeceiveReality","Prostrate"],"picked":"DevaForm","floor":41.0},{"not_picked":["Vengeance","Halt","Crescendo"],"picked":"SKIP","floor":44.0},{"not_picked":["Nirvana","Protect","CrushJoints"],"picked":"SKIP","floor":44.0},{"not_picked":["FlyingSleeves","EmptyBody","Swivel"],"picked":"SKIP","floor":45.0},{"not_picked":["TalkToTheHand","ConjureBlade","BowlingBash"],"picked":"SKIP","floor":45.0}],"player_experience":936999,"relics_obtained":[{"floor":8.0,"key":"Nunchaku"},{"floor":9.0,"key":"War Paint"},{"floor":14.0,"key":"HornCleat"},{"floor":24.0,"key":"Torii"},{"floor":26.0,"key":"Oddly Smooth Stone"},{"floor":27.0,"key":"Strawberry"},{"floor":29.0,"key":"Bottled Lightning"},{"floor":31.0,"key":"Prayer Wheel"},{"floor":41.0,"key":"Blood Vial"}],"event_choices":[{"damage_healed":55.0,"max_hp_gain":0.0,"max_hp_loss":68.0,"gold_gain":0.0,"event_name":"betterThird:BetterShining","player_choice":"Upgrade","floor":2.0,"gold_loss":0.0,"damage_taken":20.0,"cards_upgraded":["Strike_P","Strike_P"]},{"damage_healed":22.0,"max_hp_gain":0.0,"max_hp_loss":0.0,"gold_gain":0.0,"event_name":"Big Fish","player_choice":"Banana","floor":5.0,"gold_loss":0.0,"damage_taken":0.0},{"cards_removed":["Defend_P"],"damage_healed":0.0,"max_hp_gain":0.0,"max_hp_loss":0.0,"gold_gain":0.0,"event_name":"Golden Wing","player_choice":"Card Removal","floor":10.0,"gold_loss":0.0,"damage_taken":7.0},{"damage_healed":0.0,"max_hp_gain":5.0,"max_hp_loss":0.0,"gold_gain":0.0,"event_name":"Forgotten Altar","player_choice":"Shed Blood","floor":19.0,"gold_loss":0.0,"damage_taken":24.0},{"cards_removed":["Strike_P"],"damage_healed":0.0,"max_hp_gain":0.0,"max_hp_loss":0.0,"gold_gain":0.0,"event_name":"Beggar","player_choice":"Gave Gold","floor":21.0,"gold_loss":75.0,"damage_taken":0.0},{"damage_healed":0.0,"max_hp_gain":0.0,"max_hp_loss":0.0,"gold_gain":50.0,"event_name":"Golden Shrine","player_choice":"Pray","floor":36.0,"gold_loss":0.0,"damage_taken":0.0},{"damage_healed":0.0,"max_hp_gain":0.0,"max_hp_loss":0.0,"gold_gain":0.0,"event_name":"Lab","player_choice":"Got Potions","floor":39.0,"gold_loss":0.0,"damage_taken":0.0}],"is_beta":false,"boss_relics":[{"not_picked":["Runic Dome","SlaversCollar"],"picked":"Empty Cage"},{"not_picked":["Busted Crown","Coffee Dripper"],"picked":"Cursed Key"}],"items_purged_floors":[4,30],"is_endless":false,"potions_floor_spawned":[1,11,18,24,29,33,35,44],"killed_by":"Sphere and 2 Shapes","ascension_level":15}}