{"host":"2lo6hma6kymb0g9i","time":1608618253,"event":{"mods":["BaseMod","Colored Map","DeckTracker","Minty Spire (QoL Compilation)"],"gold_per_floor":[112,112,112,112,130,160,160,187,212,232,259,259,294,306,306,306,306],"floor_reached":16,"playtime":854,"items_purged":[],"score":347,"play_id":"62be55ef-943d-4f9a-8502-6ca42e449fc0","local_time":"20201222152413","is_ascension_mode":true,"campfire_choices":[{"floor":7,"key":"REST"},{"floor":12,"key":"REST"},{"data":"Neutralize","floor":15,"key":"SMITH"}],"circlet_count":0,"master_deck":["AscendersBane","Strike_G","Strike_G","Strike_G","Strike_G","Defend_G","Defend_G","Defend_G","Defend_G","Defend_G","Survivor","Neutralize+1","Cloak And Dagger","Choke","Leg Sweep","Eviscerate","Slice","Deflect","Wraith Form v2","Burst","Distraction"],"relics":["Ring of the Snake","PreservedInsect","Matryoshka","Mercury Hourglass","Akabeko","InkBottle","Turnip"],"acts_visited":["Exordium"],"potions_floor_usage":[11,11,16],"damage_taken":[{"damage":9,"enemies":"Cultist","floor":1,"turns":5},{"damage":1,"enemies":"Jaw Worm","floor":5,"turns":4},{"damage":47,"enemies":"3 Sentries","floor":6,"turns":17},{"damage":28,"enemies":"Gremlin Nob","floor":8,"turns":4},{"damage":0,"enemies":"2 Louse","floor":10,"turns":2},{"damage":0,"enemies":"Lagavulin","floor":11,"turns":4},{"damage":0,"enemies":"Gremlin Nob","floor":13,"turns":2},{"damage":1,"enemies":"Blue Slaver","floor":14,"turns":3},{"damage":23,"enemies":"Hexaghost","floor":16,"turns":11}],"seed_played":"-7240007449015733655","potions_obtained":[{"floor":5,"key":"Weak Potion"},{"floor":8,"key":"GhostInAJar"},{"floor":13,"key":"Block Potion"}],"is_trial":false,"path_per_floor":["M","?","?","?","M","E","R","E","T","M","E","R","E","M","R","B"],"character_chosen":"THE_SILENT","items_purchased":[],"campfire_rested":2,"item_purchase_floors":[],"current_hp_per_floor":[56,56,56,56,55,8,29,1,1,1,1,22,22,21,21,0,0],"gold":306,"neow_bonus":"TEN_PERCENT_HP_BONUS","is_daily":false,"chose_seed":false,"campfire_upgraded":1,"win_rate":0.0,"timestamp":1608618253,"path_taken":["M","?","?","?","M","E","R","E","T","M","E","R","E","M","R","BOSS"],"items_purchased_type":[],"build_version":"2020-12-13","purchased_purges":0,"victory":false,"max_hp_per_floor":[72,72,72,72,72,72,72,72,72,72,72,72,72,72,72,72,72],"card_choices":[{"not_picked":["Dodge and Roll","Distraction"],"picked":"Cloak And Dagger","floor":1},{"not_picked":["Dodge and Roll","Dash"],"picked":"Leg Sweep","floor":5},{"not_picked":["Deadly Poison","Sucker Punch"],"picked":"Eviscerate","floor":6},{"not_picked":["All Out Attack","Venomology"],"picked":"Slice","floor":8},{"not_picked":["Acrobatics","Bouncing Flask"],"picked":"Deflect","floor":10},{"not_picked":["Poisoned Stab","Underhanded Strike"],"picked":"Wraith Form v2","floor":11},{"not_picked":["Bane","Accuracy"],"picked":"Burst","floor":13},{"not_picked":["Endless Agony","Acrobatics"],"picked":"Distraction","floor":14}],"player_experience":860823,"relics_obtained":[{"floor":6,"key":"PreservedInsect"},{"floor":8,"key":"Matryoshka"},{"floor":9,"key":"Mercury Hourglass"},{"floor":9,"key":"Akabeko"},{"floor":11,"key":"InkBottle"},{"floor":13,"key":"Turnip"}],"event_choices":[{"damage_healed":0,"gold_gain":0,"player_choice":"Fled","damage_taken":0,"max_hp_gain":0,"max_hp_loss":0,"event_name":"Scrap Ooze","floor":2,"gold_loss":0},{"damage_healed":0,"gold_gain":0,"player_choice":"Ignored","damage_taken":0,"max_hp_gain":0,"max_hp_loss":0,"event_name":"Shining Light","floor":3,"gold_loss":0},{"damage_healed":0,"gold_gain":0,"cards_transformed":["Strike_G"],"player_choice":"Change","damage_taken":0,"max_hp_gain":0,"max_hp_loss":0,"event_name":"Living Wall","floor":4,"gold_loss":0,"cards_obtained":["Choke"]}],"is_beta":false,"boss_relics":[],"items_purged_floors":[],"is_endless":false,"potions_floor_spawned":[5,8,13],"killed_by":"Hexaghost","ascension_level":19}}