{"host":"gj32n68c553yo87c","time":1608622069,"event":{"mods":["BaseMod","Downfall","Minty Spire (QoL Compilation)","Replay The Spire","StSLib","TheArtist"],"gold_per_floor":[115,168,187,199,214,214,225,225,225,225,259,259,269,286,286,384,384,404,423,423,450,450,450,461,476,525,303,335,335,347,367,367,466,466,478,403,414,414,424,424,434,465,465,465,496,515,515,515,515,515],"floor_reached":51,"playtime":4958,"items_purged":["artistmod:BrushBash"],"score":956,"play_id":"3961f19b-f397-4710-bbdd-c861395a3571","local_time":"20201221232749","is_ascension_mode":false,"campfire_choices":[{"floor":6,"key":"REST"},{"data":"artistmod:DarkenDrawing","floor":8,"key":"SMITH"},{"data":"artistmod:PaintBreath","floor":10,"key":"SMITH"},{"floor":12,"key":"REST"},{"data":"artistmod:ChosenColors","floor":15,"key":"SMITH"},{"floor":23,"key":"REST"},{"data":"artistmod:RainbowReality","floor":29,"key":"SMITH"},{"floor":32,"key":"REST"},{"data":"artistmod:PaintballPelt","floor":40,"key":"SMITH"},{"data":"artistmod:BlueBrews","floor":44,"key":"SMITH"},{"data":"artistmod:RadicalRainbows","floor":49,"key":"SMITH"}],"circlet_count":0,"master_deck":["artistmod:DaringDefend+1","artistmod:DaringDefend+1","artistmod:DaringDefend+1","artistmod:DaringDefend+1","artistmod:DarkenDrawing+1","artistmod:ChosenColors+1","artistmod:PaintBreath+1","artistmod:ContrastingClash","artistmod:RedRage","artistmod:ResourceRampage","artistmod:RainbowReality+1","artistmod:RadicalRainbows+1","artistmod:VibrantVision+1","artistmod:GreenGreatness+1","artistmod:RedRage+1","artistmod:ColorCopy","artistmod:PaintballPelt+1","artistmod:BlueBrews+1","Writhe"],"relics":["artistmod:BlueBrush","NeowsBlessing","Regal Pillow","Replay:Bottled Eggs","ReplayTheSpireMod:Shallot","Astrolabe","Red Mask","Lantern","Anchor","Shuriken","PreservedInsect","Darkstone Periapt","Quantum Egg"],"acts_visited":["Exordium","TheCity","TheBeyond"],"potions_floor_usage":[5,11,21,21,28,45,50],"damage_taken":[{"damage":0,"enemies":"Cultist","floor":1,"turns":1},{"damage":0,"enemies":"Small Slimes","floor":3,"turns":2},{"damage":0,"enemies":"2 Louse","floor":4,"turns":1},{"damage":20,"enemies":"Gremlin Gang","floor":5,"turns":4},{"damage":20,"enemies":"3 Louse","floor":7,"turns":3},{"damage":27,"enemies":"3 Sentries","floor":11,"turns":8},{"damage":9,"enemies":"Blue Slaver","floor":13,"turns":2},{"damage":0,"enemies":"2 Fungi Beasts","floor":14,"turns":3},{"damage":0,"enemies":"Fading Forest","floor":16,"turns":11},{"damage":10,"enemies":"Spheric Guardian","floor":18,"turns":4},{"damage":7,"enemies":"Chosen","floor":19,"turns":3},{"damage":48,"enemies":"Masked Bandits","floor":21,"turns":6},{"damage":0,"enemies":"Snecko","floor":24,"turns":5},{"damage":3,"enemies":"Snake Plant","floor":25,"turns":4},{"damage":0,"enemies":"Slavers","floor":28,"turns":3},{"damage":0,"enemies":"Chosen and Byrds","floor":30,"turns":3},{"damage":0,"enemies":"3 Cultists","floor":31,"turns":3},{"damage":0,"enemies":"Pondfish","floor":33,"turns":5},{"damage":13,"enemies":"3 Shapes","floor":35,"turns":6},{"damage":0,"enemies":"3 Darklings","floor":37,"turns":3},{"damage":0,"enemies":"Sphere and 2 Shapes","floor":39,"turns":4},{"damage":6,"enemies":"Spire Growth","floor":41,"turns":4},{"damage":0,"enemies":"R_Hoarder","floor":42,"turns":10},{"damage":70,"enemies":"Reptomancer","floor":45,"turns":4},{"damage":8,"enemies":"3 Darklings","floor":46,"turns":4},{"damage":20,"enemies":"Replay:Hell Engine","floor":50,"turns":5}],"seed_played":"5272116562215265273","potions_obtained":[{"floor":2,"key":"SkillPotion"},{"floor":2,"key":"Explosive Potion"},{"floor":3,"key":"Elixir"},{"floor":4,"key":"Dexterity Potion"},{"floor":7,"key":"Block Potion"},{"floor":14,"key":"Flashbang"},{"floor":24,"key":"FairyPotion"},{"floor":25,"key":"hexamod:EctoCoolerPotion"},{"floor":30,"key":"Fire Potion"},{"floor":42,"key":"CultistPotion"},{"floor":45,"key":"LiquidMemories"}],"is_trial":false,"path_per_floor":["M","?","M","M","M","R","M","R","T","R","E","R","M","M","R","B",null,"M","M","?","?","?","R","M","M","T","$","E","R","M","M","R","B",null,"M","$","M","?","M","R","M","E","T","R","E","M","?","?","R","B",null],"character_chosen":"THE_ARTIST","items_purchased":["Anchor","artistmod:BlueBrews"],"campfire_rested":4,"item_purchase_floors":[27,36],"current_hp_per_floor":[71,54,54,54,34,70,50,50,50,50,23,59,50,50,50,50,71,61,54,54,6,6,42,42,39,39,39,39,39,39,39,71,71,71,58,58,58,58,58,58,52,52,52,52,14,6,30,67,67,47],"gold":515,"neow_bonus":"THREE_ENEMY_KILL","is_daily":false,"chose_seed":false,"campfire_upgraded":7,"win_rate":0.0,"timestamp":1608622069,"path_taken":["M","?","?","M","M","R","M","R","T","R","E","R","M","M","R","BOSS","M","M","?","?","?","R","?","M","T","$","E","R","M","M","R","BOSS","M","$","M","?","M","R","M","E","T","R","E","M","?","?","R","BOSS"],"items_purchased_type":["Relic","Card"],"build_version":"2020-12-13","purchased_purges":1,"victory":true,"max_hp_per_floor":[71,71,71,71,71,71,71,71,71,71,71,71,71,71,71,71,71,71,71,71,71,71,71,71,71,71,71,71,71,71,71,71,71,71,71,71,71,71,71,71,71,71,71,71,71,71,77,67,67,67],"card_choices":[{"not_picked":["artistmod:YellowYearning","artistmod:BlueBurst"],"picked":"artistmod:ChosenColors","floor":1},{"not_picked":["artistmod:SweepingSadness","artistmod:AquaAnnoyance"],"picked":"artistmod:PaintBreath","floor":3},{"not_picked":["artistmod:ChromaCrash","artistmod:PaintBreath","artistmod:CursedClash"],"picked":"SKIP","floor":4},{"not_picked":["artistmod:PaintballPelt","artistmod:AmberAttack"],"picked":"artistmod:ContrastingClash","floor":5},{"not_picked":["artistmod:AccursedAggression","artistmod:CanvasCatapult"],"picked":"artistmod:RedRage","floor":7},{"not_picked":["artistmod:PalettePick","artistmod:ContrastingClash"],"picked":"artistmod:ResourceRampage","floor":11},{"not_picked":["artistmod:BlueBurst","artistmod:ChromaCrash","artistmod:ProfoundPurple"],"picked":"SKIP","floor":13},{"not_picked":["artistmod:BlueBurst","artistmod:PrismaticPain"],"picked":"artistmod:RainbowReality","floor":14},{"not_picked":["artistmod:BigBrown","artistmod:ArtificialArt"],"picked":"artistmod:RadicalRainbows","floor":16},{"not_picked":["artistmod:RedRazzing","artistmod:SimpleStudies","artistmod:PaintBreath"],"picked":"SKIP","floor":18},{"not_picked":["artistmod:RainbowRazor","artistmod:RedRage","artistmod:ChosenColors+1"],"picked":"SKIP","floor":19},{"not_picked":["artistmod:ClearChroma","artistmod:ColoredCollision"],"picked":"artistmod:ColorCopy","floor":21},{"not_picked":["artistmod:ClearChroma+1","artistmod:ChromaCrash+1","artistmod:ColorCopy+1"],"picked":"SKIP","floor":24},{"not_picked":["artistmod:IndigoIncapitation","artistmod:SweepingSadness","artistmod:SuperbSchooling"],"picked":"SKIP","floor":25},{"not_picked":["artistmod:DoubleDraw","artistmod:PrismaticPain","artistmod:CursedClash"],"picked":"SKIP","floor":28},{"not_picked":["artistmod:AccursedAggression","artistmod:ColorCopy+1"],"picked":"artistmod:PaintballPelt","floor":30},{"not_picked":["artistmod:ArtificialArt","artistmod:PrismaticPain","artistmod:CanvasCatapult+1"],"picked":"SKIP","floor":31},{"not_picked":["artistmod:DoubleDraw+1","artistmod:MagentaMadness","artistmod:ColoredCollision"],"picked":"SKIP","floor":35},{"not_picked":["artistmod:AquaAnnoyance+1","artistmod:IndigoIncapitation","artistmod:ChosenColors+1"],"picked":"SKIP","floor":37},{"not_picked":["artistmod:ReddeningRampage","artistmod:PurplePain+1","artistmod:DoubleDraw"],"picked":"SKIP","floor":39},{"not_picked":["artistmod:DoubleDemolition","artistmod:IchorInk+1","artistmod:DoubleDraw+1"],"picked":"SKIP","floor":41},{"not_picked":["artistmod:ColorCopy","artistmod:ReddeningRampage","artistmod:PurplePain"],"picked":"SKIP","floor":42},{"not_picked":["artistmod:PinkPurple","artistmod:RedRazzing","artistmod:RedRage+1"],"picked":"SKIP","floor":45},{"not_picked":["artistmod:ChromaCrash","artistmod:HorridHarvest+1","artistmod:PaintbrushPanic+1"],"picked":"SKIP","floor":46}],"player_experience":37161,"relics_obtained":[{"floor":2,"key":"Regal Pillow"},{"floor":9,"key":"Replay:Bottled Eggs"},{"floor":11,"key":"ReplayTheSpireMod:Shallot"},{"floor":21,"key":"Red Mask"},{"floor":26,"key":"Lantern"},{"floor":28,"key":"Shuriken"},{"floor":42,"key":"PreservedInsect"},{"floor":43,"key":"Darkstone Periapt"},{"floor":45,"key":"Quantum Egg"}],"event_choices":[{"damage_healed":0,"gold_gain":0,"player_choice":"Fought Bandits","damage_taken":0,"max_hp_gain":0,"max_hp_loss":0,"event_name":"Masked Bandits","floor":21,"gold_loss":0},{"cards_removed":["artistmod:StrokeStrike"],"damage_healed":0,"gold_gain":0,"player_choice":"Purged","damage_taken":0,"max_hp_gain":0,"max_hp_loss":0,"event_name":"Purifier","floor":22,"gold_loss":0},{"damage_healed":18,"gold_gain":0,"player_choice":"Writhe","damage_taken":0,"max_hp_gain":0,"max_hp_loss":0,"event_name":"Winding Halls","floor":47,"gold_loss":0,"cards_obtained":["Writhe"]},{"damage_healed":67,"gold_gain":0,"player_choice":"Heal","damage_taken":0,"max_hp_gain":0,"max_hp_loss":10,"event_name":"The Moai Head","floor":48,"gold_loss":0}],"is_beta":false,"boss_relics":[{"not_picked":["Busted Crown","SacredBark"],"picked":"Astrolabe"},{"not_picked":["Runic Pyramid","artistmod:BrokenBrush","Replay:Ancient Bell"]}],"items_purged_floors":[27],"is_endless":false,"potions_floor_spawned":[3,4,7,14,24,25,30,35,37,42,45],"ascension_level":0}}