{"host":"r3d3rfw8zyydmocx","time":1608625355,"event":{"mods":["Aspiration","BaseMod","Better Third Choice","Colored Powertips","Conspire","Downfall","Hermit","Highlight Path","Hubris","Minty Spire (QoL Compilation)","StSLib","The Hierophant","The Servant 0.9.4"],"gold_per_floor":[99,110,124,124,124,156,156,156,156,156,156],"floor_reached":9,"playtime":244,"items_purged":[],"score":77,"play_id":"3f8fb616-0cfe-4c9a-9a82-4ab1fd48ba44","local_time":"20201222002235","is_ascension_mode":true,"campfire_choices":[{"data":"Slimebound:Split","floor":1,"key":"SMITH"},{"data":"Sadistic Nature","floor":8,"key":"SMITH"}],"circlet_count":0,"master_deck":["Slimebound:Strike_Slimebound+1","Slimebound:Strike_Slimebound+1","Slimebound:Tackle","Slimebound:Defend_Slimebound","Slimebound:Defend_Slimebound","Slimebound:Defend_Slimebound","Slimebound:Defend_Slimebound","Slimebound:Split+1","Slimebound:CorrosiveSpit","Sadistic Nature+1","Slimebound:GoopSpray","Slimebound:Recollect","Slimebound:Darklings"],"relics":["Slimebound:AbsorbEndCombat","hubris:Icosahedron","Whetstone","Bag of Preparation"],"acts_visited":["Exordium"],"potions_floor_usage":[],"damage_taken":[{"damage":18,"enemies":"Small Slimes","floor":2,"turns":3},{"damage":6,"enemies":"2 Louse","floor":3,"turns":2},{"damage":52,"enemies":"Gremlin Nob","floor":6,"turns":4},{"damage":25,"enemies":"Lagavulin","floor":9,"turns":3}],"seed_played":"105966976014873524","potions_obtained":[{"floor":2,"key":"Explosive Potion"},{"floor":6,"key":"EssenceOfSteel"}],"is_trial":false,"path_per_floor":["R","M","M","?","?","E","T","R","E"],"character_chosen":"SLIMEBOUND","items_purchased":[],"campfire_rested":0,"item_purchase_floors":[],"current_hp_per_floor":[54,46,44,44,44,20,20,20,0,0,0],"gold":156,"neow_bonus":"RANDOM_COLORLESS_2","is_daily":false,"chose_seed":false,"campfire_upgraded":2,"win_rate":0.0,"timestamp":1608625355,"path_taken":["R","M","M","?","?","E","T","R","E"],"items_purchased_type":[],"build_version":"2020-12-13","purchased_purges":0,"victory":false,"max_hp_per_floor":[54,54,54,54,54,54,54,54,54,54,54],"card_choices":[{"not_picked":["The Bomb","expansioncontent:DashGenerateEvil"],"picked":"Sadistic Nature","floor":0},{"not_picked":["Slimebound:ViciousTackle","Slimebound:LeechEnergy"],"picked":"Slimebound:GoopSpray","floor":2},{"not_picked":["Slimebound:ProtectTheBoss","Slimebound:Dissolve"],"picked":"Slimebound:Recollect","floor":3},{"not_picked":["Slimebound:RollThrough","Slimebound:ViciousTackle"],"picked":"Slimebound:Darklings","floor":6}],"player_experience":534806,"relics_obtained":[{"floor":6,"key":"Whetstone"},{"floor":7,"key":"Bag of Preparation"}],"event_choices":[],"is_beta":false,"boss_relics":[],"items_purged_floors":[],"is_endless":false,"potions_floor_spawned":[2,6],"killed_by":"Lagavulin","ascension_level":6}}