{"host":"vyt5ne9ydo1z9gg1","time":1608638770,"event":{"mods":["BaseMod","Curses Come First","DeckTracker","GifTheSpireLib","Minty Spire (QoL Compilation)","StSLib"],"gold_per_floor":[112,128,146,165,180,180,192,192,240,205,238,238,270,302,314,429,441,463,491,520,550,612,624,624],"floor_reached":23,"playtime":1218,"items_purged":[],"score":259,"play_id":"7b5a62d7-8b26-40e6-93c1-701aa0cda07f","local_time":"20201222230610","is_ascension_mode":true,"campfire_choices":[{"floor":6.0,"key":"REST"},{"floor":15.0,"key":"REST"}],"circlet_count":0,"master_deck":["Strike_R","Strike_R","Strike_R","Strike_R","Strike_R","Defend_R","Defend_R","Defend_R+1","Defend_R","Bash","Rampage+1","Cleave","Inflame","Thunderclap","Shrug It Off","Fiend Fire","Disarm","Feed","Iron Wave+1","Metallicize"],"relics":["Burning Blood","Champion Belt","White Beast Statue","Potion Belt","Mummified Hand","MawBank","Mark of Pain"],"acts_visited":["Exordium","TheCity"],"potions_floor_usage":[23,23,23,23],"damage_taken":[{"damage":1.0,"enemies":"Cultist","floor":1.0,"turns":3.0},{"damage":7.0,"enemies":"2 Louse","floor":2.0,"turns":3.0},{"damage":4.0,"enemies":"Small Slimes","floor":3.0,"turns":3.0},{"damage":18.0,"enemies":"3 Louse","floor":4.0,"turns":3.0},{"damage":25.0,"enemies":"Exordium Thugs","floor":5.0,"turns":4.0},{"damage":7.0,"enemies":"Gremlin Gang","floor":7.0,"turns":3.0},{"damage":25.0,"enemies":"Lagavulin","floor":11.0,"turns":5.0},{"damage":32.0,"enemies":"Gremlin Nob","floor":13.0,"turns":4.0},{"damage":0.0,"enemies":"Blue Slaver","floor":14.0,"turns":3.0},{"damage":30.0,"enemies":"The Guardian","floor":16.0,"turns":11.0},{"damage":10.0,"enemies":"3 Byrds","floor":18.0,"turns":5.0},{"damage":19.0,"enemies":"2 Thieves","floor":19.0,"turns":3.0},{"damage":29.0,"enemies":"Centurion and Healer","floor":20.0,"turns":8.0},{"damage":31.0,"enemies":"Snake Plant","floor":21.0,"turns":4.0},{"damage":30,"enemies":"Slavers","floor":23,"turns":2}],"seed_played":"-1353927045067023966","potions_obtained":[{"floor":1.0,"key":"Strength Potion"},{"floor":7.0,"key":"BloodPotion"},{"floor":11.0,"key":"SpeedPotion"},{"floor":13.0,"key":"Block Potion"},{"floor":14.0,"key":"Weak Potion"},{"floor":16.0,"key":"GamblersBrew"},{"floor":18.0,"key":"Block Potion"},{"floor":19.0,"key":"BloodPotion"},{"floor":20.0,"key":"Ancient Potion"},{"floor":21.0,"key":"ColorlessPotion"}],"is_trial":false,"path_per_floor":["M","M","M","M","M","R","M","?","T","?","E","?","E","M","R","B",null,"M","M","M","M","?","E"],"character_chosen":"IRONCLAD","items_purchased":[],"campfire_rested":2,"item_purchase_floors":[],"current_hp_per_floor":[61,60,62,50,31,55,54,47,47,67,48,48,22,28,52,28,67,66,56,36,11,11,0,0],"gold":624,"neow_bonus":"ONE_RARE_RELIC","is_daily":false,"chose_seed":false,"campfire_upgraded":0,"win_rate":0.0,"timestamp":1608638770,"path_taken":["M","M","M","M","?","R","M","?","T","?","E","?","E","?","R","BOSS","M","M","M","?","?","E"],"items_purchased_type":[],"build_version":"2020-12-13","purchased_purges":0,"victory":false,"max_hp_per_floor":[80,80,80,80,80,80,80,80,80,80,80,80,80,80,80,80,80,83,86,89,89,89,89,89],"card_choices":[{"not_picked":["Heavy Blade","Anger"],"picked":"Rampage","floor":1.0},{"not_picked":["Flex","True Grit"],"picked":"Cleave","floor":2.0},{"not_picked":["Sentinel","Dark Embrace"],"picked":"Inflame","floor":3.0},{"not_picked":["Reckless Charge","Rampage"],"picked":"Thunderclap","floor":4.0},{"not_picked":["Perfected Strike","Cleave","Combust"],"picked":"SKIP","floor":5.0},{"not_picked":["Perfected Strike","True Grit"],"picked":"Shrug It Off","floor":7.0},{"not_picked":["Flex","Rampage"],"picked":"Fiend Fire","floor":11.0},{"not_picked":["Entrench","Wild Strike"],"picked":"Disarm","floor":13.0},{"not_picked":["Clash","Armaments","Searing Blow"],"picked":"SKIP","floor":14.0},{"not_picked":["Offering","Brutality"],"picked":"Feed","floor":16.0},{"not_picked":["Clash","Heavy Blade"],"picked":"Iron Wave+1","floor":18.0},{"not_picked":["Wild Strike","Perfected Strike","Headbutt"],"picked":"SKIP","floor":19.0},{"not_picked":["Body Slam+1","Anger","Entrench"],"picked":"SKIP","floor":20.0},{"not_picked":["Body Slam+1","Evolve"],"picked":"Metallicize","floor":21.0}],"player_experience":136741,"relics_obtained":[{"floor":9.0,"key":"Potion Belt"},{"floor":11.0,"key":"Mummified Hand"},{"floor":13.0,"key":"MawBank"}],"event_choices":[{"damage_healed":0.0,"max_hp_gain":0.0,"max_hp_loss":0.0,"gold_gain":0.0,"event_name":"Scrap Ooze","player_choice":"Success","floor":8.0,"gold_loss":0.0,"damage_taken":7.0,"relics_obtained":["White Beast Statue"]},{"damage_healed":20.0,"max_hp_gain":0.0,"max_hp_loss":0.0,"gold_gain":0.0,"event_name":"The Cleric","player_choice":"Healed","floor":10.0,"gold_loss":35.0,"damage_taken":0.0},{"damage_healed":0.0,"max_hp_gain":0.0,"max_hp_loss":0.0,"gold_gain":0.0,"event_name":"Shining Light","player_choice":"Entered Light","floor":12.0,"gold_loss":0.0,"damage_taken":16.0,"cards_upgraded":["Defend_R","Rampage"]},{"damage_healed":0.0,"max_hp_gain":0.0,"max_hp_loss":0.0,"gold_gain":100.0,"event_name":"The Joust","player_choice":"Bet on Murderer","floor":22.0,"gold_loss":50.0,"damage_taken":0.0}],"is_beta":false,"boss_relics":[{"not_picked":["Fusion Hammer","Runic Pyramid"],"picked":"Mark of Pain"}],"items_purged_floors":[],"is_endless":false,"potions_floor_spawned":[1,7,11,13,14,16,18,19,20,21],"killed_by":"Slavers","ascension_level":5}}