{"host":"bznrw1tuv4hzt226","time":1608615819,"event":{"mods":["BaseMod","Colored Map","Friendly Minions","Highlight Path","Minty Spire (QoL Compilation)","Permanent Neow","Relic Stats","Slay-I","StSLib","SuperFastMode"],"gold_per_floor":[115,115,139,158,173,173,190,33,60,91,111,111,111,138,138,236,236,251,251,264,264,281,281,310,321,321,321,205,237,237,254,254,358,358,375,1374,1374,1374,1393,1412,552,552,602,582,612,212,241,251,251,251],"floor_reached":51,"playtime":3821,"items_purged":["Dodge and Roll"],"score":1371,"play_id":"29eea4d7-8cbb-4e9a-8b4c-f76f703b68b6","local_time":"20201222144339","daily_mods":["SealedDeck"],"is_ascension_mode":true,"campfire_choices":[{"data":"Eviscerate","floor":6.0,"key":"SMITH"},{"data":"Concentrate","floor":12.0,"key":"SMITH"},{"data":"Tactician","floor":15.0,"key":"SMITH"},{"data":"Burst","floor":23.0,"key":"SMITH"},{"data":"Footwork","floor":27.0,"key":"SMITH"},{"data":"Acrobatics","floor":30.0,"key":"SMITH"},{"data":"Accuracy","floor":32.0,"key":"SMITH"},{"data":"Footwork","floor":42.0,"key":"SMITH"},{"data":"Master of Strategy","floor":49.0,"key":"SMITH"}],"circlet_count":0,"master_deck":["Underhanded Strike+1","Accuracy+1","Blade Dance","Cloak And Dagger","Dagger Throw+1","Eviscerate+1","Footwork+1","Acrobatics","Concentrate+1","Tactician+1","Acrobatics+1","Blade Dance","Burst+1","Blur+1","Backflip","Footwork+1","Backflip+1","Sucker Punch+1","Venomology","Tactician","Thinking Ahead","Finesse","Master of Strategy+1","Madness","Madness","Apotheosis","Master of Strategy","Finesse"],"relics":["Ring of the Snake","Art of War","Whetstone","Omamori","Bronze Scales","Centennial Puzzle","Runic Dome","Orichalcum","Question Card","Pen Nib","SacredBark","Bag of Marbles","Bird Faced Urn","Medical Kit","Snake Skull","Happy Flower","Strawberry","DollysMirror","White Beast Statue"],"acts_visited":[],"potions_floor_usage":[50,50,50,50],"damage_taken":[{"damage":0.0,"enemies":"Jaw Worm","floor":1.0,"turns":3.0},{"damage":0.0,"enemies":"Cultist","floor":4.0,"turns":2.0},{"damage":0.0,"enemies":"Small Slimes","floor":5.0,"turns":1.0},{"damage":7.0,"enemies":"Blue Slaver","floor":7.0,"turns":2.0},{"damage":0.0,"enemies":"Gremlin Nob","floor":10.0,"turns":1.0},{"damage":4.0,"enemies":"Exordium Wildlife","floor":11.0,"turns":2.0},{"damage":0.0,"enemies":"3 Sentries","floor":14.0,"turns":2.0},{"damage":0.0,"enemies":"Hexaghost","floor":16.0,"turns":4.0},{"damage":0.0,"enemies":"Spheric Guardian","floor":18.0,"turns":2.0},{"damage":1.0,"enemies":"2 Thieves","floor":20.0,"turns":2.0},{"damage":0.0,"enemies":"Centurion and Healer","floor":22.0,"turns":3.0},{"damage":15.0,"enemies":"Gremlin Leader","floor":24.0,"turns":2.0},{"damage":0.0,"enemies":"Snecko","floor":25.0,"turns":2.0},{"damage":1.0,"enemies":"Slavers","floor":29.0,"turns":3.0},{"damage":0.0,"enemies":"3 Cultists","floor":31.0,"turns":3.0},{"damage":0.0,"enemies":"Collector","floor":33.0,"turns":5.0},{"damage":0.0,"enemies":"3 Darklings","floor":35.0,"turns":4.0},{"damage":1.0,"enemies":"3 Shapes","floor":39.0,"turns":2.0},{"damage":0.0,"enemies":"3 Darklings","floor":40.0,"turns":6.0},{"damage":0.0,"enemies":"Giant Head","floor":45.0,"turns":2.0},{"damage":0.0,"enemies":"Reptomancer","floor":47.0,"turns":1.0},{"damage":0.0,"enemies":"Jaw Worm Horde","floor":48.0,"turns":3.0},{"damage":10,"enemies":"Donu and Deca","floor":50,"turns":2}],"seed_played":"-3617588917642617642","potions_obtained":[{"floor":4.0,"key":"Swift Potion"},{"floor":5.0,"key":"PowerPotion"},{"floor":7.0,"key":"Weak Potion"},{"floor":14.0,"key":"LiquidMemories"},{"floor":24.0,"key":"Weak Potion"},{"floor":25.0,"key":"AttackPotion"},{"floor":29.0,"key":"SkillPotion"},{"floor":47.0,"key":"DuplicationPotion"},{"floor":48.0,"key":"CunningPotion"}],"is_trial":true,"path_per_floor":["M","?","T","M","M","R","M","$","T","E","M","R","?","E","R","B",null,"M","?","M","?","M","R","E","M","T","R","$","E","R","M","R","B",null,"M","?","?","?","M","M","$","R","T","?","E","$","E","M","R","B",null],"character_chosen":"THE_SILENT","items_purchased":["Whetstone","Backflip","Footwork","Bag of Marbles","Bird Faced Urn","Apotheosis","Medical Kit","Strawberry","DollysMirror","Finesse"],"campfire_rested":0,"item_purchase_floors":[8,28,28,41,41,41,41,46,46,46],"current_hp_per_floor":[63,63,63,63,63,63,56,56,56,56,52,52,52,52,52,52,66,66,66,65,65,65,65,50,50,50,50,50,49,49,49,49,49,65,65,65,55,46,45,45,45,45,45,45,51,58,62,70,70,66],"gold":251,"neow_bonus":"","is_daily":false,"chose_seed":false,"campfire_upgraded":9,"win_rate":0.0,"timestamp":1608615819,"path_taken":["M","?","?","M","M","R","M","?","T","E","?","R","?","E","R","BOSS","M","?","M","?","M","R","E","M","T","R","$","E","R","M","R","BOSS","M","?","?","?","M","M","$","R","T","?","E","$","E","?","R","BOSS"],"items_purchased_type":["Relic","Card","Card","Relic","Relic","Card","Relic","Relic","Relic","Card"],"build_version":"2020-12-13","purchased_purges":1,"victory":true,"max_hp_per_floor":[70,70,70,70,70,70,70,70,70,70,70,70,70,70,70,70,70,70,70,70,70,70,70,70,70,70,70,70,70,70,70,70,70,70,70,70,70,70,70,70,70,70,70,70,70,77,77,77,77,77],"relic_stats":{"Happy Flower":[1],"counters":[1,2],"Pen Nib":[4],"Snake Skull":[1],"Whetstone":[],"Orichalcum":[0],"Question Card":0,"Medical Kit":[2],"Centennial Puzzle":[3],"Bronze Scales":[6],"Bird Faced Urn":[6],"Art of War":[0],"obtain_stats":[{"Happy Flower":0,"SacredBark":0,"Pen Nib":0,"Snake Skull":0,"Omamori":0,"Whetstone":0,"Orichalcum":0,"Question Card":0,"Medical Kit":0,"White Beast Statue":0,"Runic Dome":0,"Centennial Puzzle":0,"DollysMirror":0,"Bronze Scales":0,"Bird Faced Urn":0,"Strawberry":0,"Art of War":0,"Bag of Marbles":0,"Ring of the Snake":0},{"Happy Flower":0,"SacredBark":0,"Pen Nib":0,"Snake Skull":0,"Omamori":0,"Whetstone":0,"Orichalcum":0,"Question Card":0,"Medical Kit":0,"White Beast Statue":0,"Runic Dome":0,"Centennial Puzzle":0,"DollysMirror":0,"Bronze Scales":0,"Bird Faced Urn":0,"Strawberry":0,"Art of War":0,"Bag of Marbles":0,"Ring of the Snake":0},{"Happy Flower":0,"SacredBark":0,"Pen Nib":0,"Snake Skull":0,"Omamori":0,"Whetstone":0,"Orichalcum":0,"Question Card":0,"Medical Kit":0,"White Beast Statue":0,"Runic Dome":0,"Centennial Puzzle":0,"DollysMirror":0,"Bronze Scales":0,"Bird Faced Urn":0,"Strawberry":0,"Art of War":0,"Bag of Marbles":0,"Ring of the Snake":0}],"Ring of the Snake":[2]},"card_choices":[{"not_picked":["Underhanded Strike","Poisoned Stab"],"picked":"Tactician","floor":1.0},{"not_picked":["Deflect","Bane","Poisoned Stab"],"picked":"SKIP","floor":4.0},{"not_picked":["Flying Knee","Choke","Accuracy"],"picked":"SKIP","floor":5.0},{"not_picked":["Underhanded Strike","Envenom"],"picked":"Acrobatics","floor":7.0},{"not_picked":["Riddle With Holes","Concentrate","Endless Agony"],"picked":"SKIP","floor":10.0},{"not_picked":["Underhanded Strike","Finisher"],"picked":"Blade Dance","floor":11.0},{"not_picked":["Dagger Spray","Deadly Poison","Flying Knee"],"picked":"SKIP","floor":14.0},{"not_picked":["Adrenaline","Envenom"],"picked":"Burst","floor":16.0},{"not_picked":["Catalyst","Accuracy"],"picked":"Blur+1","floor":18.0},{"not_picked":["Setup","Dagger Spray","Tactician"],"picked":"SKIP","floor":20.0},{"not_picked":["Deadly Poison+1","Poisoned Stab+1","Dagger Throw"],"picked":"SKIP","floor":22.0},{"not_picked":["Eviscerate","Burst","Skewer"],"picked":"SKIP","floor":24.0},{"not_picked":["Slice","Poisoned Stab","Crippling Poison"],"picked":"SKIP","floor":25.0},{"not_picked":["After Image","Bane","Quick Slash+1"],"picked":"Backflip+1","floor":29.0},{"not_picked":["Deflect+1","Underhanded Strike","Blur"],"picked":"Sucker Punch+1","floor":31.0},{"not_picked":["Burst","Corpse Explosion","Grand Finale"],"picked":"Venomology","floor":33.0},{"not_picked":["Terror+1","Dagger Spray","Acrobatics"],"picked":"Tactician","floor":35.0},{"not_picked":["Good Instincts","Bandage Up","Panacea"],"picked":"Thinking Ahead","floor":37.0},{"not_picked":["Enlightenment","Impatience","Mayhem"],"picked":"Finesse","floor":37.0},{"not_picked":["Thinking Ahead","Panacea","Impatience"],"picked":"Master of Strategy","floor":37.0},{"not_picked":["Bane+1","Underhanded Strike","Distraction+1","Tactician+1"],"picked":"SKIP","floor":39.0},{"not_picked":["Outmaneuver","Sucker Punch","Deflect","Crippling Poison"],"picked":"SKIP","floor":40.0},{"not_picked":["Poisoned Stab","Quick Slash","Sucker Punch+1","Acrobatics"],"picked":"SKIP","floor":45.0},{"not_picked":["Terror+1","Expertise+1","Outmaneuver+1","Sucker Punch"],"picked":"SKIP","floor":47.0},{"not_picked":["Deadly Poison+1","Caltrops+1","Prepared","Distraction+1"],"picked":"SKIP","floor":48.0}],"player_experience":556310,"relics_obtained":[{"floor":3.0,"key":"Art of War"},{"floor":9.0,"key":"Omamori"},{"floor":10.0,"key":"Bronze Scales"},{"floor":14.0,"key":"Centennial Puzzle"},{"floor":24.0,"key":"Orichalcum"},{"floor":26.0,"key":"Question Card"},{"floor":29.0,"key":"Pen Nib"},{"floor":43.0,"key":"Snake Skull"},{"floor":45.0,"key":"Happy Flower"},{"floor":47.0,"key":"White Beast Statue"}],"event_choices":[{"damage_healed":0.0,"max_hp_gain":0.0,"max_hp_loss":0.0,"gold_gain":0.0,"event_name":"Liars Game","player_choice":"Ignored","floor":2.0,"gold_loss":0.0,"damage_taken":0.0},{"damage_healed":0.0,"max_hp_gain":0.0,"max_hp_loss":0.0,"gold_gain":0.0,"event_name":"The Cleric","player_choice":"Leave","floor":13.0,"gold_loss":0.0,"damage_taken":0.0},{"damage_healed":0.0,"max_hp_gain":0.0,"max_hp_loss":0.0,"gold_gain":0.0,"event_name":"Vampires","player_choice":"Ignored","floor":19.0,"gold_loss":0.0,"damage_taken":0.0},{"damage_healed":0.0,"max_hp_gain":0.0,"max_hp_loss":0.0,"gold_gain":0.0,"event_name":"Beggar","player_choice":"Ignored","floor":21.0,"gold_loss":0.0,"damage_taken":0.0},{"damage_healed":0.0,"max_hp_gain":0.0,"max_hp_loss":0.0,"gold_gain":999.0,"event_name":"MindBloom","player_choice":"Gold","floor":36.0,"gold_loss":0.0,"damage_taken":0.0,"cards_obtained":["Normality","Normality"]},{"damage_healed":0.0,"max_hp_gain":0.0,"max_hp_loss":0.0,"gold_gain":0.0,"event_name":"SensoryStone","player_choice":"Memory 3","floor":37.0,"gold_loss":0.0,"damage_taken":10.0},{"damage_healed":0.0,"max_hp_gain":0.0,"max_hp_loss":0.0,"gold_gain":0.0,"event_name":"Winding Halls","player_choice":"Embrace Madness","floor":38.0,"gold_loss":0.0,"damage_taken":9.0,"cards_obtained":["Madness","Madness"]},{"damage_healed":0.0,"max_hp_gain":0.0,"max_hp_loss":0.0,"gold_gain":0.0,"event_name":"The Woman in Blue","player_choice":"Bought 1 Potion","floor":44.0,"gold_loss":0.0,"damage_taken":0.0}],"is_beta":false,"boss_relics":[{"not_picked":["Calling Bell","SlaversCollar"],"picked":"Runic Dome"},{"not_picked":["Astrolabe","Coffee Dripper"],"picked":"SacredBark"}],"items_purged_floors":[41],"is_endless":false,"potions_floor_spawned":[4,5,7,14,24,25,29,33,45,47,48],"ascension_level":9}}