{"host":"uflv0e3ja7hvnij7","time":1608631848,"event":{"mods":["BaseMod","Conspire","Hubris","Minty Spire (QoL Compilation)","Replay The Spire","StSLib","The Bug Knight"],"gold_per_floor":[118,137,62,237,94,94,122,122,122,156,156,170,186,199,199,199,199],"floor_reached":16,"playtime":1234,"items_purged":["Strike_R"],"score":127,"play_id":"391f1447-757e-4e30-9ade-d349436da9d6","local_time":"20201222051048","is_ascension_mode":true,"campfire_choices":[{"data":"Berserk","floor":6,"key":"SMITH"},{"data":"Life Link","floor":8,"key":"SMITH"},{"floor":15,"key":"REST"}],"circlet_count":0,"master_deck":["Strike_R","Strike_R","Strike_R","Defend_R","Defend_R","Defend_R","Bash","Life Link+1","Berserk+1","Headbutt","Doubt","Warcry","Shrug It Off","Fiend Fire"],"relics":["Burning Blood","Orichalcum","Matryoshka","hubris:TinFlute","conspire:Flyswatter","Ancient Tea Set"],"acts_visited":["Exordium"],"potions_floor_usage":[11,13,14,14,14,14,14,16,16],"damage_taken":[{"damage":4,"enemies":"2 Louse","floor":1,"turns":3},{"damage":0,"enemies":"Small Slimes","floor":2,"turns":3},{"damage":21,"enemies":"Replay:BlueRogue","floor":7,"turns":6},{"damage":20,"enemies":"Lagavulin","floor":10,"turns":7},{"damage":12,"enemies":"Jaw Worm","floor":12,"turns":2},{"damage":4,"enemies":"Gremlin Gang","floor":13,"turns":3},{"damage":34,"enemies":"Exordium Thugs","floor":14,"turns":5},{"damage":46,"enemies":"Fading Forest","floor":16,"turns":9}],"seed_played":"6329993689067841974","potions_obtained":[{"floor":2,"key":"Energy Potion"},{"floor":7,"key":"FearPotion"},{"floor":11,"key":"Fruit Juice"},{"floor":11,"key":"Toxic Potion"},{"floor":13,"key":"ColorlessPotion"}],"is_trial":false,"path_per_floor":["M","M","$","?","$","R","E","R","T","E","?","M","M","M","R","B"],"character_chosen":"IRONCLAD","items_purchased":["Orichalcum"],"campfire_rested":1,"item_purchase_floors":[5],"current_hp_per_floor":[58,64,64,64,64,64,49,49,49,35,40,34,36,13,38,0,0],"gold":199,"neow_bonus":"TRANSFORM_TWO_CARDS","is_daily":false,"chose_seed":false,"campfire_upgraded":2,"win_rate":0.0,"timestamp":1608631848,"path_taken":["M","M","$","?","$","R","E","R","T","E","?","M","M","?","R","BOSS"],"items_purchased_type":["Relic"],"build_version":"2020-12-13","purchased_purges":1,"victory":false,"max_hp_per_floor":[80,80,80,80,80,80,80,80,80,80,85,85,85,85,85,85,85],"card_choices":[{"not_picked":["Rampage","Twin Strike"],"picked":"Headbutt","floor":1},{"not_picked":["Clash","Replay:Undeath\u0027s Touch","Heavy Blade"],"picked":"SKIP","floor":2},{"not_picked":["Dual Wield","Burning Pact"],"picked":"Warcry","floor":7},{"not_picked":["Second Wind","Warcry","Heavy Blade"],"picked":"SKIP","floor":10},{"not_picked":["hubris:CleavingFinish","Warcry"],"picked":"Shrug It Off","floor":12},{"not_picked":["Iron Wave","Evolve","Blood for Blood"],"picked":"SKIP","floor":13},{"not_picked":["ReplayTheSpireMod:LeadingStrike","Feel No Pain"],"picked":"Fiend Fire","floor":14}],"player_experience":261175,"relics_obtained":[{"floor":7,"key":"Matryoshka"},{"floor":9,"key":"hubris:TinFlute"},{"floor":9,"key":"conspire:Flyswatter"},{"floor":10,"key":"Ancient Tea Set"}],"event_choices":[{"damage_healed":0,"gold_gain":175,"player_choice":"AGREE","damage_taken":0,"max_hp_gain":0,"max_hp_loss":0,"event_name":"Liars Game","floor":4,"gold_loss":0,"cards_obtained":["Doubt"]},{"damage_healed":0,"gold_gain":0,"player_choice":"Got Potions","damage_taken":0,"max_hp_gain":0,"max_hp_loss":0,"event_name":"Lab","floor":11,"gold_loss":0}],"is_beta":false,"boss_relics":[],"items_purged_floors":[3],"is_endless":false,"potions_floor_spawned":[2,7,13],"killed_by":"Fading Forest","ascension_level":3}}