{"host":"30jsp143e4v19aze","time":1608663214,"event":{"mods":["BaseMod","Colored Map","Colored Powertips","Curses Come First","DeckTracker","Highlight Path","Minty Spire (QoL Compilation)","Quick Restart","Relic Stats","StSLib"],"gold_per_floor":[119,119,133,57,75,75,100,100,150,179,198,198,198,83,83,154,154,164,111,122,122,145,145,35,35,35,35,35,35],"floor_reached":28,"playtime":875,"items_purged":["Strike_G"],"score":422,"play_id":"e43ae80f-324d-49f9-9a6c-2770628d8170","local_time":"20201222195334","is_ascension_mode":true,"campfire_choices":[{"data":"Endless Agony","floor":6,"key":"SMITH"},{"data":"Dagger Spray","floor":8,"key":"SMITH"},{"floor":13,"key":"REST"},{"data":"Footwork","floor":15,"key":"SMITH"},{"data":"Infinite Blades","floor":23,"key":"SMITH"},{"data":"PiercingWail","floor":27,"key":"SMITH"}],"circlet_count":0,"master_deck":["AscendersBane","Strike_G","Strike_G","Strike_G","Defend_G","Defend_G","Defend_G","Defend_G","Defend_G","Survivor","Neutralize","Sucker Punch","Endless Agony+1","Dagger Spray+1","Footwork+1","Phantasmal Killer","PiercingWail+1","Infinite Blades+1","Shame"],"relics":["Busted Crown","Bronze Scales","Vajra","Blue Candle","WristBlade","Pen Nib","The Courier","Sundial"],"acts_visited":["Exordium","TheCity"],"potions_floor_usage":[7,10,16],"damage_taken":[{"damage":1,"enemies":"Small Slimes","floor":1,"turns":5},{"damage":3,"enemies":"Cultist","floor":3,"turns":4},{"damage":2,"enemies":"Jaw Worm","floor":5,"turns":4},{"damage":21,"enemies":"3 Sentries","floor":7,"turns":13},{"damage":16,"enemies":"Lagavulin","floor":10,"turns":7},{"damage":0,"enemies":"2 Fungi Beasts","floor":11,"turns":3},{"damage":20,"enemies":"Hexaghost","floor":16,"turns":11},{"damage":13,"enemies":"Spheric Guardian","floor":18,"turns":4},{"damage":1,"enemies":"3 Byrds","floor":20,"turns":2},{"damage":62,"enemies":"Gremlin Leader","floor":28,"turns":5}],"seed_played":"1840834544305885809","potions_obtained":[{"floor":1,"key":"Dexterity Potion"},{"floor":2,"key":"Swift Potion"},{"floor":2,"key":"Poison Potion"},{"floor":3,"key":"SteroidPotion"},{"floor":10,"key":"DistilledChaos"},{"floor":11,"key":"DuplicationPotion"}],"is_trial":false,"path_per_floor":["M","?","M","$","M","R","E","R","T","E","M","?","R","$","R","B",null,"M","$","M","?","T","R","$","?","T","R","E"],"character_chosen":"THE_SILENT","items_purchased":["Endless Agony","Footwork","PiercingWail","FairyPotion"],"campfire_rested":1,"item_purchase_floors":[4,14,19,24],"current_hp_per_floor":[58,58,55,55,53,53,32,32,32,16,16,9,28,28,28,8,52,39,39,38,38,38,38,38,38,38,38,0,0],"gold":35,"neow_bonus":"BOSS_RELIC","is_daily":false,"chose_seed":false,"campfire_upgraded":5,"win_rate":0.0,"timestamp":1608663214,"path_taken":["M","?","M","$","?","R","E","R","T","E","M","?","R","$","R","BOSS","M","$","M","?","?","R","$","?","T","R","E"],"items_purchased_type":["Card","Card","Card","Potion"],"build_version":"2020-12-13","purchased_purges":1,"victory":false,"max_hp_per_floor":[66,66,66,66,66,66,66,66,66,66,66,66,66,66,66,66,66,66,66,66,66,66,66,66,66,66,66,66,66],"relic_stats":{"Busted Crown":18,"counters":[10,58],"Sundial":[0],"Bronze Scales":[170],"Blue Candle":[0],"Pen Nib":[1],"obtain_stats":[{"Busted Crown":0,"WristBlade":17,"Sundial":26,"Bronze Scales":7,"Blue Candle":10,"Vajra":9,"Pen Nib":22,"The Courier":25,"Ring of the Snake":0},{"Busted Crown":0,"WristBlade":7,"Sundial":9,"Bronze Scales":4,"Blue Candle":5,"Vajra":4,"Pen Nib":9,"The Courier":9,"Ring of the Snake":0},{"Busted Crown":0,"WristBlade":47,"Sundial":53,"Bronze Scales":26,"Blue Candle":33,"Vajra":26,"Pen Nib":53,"The Courier":53,"Ring of the Snake":0}]},"card_choices":[{"not_picked":[],"picked":"Sucker Punch","floor":1},{"not_picked":["Flechettes"],"picked":"SKIP","floor":3},{"not_picked":["Sucker Punch"],"picked":"SKIP","floor":5},{"not_picked":[],"picked":"Dagger Spray","floor":7},{"not_picked":["Flechettes"],"picked":"SKIP","floor":10},{"not_picked":["Heel Hook"],"picked":"SKIP","floor":11},{"not_picked":[],"picked":"Phantasmal Killer","floor":16},{"not_picked":["Distraction"],"picked":"SKIP","floor":18},{"not_picked":["PiercingWail"],"picked":"SKIP","floor":20}],"player_experience":3059900,"relics_obtained":[{"floor":7,"key":"Bronze Scales"},{"floor":9,"key":"Vajra"},{"floor":10,"key":"Blue Candle"},{"floor":22,"key":"Pen Nib"},{"floor":26,"key":"Sundial"}],"event_choices":[{"damage_healed":0,"gold_gain":0,"player_choice":"Got Potions","damage_taken":0,"max_hp_gain":0,"max_hp_loss":0,"event_name":"Lab","floor":2,"gold_loss":0},{"cards_removed":["Strike_G"],"damage_healed":0,"gold_gain":0,"player_choice":"Card Removal","damage_taken":7,"max_hp_gain":0,"max_hp_loss":0,"event_name":"Golden Wing","floor":12,"gold_loss":0},{"damage_healed":0,"gold_gain":0,"player_choice":"Read","damage_taken":0,"max_hp_gain":0,"max_hp_loss":0,"event_name":"The Library","floor":21,"gold_loss":0,"cards_obtained":["Infinite Blades"]},{"damage_healed":0,"gold_gain":0,"player_choice":"Stole Relic","damage_taken":0,"relics_obtained":["The Courier"],"max_hp_gain":0,"max_hp_loss":0,"event_name":"Addict","floor":25,"gold_loss":0,"cards_obtained":["Shame"]}],"is_beta":false,"boss_relics":[{"not_picked":["Runic Pyramid","Tiny House"],"picked":"WristBlade"}],"items_purged_floors":[14],"is_endless":false,"potions_floor_spawned":[1,3,10,11],"killed_by":"Gremlin Leader","ascension_level":18}}