{"host":"0m9qzqwuh9r40nrk","time":1608627186,"event":{"mods":["BaseMod","Downfall","Hermit","Minty Spire (QoL Compilation)","Replay The Spire","StSLib","The Animator","The Cursed","The Servant 0.9.4"],"gold_per_floor":[112,126,126,142,157,157,182,182,182,199,219,230,242,6,6,6,6,101,101,118,130,130,80,93,134,134,134,134],"floor_reached":27,"playtime":3576,"items_purged":["hermit:Strike_Hermit","hermit:Defend_Hermit"],"score":237,"play_id":"c9c8c3d9-fb4b-4be0-b62c-a002432d46f0","local_time":"20201222005306","is_ascension_mode":false,"campfire_choices":[{"data":"hermit:OverwhelmingPower","floor":6,"key":"SMITH"},{"data":"RitualDagger","floor":26,"key":"SMITH"}],"circlet_count":0,"master_deck":["hermit:Strike_Hermit","hermit:Strike_Hermit","hermit:Strike_Hermit","hermit:Defend_Hermit","hermit:Defend_Hermit","hermit:Defend_Hermit","hermit:Snapshot","hermit:Covet","hermit:Roulette","hermit:Quickdraw","hermit:TakeAim","hermit:OverwhelmingPower+1","hermit:Dive","Pain","hermit:Gestalt","hermit:Vantage","hermit:Deadeye+1","hermit:Glare","hermit:PistolWhip","hermit:FinalCanter","hermit:Headshot","hermit:Headshot+1","RitualDagger+1","hermit:Scavenge+1","hermit:RoundhouseKick"],"relics":["hermit:Momento","NeowsBlessing","Smiling Mask","Question Card","WarpedTongs","Lantern","Akabeko","Ring of Chaos","Meat on the Bone"],"acts_visited":["Exordium","TheCity"],"potions_floor_usage":[18,18,24,25,25],"damage_taken":[{"damage":0,"enemies":"Jaw Worm","floor":1,"turns":1},{"damage":0,"enemies":"Small Slimes","floor":2,"turns":1},{"damage":0,"enemies":"Cultist","floor":4,"turns":1},{"damage":13,"enemies":"Large Slime","floor":5,"turns":6},{"damage":34,"enemies":"Gremlin Nob","floor":7,"turns":4},{"damage":1,"enemies":"2 Fungi Beasts","floor":10,"turns":3},{"damage":3,"enemies":"3 Louse","floor":11,"turns":4},{"damage":2,"enemies":"Exordium Thugs","floor":12,"turns":5},{"damage":1,"enemies":"Looter","floor":13,"turns":3},{"damage":19,"enemies":"Hexaghost","floor":18,"turns":9},{"damage":0,"enemies":"Chosen","floor":20,"turns":3},{"damage":11,"enemies":"Shell Parasite","floor":21,"turns":6},{"damage":15,"enemies":"Snake Plant","floor":24,"turns":3},{"damage":8,"enemies":"Replay:Snechameleon","floor":25,"turns":7},{"damage":36,"enemies":"Slavers","floor":27,"turns":2}],"seed_played":"-6211078239507967578","potions_obtained":[{"floor":7,"key":"Strength Potion"},{"floor":10,"key":"sneckomod:MuddlingPotion"},{"floor":11,"key":"Elixir"},{"floor":12,"key":"BlessingOfTheForge"},{"floor":18,"key":"GamblersBrew"},{"floor":20,"key":"DuplicationPotion"},{"floor":24,"key":"Elixir"}],"is_trial":false,"path_per_floor":["M","M","?","M","M","R","E","?","T","M","M","M","M","$","PTL","PTL","R","B",null,"M","M","?","$","M","E","R","E"],"character_chosen":"HERMIT","items_purchased":["hermit:PistolWhip","Akabeko"],"campfire_rested":0,"item_purchase_floors":[14,14],"current_hp_per_floor":[75,75,72,72,59,59,25,25,25,24,21,19,18,18,18,18,40,21,75,75,64,58,58,43,35,35,0,0],"gold":134,"neow_bonus":"THREE_ENEMY_KILL","is_daily":false,"chose_seed":false,"campfire_upgraded":2,"win_rate":0.0,"timestamp":1608627186,"path_taken":["M","M","?","M","M","R","E","?","T","M","M","M","M","$","PTL","PTL","R","BOSS","M","M","?","$","M","E","R","E"],"items_purchased_type":["Card","Relic"],"build_version":"2020-12-13","purchased_purges":2,"victory":false,"max_hp_per_floor":[75,75,75,75,75,75,75,75,75,75,75,75,75,75,75,75,75,75,75,75,75,75,75,75,75,75,75,75],"card_choices":[{"not_picked":["hermit:ItchyTrigger","hermit:FullyLoaded"],"picked":"hermit:Roulette","floor":1},{"not_picked":["hermit:Malice","hermit:HighCaliber"],"picked":"hermit:Quickdraw","floor":2},{"not_picked":["hermit:Brawl","hermit:HoleUp"],"picked":"hermit:TakeAim","floor":4},{"not_picked":["hermit:BodyArmor","hermit:HoleUp"],"picked":"hermit:OverwhelmingPower","floor":5},{"not_picked":["hermit:LoneWolf","hermit:Feint"],"picked":"hermit:Dive","floor":7},{"not_picked":["hermit:BigShot","hermit:Dive","hermit:HoleUp"],"picked":"hermit:Gestalt","floor":10},{"not_picked":["hermit:Headshot","hermit:BodyArmor","hermit:TrackingShot"],"picked":"hermit:Vantage","floor":11},{"not_picked":["hermit:Roulette","hermit:DeadMansHand","hermit:LowProfile"],"picked":"hermit:Deadeye","floor":12},{"not_picked":["hermit:LowProfile","hermit:Misfire","hermit:SprayPray"],"picked":"hermit:Glare","floor":13},{"not_picked":["hermit:BlackWind","hermit:Reprieve","hermit:FatalDesire"],"picked":"hermit:FinalCanter","floor":18},{"not_picked":["hermit:Roulette","hermit:Determination","hermit:Quickdraw"],"picked":"hermit:Headshot","floor":20},{"not_picked":["hermit:ItchyTrigger","hermit:CursedWeapon+1","hermit:Dive"],"picked":"hermit:Headshot+1","floor":21},{"not_picked":["hermit:Vantage","hermit:CalledShot","hermit:Snipe"],"picked":"hermit:Scavenge+1","floor":24},{"not_picked":["hermit:Determination+1","hermit:CalledShot","hermit:Grudge+1"],"picked":"hermit:RoundhouseKick","floor":25}],"player_experience":420489,"relics_obtained":[{"floor":7,"key":"Question Card"},{"floor":9,"key":"Lantern"},{"floor":25,"key":"Meat on the Bone"}],"event_choices":[{"damage_healed":0,"gold_gain":0,"player_choice":"Success","damage_taken":3,"relics_obtained":["Smiling Mask"],"max_hp_gain":0,"max_hp_loss":0,"event_name":"Scrap Ooze","floor":3,"gold_loss":0},{"damage_healed":0,"gold_gain":0,"player_choice":"Rummage","damage_taken":0,"relics_obtained":["WarpedTongs"],"max_hp_gain":0,"max_hp_loss":0,"event_name":"Accursed Blacksmith","floor":8,"gold_loss":0,"cards_obtained":["Pain"]},{"damage_healed":0,"gold_gain":0,"player_choice":"Joined the Cult","damage_taken":6,"max_hp_gain":0,"max_hp_loss":0,"event_name":"Nest","floor":22,"gold_loss":0,"cards_obtained":["RitualDagger"]}],"is_beta":false,"boss_relics":[{"not_picked":["Painkiller Herb","Replay:Drink Me"],"picked":"Ring of Chaos"}],"items_purged_floors":[14,23],"is_endless":false,"potions_floor_spawned":[7,10,11,12,18,20,24],"killed_by":"Slavers","ascension_level":0}}