{"host":"6to0pdz5g3mubtyg","time":1608680488,"event":{"mods":["Act Like it!","Aspiration","BaseMod","BetterRewards","Colored Map","Energized Spire","Hallownest","Highlight Path","Infinite Spire","Jorbs\u0027s Wanderer Trilogy","Minty Spire (QoL Compilation)","Shade Mod","StSLib","The Animator","The Blue Laboratory","The Bug Knight"],"gold_per_floor":[115,115,40,53,53,81,94,94,117,136,171,171,202,48,48,48,48],"floor_reached":16,"playtime":662,"items_purged":["Strike_B"],"score":150,"play_id":"71f89e7d-1bbc-4913-9d6a-9380b04eb9ac","local_time":"20201222164128","is_ascension_mode":true,"campfire_choices":[{"floor":12.0,"key":"REST"},{"floor":15.0,"key":"REST"}],"circlet_count":0,"master_deck":["Strike_B","Strike_B","Strike_B","Defend_B","Defend_B","Defend_B","Defend_B","Zap","Dualcast","Force Field","Capacitor","Darkness","Redo"],"relics":["Ring of the Snake","NeowsBlessing","infinitespire:Cubic Diamond","aspiration:FrozenJewel","Letter Opener","CultistMask","Lantern","aspiration:ChemicalBlood","Juzu Bracelet","aspiration:Nostalgia","animator:LivingPicture"],"acts_visited":["Exordium"],"potions_floor_usage":[16,16,16],"damage_taken":[{"damage":0.0,"enemies":"Jaw Worm","floor":1.0,"turns":1.0},{"damage":0.0,"enemies":"Small Slimes","floor":4.0,"turns":1.0},{"damage":0.0,"enemies":"3 Sentries","floor":6.0,"turns":1.0},{"damage":7.0,"enemies":"Cultist","floor":7.0,"turns":5.0},{"damage":12.0,"enemies":"Red Slaver","floor":10.0,"turns":4.0},{"damage":49.0,"enemies":"Gremlin Nob","floor":11.0,"turns":6.0},{"damage":27.0,"enemies":"3 Sentries","floor":13.0,"turns":8.0},{"damage":25,"enemies":"The Guardian","floor":16,"turns":10}],"seed_played":"-2844900578372095815","potions_obtained":[{"floor":1.0,"key":"Dexterity Potion"},{"floor":6.0,"key":"blueLaboratory:LouseDecoction"},{"floor":11.0,"key":"SmokeBomb"},{"floor":13.0,"key":"blueLaboratory:TrueEctoplasm"}],"is_trial":false,"path_per_floor":["M","?","$","M","T","E","M","?","T","M","E","R","E","$","R","B"],"character_chosen":"DEFECT","items_purchased":["aspiration:Nostalgia"],"campfire_rested":2,"item_purchase_floors":[14],"current_hp_per_floor":[75,75,75,75,75,75,68,68,68,56,7,29,2,2,24,0,0],"gold":48,"neow_bonus":"THREE_ENEMY_KILL","is_daily":false,"chose_seed":false,"campfire_upgraded":0,"win_rate":0.0,"timestamp":1608680488,"path_taken":["M","?","$","M","?","E","?","?","T","?","E","R","E","?","R","BOSS"],"items_purchased_type":["Relic"],"build_version":"2020-12-13","purchased_purges":1,"victory":false,"max_hp_per_floor":[75,75,75,75,75,75,75,75,75,75,75,75,75,75,75,75,75],"card_choices":[{"not_picked":["Rebound","Streamline","Stack"],"picked":"SKIP","floor":1.0},{"not_picked":["Steam Power","Stack"],"picked":"Force Field","floor":4.0},{"not_picked":["Leap","All For One"],"picked":"Capacitor","floor":6.0},{"not_picked":["Steam Power","Conserve Battery","Beam Cell"],"picked":"SKIP","floor":7.0},{"not_picked":["Stack","Chill"],"picked":"Darkness","floor":10.0},{"not_picked":["Gash","Force Field"],"picked":"Redo","floor":11.0},{"not_picked":["Gash","Stack","Reboot"],"picked":"SKIP","floor":13.0}],"player_experience":215855,"relics_obtained":[{"floor":5.0,"key":"aspiration:FrozenJewel"},{"floor":6.0,"key":"Letter Opener"},{"floor":9.0,"key":"Lantern"},{"floor":11.0,"key":"aspiration:ChemicalBlood"},{"floor":13.0,"key":"Juzu Bracelet"}],"event_choices":[{"damage_healed":0.0,"max_hp_gain":0.0,"max_hp_loss":0.0,"gold_gain":0.0,"event_name":"FaceTrader","player_choice":"Trade","floor":8.0,"gold_loss":0.0,"damage_taken":0.0,"relics_obtained":["CultistMask"]}],"is_beta":false,"boss_relics":[],"items_purged_floors":[3],"is_endless":false,"potions_floor_spawned":[1,6,11,13],"killed_by":"The Guardian","ascension_level":1}}