{"host":"zksvs3x2ysy9npnz","time":1608597683,"event":{"mods":["Aspiration","BaseMod","Beaked The Cultist","BetterRewards","CatGirl Mod","Clockwork Mod","Conspire","Energized Spire","Fiend Mod","Friendly Minions","Halation","Hermit","Highlight Path","Hubris","Jedi Mod","Mathemortician","Minty Spire (QoL Compilation)","Permanent Neow","Quick Restart","Relic Stats","Replay The Spire","Shop Mod","StSLib","SuperFastMode","The Blackbeard","The Bladedancer","The Construct"],"gold_per_floor":[109,109,128,140,153,153,181,181,181,181,215,215,72,99,99,173,173,183,123,159,171,190,190,190,190],"floor_reached":24,"playtime":1854,"items_purged":["beaked:Strike_Y"],"score":436,"play_id":"ee0dedf7-c868-4574-968a-9f4203c859af","local_time":"20201222014123","is_ascension_mode":true,"campfire_choices":[{"data":"beaked:SurvivalInstinct","floor":6,"key":"SMITH"},{"floor":8,"key":"RECALL"},{"data":"beaked:Ceremony","floor":10,"key":"SMITH"},{"data":"beaked:Ceremony","floor":12,"key":"SMITH"},{"floor":15,"key":"DIG"},{"floor":23,"key":"DIG"}],"circlet_count":0,"master_deck":["AscendersBane","beaked:Strike_Y","beaked:Strike_Y","beaked:Strike_Y","beaked:Strike_Y","beaked:Strike_Y","beaked:Defend_Y","beaked:Defend_Y","beaked:Defend_Y","beaked:Defend_Y","beaked:Ceremony+1","beaked:Ceremony+1","beaked:Ceremony","beaked:SurvivalInstinct+1","beaked:Insight","beaked:BraceForImpact","beaked:Foresight","beaked:BraceForImpact","beaked:Windmill","beaked:MaddeningMurmurs","beaked:MachineSpirit","beaked:StickSmack","beaked:Resilience"],"relics":["beaked:MendingPlumage","aspiration:Nostalgia","Fiend:FiendTotem","Torii","halation:SwordOfLegend","Girya","conspire:TopHat","Shovel","Replay:Baseball","conspire:SpecialSausage","Snack Pack","Centennial Puzzle"],"acts_visited":["Exordium","TheCity"],"potions_floor_usage":[11,16,18,22],"damage_taken":[{"damage":0,"enemies":"2 Louse","floor":1,"turns":3},{"damage":32,"enemies":"Small Slimes","floor":3,"turns":10},{"damage":9,"enemies":"Jaw Worm","floor":4,"turns":6},{"damage":24,"enemies":"Lots of Slimes","floor":5,"turns":11},{"damage":50,"enemies":"Gremlin Nob","floor":7,"turns":5},{"damage":23,"enemies":"3 Sentries","floor":11,"turns":9},{"damage":0,"enemies":"Lagavulin","floor":14,"turns":7},{"damage":51,"enemies":"Slime Boss","floor":16,"turns":11},{"damage":39,"enemies":"3 Byrds","floor":18,"turns":6},{"damage":27,"enemies":"conspire:MimicChest","floor":20,"turns":10},{"damage":18,"enemies":"Spheric Guardian","floor":21,"turns":6},{"damage":54,"enemies":"Chosen and Byrds","floor":22,"turns":8},{"damage":62,"enemies":"Gremlin Leader","floor":24,"turns":4}],"seed_played":"-504422580676288458","potions_obtained":[{"floor":4,"key":"Dexterity Potion"},{"floor":14,"key":"Doom Potion"},{"floor":16,"key":"AttackPotion"},{"floor":20,"key":"ColorlessPotion"}],"is_trial":false,"path_per_floor":["M","?","M","M","M","R","E","R","T","R","E","R","$","E","R","B",null,"M","?","?","M","M","R","E"],"character_chosen":"BEAKED_THE_CULTIST","items_purchased":["beaked:MaddeningMurmurs"],"campfire_rested":0,"item_purchase_floors":[13],"current_hp_per_floor":[50,47,38,44,50,50,12,11,11,11,18,21,21,50,50,32,46,37,37,50,49,19,28,0,0],"gold":190,"neow_bonus":"NOSTALGIA","is_daily":false,"chose_seed":false,"campfire_upgraded":3,"win_rate":0.0,"timestamp":1608597683,"path_taken":["M","?","M","M","M","R","E","R","T","R","E","R","$","E","R","BOSS","M","?","?","M","?","R","E"],"items_purchased_type":["Card"],"build_version":"2020-12-13","purchased_purges":1,"victory":false,"max_hp_per_floor":[50,50,50,50,50,50,50,50,50,50,50,50,50,50,50,50,50,50,50,50,50,50,50,50,50],"relic_stats":{"Centennial Puzzle":[3],"Shovel":2,"Torii":33,"counters":[13,95],"obtain_stats":[{"Girya":9,"halation:SwordOfLegend":7,"Replay:Baseball":15,"Centennial Puzzle":23,"Shovel":14,"Torii":2,"aspiration:Nostalgia":0,"conspire:SpecialSausage":17,"Snack Pack":20,"beaked:MendingPlumage":0,"Fiend:FiendTotem":0,"conspire:TopHat":11},{"Girya":5,"halation:SwordOfLegend":5,"Replay:Baseball":7,"Centennial Puzzle":12,"Shovel":7,"Torii":1,"aspiration:Nostalgia":0,"conspire:SpecialSausage":8,"Snack Pack":10,"beaked:MendingPlumage":0,"Fiend:FiendTotem":0,"conspire:TopHat":6},{"Girya":35,"halation:SwordOfLegend":35,"Replay:Baseball":51,"Centennial Puzzle":91,"Shovel":51,"Torii":3,"aspiration:Nostalgia":0,"conspire:SpecialSausage":61,"Snack Pack":77,"beaked:MendingPlumage":0,"Fiend:FiendTotem":0,"conspire:TopHat":44}]},"card_choices":[{"not_picked":["beaked:DigDeep","beaked:MimicMachine"],"picked":"beaked:SurvivalInstinct","floor":1},{"not_picked":["beaked:Tradeoff","beaked:WarriorEssence"],"picked":"beaked:Insight","floor":3},{"not_picked":["beaked:StunningBlow","beaked:Poke"],"picked":"beaked:BraceForImpact","floor":4},{"not_picked":["beaked:WindBringer","beaked:Windmill"],"picked":"beaked:Foresight","floor":5},{"not_picked":["beaked:TuckingFeathers","beaked:Tweet"],"picked":"beaked:BraceForImpact","floor":7},{"not_picked":["beaked:Poke","beaked:Devastation"],"picked":"beaked:Windmill","floor":11},{"not_picked":["beaked:CursingBlood","beaked:SacrificialAttack","beaked:WarriorEssence"],"picked":"SKIP","floor":14},{"not_picked":["beaked:Daydream","beaked:Recite"],"picked":"beaked:MachineSpirit","floor":18},{"not_picked":["beaked:FeelMyPain","beaked:DigDeep"],"picked":"beaked:StickSmack","floor":20},{"not_picked":["beaked:TuckingFeathers","beaked:Tradeoff","beaked:WarriorEssence"],"picked":"SKIP","floor":21},{"not_picked":["beaked:SacrificialAttack","beaked:FeelMyPain"],"picked":"beaked:Resilience","floor":22}],"player_experience":1527232,"relics_obtained":[{"floor":7,"key":"halation:SwordOfLegend"},{"floor":9,"key":"Girya"},{"floor":11,"key":"conspire:TopHat"},{"floor":14,"key":"Shovel"},{"floor":15,"key":"Replay:Baseball"},{"floor":20,"key":"Snack Pack"},{"floor":23,"key":"Centennial Puzzle"}],"event_choices":[{"damage_healed":0,"gold_gain":0,"player_choice":"Success","damage_taken":3,"relics_obtained":["Torii"],"max_hp_gain":0,"max_hp_loss":0,"event_name":"Scrap Ooze","floor":2,"gold_loss":0}],"is_beta":false,"boss_relics":[{"not_picked":["conspire:SlowCooker","halation:PinkAlligatorPlush"],"picked":"conspire:SpecialSausage"}],"items_purged_floors":[13],"is_endless":false,"potions_floor_spawned":[4,14,16,20],"killed_by":"Gremlin Leader","ascension_level":13}}