{"host":"q87smtchbkq9l0at","time":1608641652,"event":{"mods":["BaseMod","Colored Map","Colored Powertips","Minty Spire (QoL Compilation)","Quick Restart","StSLib","SuperFastMode","noobMod"],"gold_per_floor":[111,131,148,148,165,194,93,109,161,61,71,246,260,272,272,376,376,389,407,91,91,101,127,127,156,156,173,173,184,211,230,230,333,333,345,356,372,389,136,167,167,192,192,222,236,236,286,314,314,314,314,314,167,195,195],"floor_reached":56,"playtime":2942,"items_purged":["Strike_R","Strike_R","Doubt","Parasite"],"score":1682,"play_id":"4573a178-0fed-4ac7-bb3e-46803e1028ce","local_time":"20201222205412","is_ascension_mode":true,"campfire_choices":[{"data":"Warcry","floor":15.0,"key":"SMITH"},{"floor":24.0,"key":"REST"},{"floor":28.0,"key":"REST"},{"floor":32.0,"key":"REST"},{"data":"Limit Break","floor":41.0,"key":"SMITH"},{"floor":46.0,"key":"RECALL"},{"data":"1","floor":49.0,"key":"LIFT"},{"data":"2","floor":52.0,"key":"LIFT"}],"circlet_count":0,"master_deck":["Strike_R","Defend_R","Defend_R","Defend_R","Bash","Iron Wave+1","Disarm","Headbutt+1","Pommel Strike","Iron Wave+1","Warcry+1","Berserk","Spot Weakness","Impervious","CurseOfTheBell","Shrug It Off","Heavy Blade","Armaments+1","Seeing Red","Exhume","Shrug It Off","Battle Trance+1","Limit Break+1","Uppercut+1","Intimidate+1","Dark Embrace+1","Bloodletting","Barricade","Pommel Strike+1","Pummel+1"],"relics":["Burning Blood","ice","Pocketwatch","MealTicket","Pen Nib","Calling Bell","Tiny Chest","Kunai","Magic Flower","Ornamental Fan","Whetstone","Singing Bowl","Astrolabe","Happy Flower","Bronze Scales","Girya","Juzu Bracelet","Thread and Needle","CaptainsWheel","Orrery","Oddly Smooth Stone"],"acts_visited":["Exordium","TheCity","TheBeyond","TheEnding"],"potions_floor_usage":[55,55],"damage_taken":[{"damage":0.0,"enemies":"Small Slimes","floor":1.0,"turns":3.0},{"damage":1.0,"enemies":"Cultist","floor":2.0,"turns":3.0},{"damage":3.0,"enemies":"2 Louse","floor":3.0,"turns":2.0},{"damage":2.0,"enemies":"Large Slime","floor":5.0,"turns":6.0},{"damage":17.0,"enemies":"3 Sentries","floor":6.0,"turns":7.0},{"damage":3.0,"enemies":"Red Slaver","floor":8.0,"turns":5.0},{"damage":1.0,"enemies":"Blue Slaver","floor":11.0,"turns":4.0},{"damage":24.0,"enemies":"Large Slime","floor":13.0,"turns":5.0},{"damage":4.0,"enemies":"2 Fungi Beasts","floor":14.0,"turns":4.0},{"damage":0.0,"enemies":"Hexaghost","floor":16.0,"turns":7.0},{"damage":38.0,"enemies":"Shell Parasite","floor":18.0,"turns":8.0},{"damage":16.0,"enemies":"Chosen","floor":19.0,"turns":5.0},{"damage":12.0,"enemies":"Centurion and Healer","floor":22.0,"turns":9.0},{"damage":45.0,"enemies":"Book of Stabbing","floor":23.0,"turns":7.0},{"damage":8.0,"enemies":"Gremlin Leader","floor":25.0,"turns":9.0},{"damage":19.0,"enemies":"Snake Plant","floor":27.0,"turns":6.0},{"damage":20.0,"enemies":"Snecko","floor":29.0,"turns":6.0},{"damage":76.0,"enemies":"Slavers","floor":30.0,"turns":6.0},{"damage":34.0,"enemies":"Shelled Parasite and Fungi","floor":31.0,"turns":8.0},{"damage":12.0,"enemies":"Champ","floor":33.0,"turns":14.0},{"damage":29.0,"enemies":"Orb Walker","floor":35.0,"turns":6.0},{"damage":66.0,"enemies":"3 Darklings","floor":36.0,"turns":7.0},{"damage":0.0,"enemies":"Maw","floor":37.0,"turns":9.0},{"damage":2.0,"enemies":"Writhing Mass","floor":38.0,"turns":8.0},{"damage":79.0,"enemies":"Giant Head","floor":40.0,"turns":11.0},{"damage":14.0,"enemies":"Nemesis","floor":42.0,"turns":5.0},{"damage":43.0,"enemies":"Reptomancer","floor":44.0,"turns":3.0},{"damage":3.0,"enemies":"Jaw Worm Horde","floor":45.0,"turns":4.0},{"damage":3.0,"enemies":"Mind Bloom Boss Battle","floor":47.0,"turns":5.0},{"damage":6.0,"enemies":"Giant Head","floor":48.0,"turns":5.0},{"damage":3.0,"enemies":"Awakened One","floor":50.0,"turns":5.0},{"damage":185,"enemies":"Shield and Spear","floor":54,"turns":7},{"damage":70,"enemies":"The Heart","floor":55,"turns":8}],"seed_played":"5055722120014321770","potions_obtained":[{"floor":1.0,"key":"Fire Potion"},{"floor":3.0,"key":"ColorlessPotion"},{"floor":6.0,"key":"SkillPotion"},{"floor":11.0,"key":"Strength Potion"},{"floor":14.0,"key":"FairyPotion"},{"floor":21.0,"key":"Explosive Potion"},{"floor":25.0,"key":"CultistPotion"},{"floor":30.0,"key":"PowerPotion"},{"floor":31.0,"key":"BloodPotion"},{"floor":33.0,"key":"Weak Potion"},{"floor":38.0,"key":"Dexterity Potion"},{"floor":40.0,"key":"SkillPotion"},{"floor":45.0,"key":"PowerPotion"}],"is_trial":false,"path_per_floor":["M","M","M","?","M","E","$","M","T","$","M","?","M","M","R","B",null,"M","M","$","?","M","E","R","E","T","M","R","M","E","M","R","B",null,"M","M","M","M","$","E","R","E","T","E","M","R","?","E","R","B",null,"R","$","E","B",null],"character_chosen":"IRONCLAD","items_purchased":["Warcry","Shrug It Off","HeartOfIron","Heavy Blade","Fruit Juice","Orrery"],"campfire_rested":3,"item_purchase_floors":[7,20,20,20,39,53],"current_hp_per_floor":[62,67,70,70,74,63,78,80,80,80,80,80,62,64,64,70,80,51,44,59,59,56,20,44,45,45,35,59,48,62,37,62,85,85,67,12,23,32,52,96,96,93,93,59,65,65,73,76,76,82,131,131,141,106,45],"gold":195,"neow_bonus":"ONE_RARE_RELIC","is_daily":false,"chose_seed":false,"campfire_upgraded":2,"win_rate":0.0,"timestamp":1608641652,"path_taken":["M","M","M","?","M","E","$","?","T","?","M","?","M","M","R","BOSS","M","M","$","?","M","E","R","E","T","?","R","M","E","M","R","BOSS","M","M","M","M","$","E","R","E","T","E","M","R","?","E","R","BOSS","R","$","E","BOSS"],"items_purchased_type":["Card","Card","Potion","Card","Potion","Relic"],"build_version":"2020-12-13","purchased_purges":4,"victory":true,"max_hp_per_floor":[80,80,80,80,80,80,80,80,80,80,80,80,80,80,80,80,80,80,80,80,80,80,80,80,80,80,80,80,80,85,85,85,85,85,87,89,91,93,95,96,96,102,102,107,111,111,122,125,125,131,131,131,141,149,223],"card_choices":[{"not_picked":["Clothesline","Rampage"],"picked":"Iron Wave","floor":1.0},{"not_picked":["Armaments","Demon Form"],"picked":"Disarm","floor":2.0},{"not_picked":["Combust","Dark Embrace"],"picked":"Headbutt","floor":3.0},{"not_picked":["Cleave","True Grit"],"picked":"Pommel Strike","floor":5.0},{"not_picked":["Body Slam","Second Wind"],"picked":"Iron Wave","floor":6.0},{"not_picked":["Sword Boomerang","Thunderclap","Sentinel"],"picked":"SKIP","floor":8.0},{"not_picked":["Wild Strike","Clothesline"],"picked":"Berserk","floor":11.0},{"not_picked":["True Grit","Thunderclap","Iron Wave"],"picked":"SKIP","floor":13.0},{"not_picked":["Dropkick","Sentinel"],"picked":"Spot Weakness","floor":14.0},{"not_picked":["Corruption","Exhume"],"picked":"Impervious","floor":16.0},{"not_picked":["Combust","Perfected Strike","Body Slam"],"picked":"SKIP","floor":18.0},{"not_picked":["Anger","Dual Wield","Thunderclap"],"picked":"SKIP","floor":19.0},{"not_picked":["Cleave","Wild Strike"],"picked":"Armaments+1","floor":22.0},{"not_picked":["Reaper","Shockwave"],"picked":"Seeing Red","floor":23.0},{"not_picked":["Heavy Blade","Headbutt+1"],"picked":"Exhume","floor":25.0},{"not_picked":["Clash","Pommel Strike"],"picked":"Shrug It Off","floor":27.0},{"not_picked":["Fire Breathing","Power Through","Clash"],"picked":"SKIP","floor":29.0},{"not_picked":["Body Slam","Anger","Inflame"],"picked":"Singing Bowl","floor":30.0},{"not_picked":["Heavy Blade","Twin Strike"],"picked":"Battle Trance+1","floor":31.0},{"not_picked":["Exhume","Brutality"],"picked":"Limit Break","floor":33.0},{"not_picked":["Pommel Strike","True Grit+1","Shrug It Off"],"picked":"Singing Bowl","floor":35.0},{"not_picked":["Warcry","Shrug It Off+1","Headbutt+1"],"picked":"Singing Bowl","floor":36.0},{"not_picked":["Cleave+1","Warcry","Twin Strike"],"picked":"Singing Bowl","floor":37.0},{"not_picked":["Twin Strike+1","Clothesline+1","Rupture+1"],"picked":"Singing Bowl","floor":38.0},{"not_picked":["Heavy Blade","Perfected Strike+1"],"picked":"Bloodletting","floor":40.0},{"not_picked":["Heavy Blade+1","Twin Strike+1","Warcry"],"picked":"Singing Bowl","floor":42.0},{"not_picked":["Infernal Blade","Clash+1"],"picked":"Barricade","floor":44.0},{"not_picked":["Twin Strike+1","True Grit+1"],"picked":"Pommel Strike+1","floor":45.0},{"not_picked":["Thunderclap+1","Twin Strike+1","Disarm"],"picked":"Singing Bowl","floor":47.0},{"not_picked":["Pommel Strike","Whirlwind"],"picked":"Pummel+1","floor":48.0},{"not_picked":["Inflame+1","Thunderclap","Armaments+1"],"picked":"Singing Bowl","floor":53.0},{"not_picked":["Combust+1","Dual Wield","Shrug It Off+1"],"picked":"Singing Bowl","floor":53.0},{"not_picked":["Pommel Strike+1","Inflame","Twin Strike+1"],"picked":"Singing Bowl","floor":53.0},{"not_picked":["Wild Strike+1","Searing Blow","Disarm"],"picked":"Singing Bowl","floor":53.0},{"not_picked":["Perfected Strike","Flame Barrier","Headbutt"],"picked":"Singing Bowl","floor":53.0},{"not_picked":["Cleave+1","Feed","Blood for Blood+1"],"picked":"Singing Bowl","floor":54}],"player_experience":51956,"relics_obtained":[{"floor":6.0,"key":"MealTicket"},{"floor":9.0,"key":"Pen Nib"},{"floor":17.0,"key":"Tiny Chest"},{"floor":17.0,"key":"Kunai"},{"floor":17.0,"key":"Magic Flower"},{"floor":23.0,"key":"Ornamental Fan"},{"floor":25.0,"key":"Whetstone"},{"floor":30.0,"key":"Singing Bowl"},{"floor":40.0,"key":"Happy Flower"},{"floor":42.0,"key":"Bronze Scales"},{"floor":43.0,"key":"Girya"},{"floor":44.0,"key":"Juzu Bracelet"},{"floor":47.0,"key":"Thread and Needle"},{"floor":48.0,"key":"CaptainsWheel"},{"floor":54,"key":"Oddly Smooth Stone"}],"event_choices":[{"damage_healed":0.0,"max_hp_gain":0.0,"max_hp_loss":0.0,"gold_gain":0.0,"event_name":"Upgrade Shrine","player_choice":"Upgraded","floor":4.0,"gold_loss":0.0,"damage_taken":0.0,"cards_upgraded":["Iron Wave"]},{"damage_healed":0.0,"max_hp_gain":0.0,"max_hp_loss":0.0,"gold_gain":175.0,"event_name":"Liars Game","player_choice":"AGREE","floor":12.0,"gold_loss":0.0,"damage_taken":0.0,"cards_obtained":["Doubt"]},{"damage_healed":0.0,"max_hp_gain":0.0,"max_hp_loss":0.0,"gold_gain":0.0,"event_name":"Lab","player_choice":"Got Potions","floor":21.0,"gold_loss":0.0,"damage_taken":0.0},{"damage_healed":0.0,"max_hp_gain":0.0,"max_hp_loss":0.0,"gold_gain":0.0,"event_name":"MindBloom","player_choice":"Fight","floor":47.0,"gold_loss":0.0,"damage_taken":0.0}],"is_beta":false,"boss_relics":[{"not_picked":["Runic Cube","Tiny House"],"picked":"Calling Bell"},{"not_picked":["Philosopher\u0027s Stone","Fusion Hammer"],"picked":"Astrolabe"}],"items_purged_floors":[7,10,20,39],"is_endless":false,"potions_floor_spawned":[1,3,6,11,14,25,27,30,31,33,38,40,44,45,48],"ascension_level":3}}