{"host":"cbnfbo28eyz4xcn1","time":1608602355,"event":{"mods":["BaseMod","Colored Map","Colored Powertips","Infinite Spire","Minty Spire (QoL Compilation)","Replay The Spire","StSLib"],"gold_per_floor":[109,128,141,153,153,153,187,362,362,48,48,104,132,164,164,279,279,317,38,80,125,169,235,235,301,301,339,339,339,409,449,449,571,871,909,399,399,421,13,74,108,108,131,131,167,235,269,269,269,331,331,331,38,95,129],"floor_reached":56,"playtime":2424,"items_purged":["Doubt","Injury"],"score":2003,"play_id":"45246de6-2884-4d85-beb2-0b04dac136d8","local_time":"20201222025915","is_ascension_mode":true,"campfire_choices":[{"floor":6.0,"key":"REST"},{"floor":15.0,"key":"REST"},{"floor":29.0,"key":"REST"},{"data":"Envenom","floor":32.0,"key":"SMITH"},{"data":"infinitespire:Punishment","floor":44.0,"key":"SMITH"},{"floor":49.0,"key":"RECALL"},{"data":"Backstab","floor":52.0,"key":"SMITH"}],"circlet_count":0,"master_deck":["Strike_G","Strike_G","Strike_G","Strike_G","Strike_G","Defend_G+1","Defend_G","Defend_G","Defend_G","Defend_G","Survivor+1","Neutralize","Dagger Spray","Adrenaline","PiercingWail","Backflip","Poisoned Stab","PiercingWail","Bane","Acrobatics","Die Die Die","Finisher","Riddle With Holes","Poisoned Stab+1","Deflect+1","Outmaneuver+1","Cloak And Dagger+1","infinitespire:Starlight","Blade Dance+1","Backstab+1","Envenom+1","Deflect","Bullet Time","CurseOfTheBell","Bullet Time","infinitespire:Punishment+1","PanicButton","Blade Dance","Footwork","Blade Dance","Poisoned Stab+1","After Image","Blade Dance+1","Voices","Bane","Bane","Accuracy","Prepared+1"],"relics":["Ring of the Snake","Replay:Baseball","Replay:Bandana","Onion Ring","Shuriken","Honey Jar","Question Card","Red Mask","FossilizedHelix","Gremlin Horn","Centennial Puzzle","ReplayFunnel","Bag of Marbles","Replay:Grab Bag","ReplayTheSpireMod:Onyx Gauntlets","Cursed Key","WristBlade","Calling Bell","Vajra","White Beast Statue","Old Coin","TwistedFunnel","Eternal Feather","Pet Ghost","infinitespire:EmpoweringShard","Happy Flower","infinitespire:Magic Flask","Toy Ornithopter"],"acts_visited":["Exordium","TheCity","TheBeyond","TheEnding"],"potions_floor_usage":[55],"damage_taken":[{"damage":1.0,"enemies":"Cultist","floor":1.0,"turns":3.0},{"damage":2.0,"enemies":"Small Slimes","floor":2.0,"turns":4.0},{"damage":0.0,"enemies":"2 Louse","floor":3.0,"turns":2.0},{"damage":6.0,"enemies":"Exordium Thugs","floor":4.0,"turns":3.0},{"damage":9.0,"enemies":"Gremlin Nob","floor":7.0,"turns":4.0},{"damage":0.0,"enemies":"Lagavulin","floor":12.0,"turns":2.0},{"damage":6.0,"enemies":"Large Slime","floor":13.0,"turns":4.0},{"damage":0.0,"enemies":"Looter","floor":14.0,"turns":2.0},{"damage":33.0,"enemies":"Fading Forest","floor":16.0,"turns":11.0},{"damage":11.0,"enemies":"2 Thieves","floor":18.0,"turns":2.0},{"damage":0.0,"enemies":"Spheric Guardian","floor":20.0,"turns":2.0},{"damage":0.0,"enemies":"Masked Bandits","floor":21.0,"turns":1.0},{"damage":0.0,"enemies":"Snecko","floor":22.0,"turns":2.0},{"damage":26.0,"enemies":"Gremlin Leader","floor":23.0,"turns":4.0},{"damage":12.0,"enemies":"Slavers","floor":25.0,"turns":3.0},{"damage":0.0,"enemies":"Centurion and Healer","floor":27.0,"turns":4.0},{"damage":18.0,"enemies":"Gremlin Leader","floor":30.0,"turns":3.0},{"damage":0.0,"enemies":"Chosen and Byrds","floor":31.0,"turns":3.0},{"damage":42.0,"enemies":"Automaton","floor":33.0,"turns":6.0},{"damage":0.0,"enemies":"3 Darklings","floor":35.0,"turns":2.0},{"damage":0.0,"enemies":"Orb Walker","floor":38.0,"turns":1.0},{"damage":0.0,"enemies":"Giant Head","floor":40.0,"turns":5.0},{"damage":0.0,"enemies":"Spire Growth","floor":41.0,"turns":1.0},{"damage":8.0,"enemies":"Sphere and 2 Shapes","floor":45.0,"turns":1.0},{"damage":0.0,"enemies":"R_Hoarder","floor":46.0,"turns":2.0},{"damage":0.0,"enemies":"Jaw Worm Horde","floor":47.0,"turns":1.0},{"damage":0.0,"enemies":"Awakened One","floor":50.0,"turns":3.0},{"damage":4.0,"enemies":"Shield and Spear","floor":54.0,"turns":2.0},{"damage":1,"enemies":"The Heart","floor":55,"turns":5}],"seed_played":"-195399498116503177","potions_obtained":[{"floor":0.0,"key":"SteroidPotion"},{"floor":0.0,"key":"AttackPotion"},{"floor":0.0,"key":"Elixir"},{"floor":1.0,"key":"Flashbang"},{"floor":7.0,"key":"Elixir"},{"floor":11.0,"key":"SkillPotion"},{"floor":11.0,"key":"SteroidPotion"},{"floor":12.0,"key":"BlessingOfTheForge"},{"floor":13.0,"key":"GamblersBrew"},{"floor":16.0,"key":"SteroidPotion"},{"floor":21.0,"key":"GamblersBrew"},{"floor":22.0,"key":"Venom Potion"},{"floor":23.0,"key":"Adrenaline Potion"},{"floor":30.0,"key":"BlessingOfTheForge"},{"floor":35.0,"key":"EntropicBrew"},{"floor":40.0,"key":"DistilledChaos"},{"floor":41.0,"key":"PowerPotion"},{"floor":46.0,"key":"Fire Potion"},{"floor":54.0,"key":"GamblersBrew"}],"is_trial":false,"path_per_floor":["M","M","M","M","?","R","E","?","T","$","?","E","M","M","R","B",null,"M","$","M","?","M","E","AVR","E","T","M","?","R","E","M","R","B",null,"M","?","?","M","$","E","M","?","T","R","M","E","M","T","R","B",null,"R","$","E","B",null],"character_chosen":"THE_SILENT","items_purchased":["Onion Ring","Question Card","Riddle With Holes","TwistedFunnel","Eternal Feather","Bane","Accuracy","LiquidMemories"],"campfire_rested":3,"item_purchase_floors":[10,19,19,39,39,53,53,53],"current_hp_per_floor":[62,60,60,54,40,61,52,52,52,52,52,52,46,46,67,44,64,53,53,53,53,53,27,27,25,25,35,35,56,48,58,58,26,59,59,59,59,59,59,69,69,69,69,70,62,62,62,62,70,70,70,70,70,66,69],"gold":129,"neow_bonus":"THREE_SMALL_POTIONS","is_daily":false,"chose_seed":false,"campfire_upgraded":3,"win_rate":0.0,"timestamp":1608602355,"path_taken":["M","M","M","M","?","R","E","?","T","$","?","E","M","M","R","BOSS","M","$","M","?","M","E","AVR","E","T","M","?","R","E","M","R","BOSS","M","?","?","M","$","E","M","?","T","R","?","E","M","?","R","BOSS","R","$","E","BOSS"],"items_purchased_type":["Relic","Relic","Card","Relic","Relic","Card","Card","Potion"],"build_version":"2020-12-13","purchased_purges":2,"victory":true,"max_hp_per_floor":[70,70,70,70,70,70,70,70,70,70,70,70,70,70,70,70,70,70,70,70,70,70,70,70,70,70,70,70,70,70,70,70,70,70,70,70,70,70,70,70,70,70,70,70,70,70,70,70,70,70,70,70,70,70,70],"card_choices":[{"not_picked":["Choke","Blade Dance"],"picked":"Dagger Spray","floor":1.0},{"not_picked":["Backflip","Eviscerate"],"picked":"Adrenaline","floor":2.0},{"not_picked":["Riddle With Holes","All Out Attack"],"picked":"PiercingWail","floor":3.0},{"not_picked":["Prepared","Deadly Poison"],"picked":"Backflip","floor":4.0},{"not_picked":["Flying Knee","Tools of the Trade"],"picked":"Poisoned Stab","floor":7.0},{"not_picked":["Outmaneuver","Underhanded Strike"],"picked":"PiercingWail","floor":12.0},{"not_picked":["Hidden Blade","Caltrops"],"picked":"Bane","floor":13.0},{"not_picked":["Prepared","Expertise"],"picked":"Acrobatics","floor":14.0},{"not_picked":["infinitespire:Neurotoxin","Wraith Form v2"],"picked":"Die Die Die","floor":16.0},{"not_picked":["Endless Agony","Cloak And Dagger","Distraction"],"picked":"Finisher","floor":18.0},{"not_picked":["Deflect","ReplayTheSpireMod:Scrap Shanks","Dash","Hidden Blade"],"picked":"Poisoned Stab+1","floor":20.0},{"not_picked":["Cloak And Dagger","Dodge and Roll+1","Acrobatics","Skewer"],"picked":"Deflect+1","floor":21.0},{"not_picked":["Backflip","Fluid Movement","ReplayTheSpireMod:Speed Training","Acrobatics"],"picked":"Outmaneuver+1","floor":22.0},{"not_picked":["Poisoned Stab","Backflip","Heel Hook+1","ReplayTheSpireMod:Necrosis"],"picked":"Cloak And Dagger+1","floor":23.0},{"not_picked":["PiercingWail","Sneak Up+1","Bane","Deflect"],"picked":"Blade Dance+1","floor":25.0},{"not_picked":["Poisoned Stab","Reflex","ReplayTheSpireMod:Speed Training","Hidden Blade"],"picked":"Backstab","floor":27.0},{"not_picked":["ReplayTheSpireMod:Tripwire","infinitespire:Neurotoxin","Caltrops+1","Backflip+1"],"picked":"Envenom","floor":30.0},{"not_picked":["Underhanded Strike","Concentrate","Quick Slash","Bane"],"picked":"Deflect","floor":31.0},{"not_picked":["ReplayTheSpireMod:From All Sides","Malaise","Unload","infinitespire:Neurotoxin"],"picked":"Bullet Time","floor":33.0},{"not_picked":["Sucker Punch","Outmaneuver+1","ReplayTheSpireMod:The Works","Prepared"],"picked":"Bullet Time","floor":35.0},{"not_picked":["ReplayTheSpireMod:??????????????????????","ReplayTheSpireMod:Haul"],"picked":"infinitespire:Punishment","floor":36.0},{"not_picked":["Flash of Steel","Violence","Impatience","Survey Options"],"picked":"PanicButton","floor":37.0},{"not_picked":["Hidden Blade+1","Acrobatics+1","Slice","Quick Slash+1"],"picked":"Blade Dance","floor":38.0},{"not_picked":["Flechettes","Deadly Poison+1","Flying Knee+1","Eviscerate"],"picked":"Footwork","floor":40.0},{"not_picked":["Replay:Poison Smokescreen","ReplayTheSpireMod:Scrap Shanks+1","Unload","Dagger Spray+1"],"picked":"Blade Dance","floor":41.0},{"not_picked":["Acrobatics+1","Terror","Dagger Throw","Fluid Movement+1"],"picked":"Poisoned Stab+1","floor":45.0},{"not_picked":["Poisoned Stab","Unload","ReplayTheSpireMod:The Works","Well Laid Plans"],"picked":"After Image","floor":46.0},{"not_picked":["Deflect+1","Poisoned Stab","Underhanded Strike+1","Flying Knee"],"picked":"Blade Dance+1","floor":47.0},{"not_picked":["Acrobatics","Predator","Deadly Poison+1","Poisoned Stab+1"],"picked":"Prepared+1","floor":54.0}],"player_experience":456209,"relics_obtained":[{"floor":7.0,"key":"Replay:Baseball"},{"floor":9.0,"key":"Replay:Bandana"},{"floor":12.0,"key":"Shuriken"},{"floor":21.0,"key":"Red Mask"},{"floor":23.0,"key":"FossilizedHelix"},{"floor":25.0,"key":"Centennial Puzzle"},{"floor":26.0,"key":"ReplayFunnel"},{"floor":30.0,"key":"Bag of Marbles"},{"floor":34.0,"key":"Vajra"},{"floor":34.0,"key":"White Beast Statue"},{"floor":34.0,"key":"Old Coin"},{"floor":40.0,"key":"Pet Ghost"},{"floor":42.0,"key":"infinitespire:EmpoweringShard"},{"floor":43.0,"key":"Happy Flower"},{"floor":46.0,"key":"infinitespire:Magic Flask"},{"floor":54.0,"key":"Toy Ornithopter"}],"event_choices":[{"damage_healed":0.0,"max_hp_gain":0.0,"max_hp_loss":0.0,"gold_gain":0.0,"event_name":"Shining Light","player_choice":"Entered Light","floor":5.0,"gold_loss":0.0,"damage_taken":14.0,"cards_upgraded":["Defend_G","Survivor"]},{"damage_healed":0.0,"max_hp_gain":0.0,"max_hp_loss":0.0,"gold_gain":175.0,"event_name":"Liars Game","player_choice":"AGREE","floor":8.0,"gold_loss":0.0,"damage_taken":0.0,"cards_obtained":["Doubt"]},{"damage_healed":0.0,"max_hp_gain":0.0,"max_hp_loss":0.0,"gold_gain":0.0,"event_name":"Lab","player_choice":"Got Potions","floor":11.0,"gold_loss":0.0,"damage_taken":0.0},{"damage_healed":0.0,"max_hp_gain":0.0,"max_hp_loss":0.0,"gold_gain":0.0,"event_name":"Masked Bandits","player_choice":"Fought Bandits","floor":21.0,"gold_loss":0.0,"damage_taken":0.0},{"damage_healed":0.0,"max_hp_gain":0.0,"max_hp_loss":0.0,"gold_gain":0.0,"event_name":"Vampires","player_choice":"Ignored","floor":28.0,"gold_loss":0.0,"damage_taken":0.0},{"damage_healed":0.0,"max_hp_gain":0.0,"max_hp_loss":0.0,"gold_gain":0.0,"event_name":"SensoryStone","player_choice":"Memory 1","floor":37.0,"gold_loss":0.0,"damage_taken":0.0},{"damage_healed":0.0,"max_hp_gain":0.0,"max_hp_loss":0.0,"gold_gain":0.0,"event_name":"Wheel of Change","player_choice":"Relic","floor":42.0,"gold_loss":0.0,"damage_taken":0.0}],"is_beta":false,"boss_relics":[{"not_picked":["Snecko Scales","Busted Crown"],"picked":"Honey Jar"},{"not_picked":["Tiny House","HoveringKite"],"picked":"Replay:Grab Bag"},{"not_picked":["ReplayTheSpireMod:DimensionalGlitch","Velvet Choker"],"picked":"ReplayTheSpireMod:Onyx Gauntlets"},{"not_picked":["Philosopher\u0027s Stone","Fusion Hammer"],"picked":"Cursed Key"},{"not_picked":["Empty Cage","Astrolabe"],"picked":"WristBlade"},{"not_picked":["Pandora\u0027s Box","Ring of Chaos"],"picked":"Calling Bell"}],"items_purged_floors":[10,53],"is_endless":false,"potions_floor_spawned":[1,7,12,13,16,21,22,23,30,35,38,40,41,45,46,47,54],"ascension_level":8}}