{"host":"yd9r7zy2pq4z3cad","time":1608642605,"event":{"mods":["AchievementEnabler","Act Like it!","Astrologer","BaseMod","Beaked The Cultist","Better Third Choice","BetterRewards","Colored Map","Colored Powertips","Conspire","Curses Come First","Displayed Cursed Tome","Downfall","Elementarium","GifTheSpireLib","Halation","Hallownest","Hermit","Highlight Path","Hubris","Infinite Spire","Jorbs\u0027s Wanderer Trilogy","Menagerie","Minty Spire (QoL Compilation)","Pale of the Ancients","Permanent Neow","Rare Cards Sparkle","Relic Sorter","Relic Stats","Replay The Spire","Shade Mod","StSLib","Stuff the Spire","The Alterego","The Blackbeard","The Bladedancer","The Bug Knight","The Cursed","The Dragon Tamer","The Exalted","The Factory","The Forsaken","The Gatherer","The Hierophant","The Jungle","The Mystic","The Necromancer","The Problem Sleuth","The Runesmith","The Servant 0.9.4","The Spell Scribe","vexMod"],"gold_per_floor":[110,110,8,8,8,8,8,8,8,38,38,53,65,81,81,181,181,148,73,93,108,108,108,125,125,150,150,75,75,101,11,11,111,111,128,139,139,139,139,167,167,193,216,216,235,235,86,110,110,110,110],"floor_reached":50,"playtime":2586,"items_purged":["Bromod:Defend_Bro","Bromod:Rejuvenation"],"score":662,"play_id":"7f3667ad-04cc-4f24-824f-353db91b1b0e","local_time":"20201222181005","is_ascension_mode":false,"campfire_choices":[{"data":"Bromod:Vitality","floor":6,"key":"SMITH"},{"data":"infinitespire:Oblivion","floor":8,"key":"SMITH"},{"floor":11,"key":"REST"},{"data":"Bromod:VitalSense","floor":15,"key":"SMITH"},{"floor":23,"key":"REST"},{"floor":27,"key":"REST"},{"data":"Bromod:NoReturn","floor":32,"key":"SMITH"},{"data":"Bromod:RendingStrike","floor":41,"key":"SMITH"},{"data":"Bromod:SteelCharge","floor":44,"key":"SMITH"},{"data":"Bromod:Intensify","floor":49,"key":"SMITH"}],"circlet_count":0,"master_deck":["Bromod:Strike_Bro","Bromod:Strike_Bro","Bromod:Defend_Bro","Bromod:Defend_Bro","Bromod:SlashDash","Bromod:SlashDash","Bromod:SlashDash","Bromod:Redirection","Bromod:SteelFiber","Bromod:Vitality+1","infinitespire:Oblivion+1","Bromod:VitalSense+1","Bromod:BulletJump","Bromod:RadialBlind","Bromod:JaggedEdge+1","Bromod:NorthWind","Bromod:NoReturn+1","Bromod:Stormbringer","Bromod:Stormbringer","Bromod:Intensify+1","Bromod:OrganShatter","Bromod:Vitality","Bromod:RendingStrike+1","Bromod:SteelCharge+1","Bromod:ArchwingLauncher+1"],"relics":["Bromod:Ordis","hubris:Icosahedron","Bromod:AscarisDevice","hubris:TenFootPole","infinitespire:EmpoweringShard","Bromod:ArcaneDeflection","HollowMod:PaleOreRelic","conspire:RunicOctahedron","Potion Belt","hubris:BottledHeart","PreservedInsect","Bromod:ArcaneBarrier","halation:PapillonHeart","Bromod:ArcaneEnergize","Bromod:ArcaneGuardian","Bag of Preparation","infinitespire:FocusingShard","Strawberry","halation:PinkSoulGem","Oddly Smooth Stone","theForsaken:Lifeblossom"],"acts_visited":["Exordium","TheCity","TheBeyond"],"potions_floor_usage":[16,16,30,36,36,40],"damage_taken":[{"damage":0,"enemies":"Small Slimes","floor":1,"turns":3},{"damage":3,"enemies":"Gremlin Nob","floor":10,"turns":3},{"damage":0,"enemies":"Cultist","floor":12,"turns":3},{"damage":0,"enemies":"2 Louse","floor":13,"turns":1},{"damage":0,"enemies":"Looter","floor":14,"turns":3},{"damage":12,"enemies":"The Guardian","floor":16,"turns":8},{"damage":38,"enemies":"2 Thieves","floor":18,"turns":5},{"damage":2,"enemies":"Shell Parasite","floor":20,"turns":7},{"damage":3,"enemies":"Centurion and Healer","floor":21,"turns":6},{"damage":4,"enemies":"Sentry and Sphere","floor":24,"turns":5},{"damage":0,"enemies":"Gremlin Leader","floor":30,"turns":8},{"damage":0,"enemies":"Collector","floor":33,"turns":13},{"damage":0,"enemies":"Orb Walker","floor":35,"turns":5},{"damage":0,"enemies":"3 Darklings","floor":36,"turns":10},{"damage":0,"enemies":"Reptomancer","floor":40,"turns":6},{"damage":0,"enemies":"Nightmare","floor":42,"turns":4},{"damage":0,"enemies":"Jaw Worm Horde","floor":45,"turns":4},{"damage":1,"enemies":"conspire:OrnateMirror","floor":50,"turns":2}],"seed_played":"3991360669593160559","potions_obtained":[{"floor":1,"key":"BlessingOfTheForge"},{"floor":2,"key":"Venom Potion"},{"floor":2,"key":"Elixir"},{"floor":2,"key":"infinitespire:BlackPotion"},{"floor":13,"key":"Bromod:Endo"},{"floor":20,"key":"EssenceOfSteel"},{"floor":21,"key":"Bromod:Kuva"},{"floor":42,"key":"Elixir"}],"is_trial":false,"path_per_floor":["M","?","$","T","$","R","?","R","T","E","R","M","M","M","R","B",null,"M","$","M","M","?","R","M","?","T","R","?","?","E","$","R","B",null,"M","M","?","?","AVR","E","R","NM","T","R","M","?","$","T","R","B"],"character_chosen":"THE_EXALTED","items_purchased":["Bromod:SteelFiber","Bromod:Vitality","Bromod:Stormbringer","Block Potion","Oddly Smooth Stone"],"campfire_rested":3,"item_purchase_floors":[3,3,31,31,47],"current_hp_per_floor":[75,75,75,75,75,75,66,66,66,63,75,75,75,75,75,63,75,37,37,35,32,32,54,55,55,55,75,75,1,1,1,1,1,1,1,1,1,1,1,1,1,1,1,1,1,1,1,1,1,0,0],"gold":110,"neow_bonus":"RANDOM_COMMON_RELIC","is_daily":false,"chose_seed":false,"campfire_upgraded":7,"win_rate":0.0,"timestamp":1608642605,"path_taken":["M","?","$","?","$","R","?","R","T","E","R","M","M","M","R","BOSS","M","$","M","M","?","R","M","?","T","R","?","?","E","?","R","BOSS","M","M","?","?","AVR","E","R","NM","T","R","M","?","?","?","R","BOSS"],"items_purchased_type":["Card","Card","Card","Potion","Relic"],"build_version":"2020-12-13","purchased_purges":2,"victory":false,"max_hp_per_floor":[75,75,75,75,75,75,75,75,75,75,75,75,75,75,75,75,75,75,75,75,75,75,75,75,75,75,75,75,1,1,1,1,1,1,1,1,1,1,1,1,1,1,1,1,1,1,1,1,1,1,1],"relic_stats":{"counters":[42,193],"PreservedInsect":135,"Bag of Preparation":[6],"obtain_stats":[{"ReplayFunnel":22,"Bromod:AscarisDevice":0,"halation:PapillonHeart":38,"Runesmith:Locket":26,"Vajra":39,"StoneCalendar":23,"theForsaken:Lifeblossom":48,"Bag of Preparation":40,"Whetstone":28,"vexMod:RockOfEvil":17,"Boot":24,"Replay:Rubber Ducky":44,"Centennial Puzzle":4,"hubris:Icosahedron":25,"Strawberry":43,"hubris:ScarierMask":34,"Replay:Bottled Snecko":10,"HollowMod:PaleOreRelic":10,"Replay:Blank Codex":25,"Bromod:ArcaneGuardian":39,"Potion Belt":26,"conspire:TreasureMap":22,"Oddly Smooth Stone":47,"conspire:RunicOctahedron":17,"PreservedInsect":41,"infinitespire:FocusingShard":42,"Bromod:Ordis":0,"Replay:Baseball":43,"hubris:BottledHeart":29,"Bromod:ArcaneDeflection":9,"Bromod:ArcaneEnergize":39,"StuffTheSpire:CocoNut":22,"Bromod:ArcaneBarrier":34,"StuffTheSpire:PointBlank":9,"hubris:TenFootPole":0,"infinitespire:EmpoweringShard":4,"Runesmith:AutoHammer":30,"halation:PinkSoulGem":46},{"ReplayFunnel":10,"Bromod:AscarisDevice":0,"halation:PapillonHeart":38,"Runesmith:Locket":11,"Vajra":18,"StoneCalendar":11,"theForsaken:Lifeblossom":41,"Bag of Preparation":39,"Whetstone":11,"vexMod:RockOfEvil":8,"Boot":11,"Replay:Rubber Ducky":20,"Centennial Puzzle":2,"hubris:Icosahedron":34,"Strawberry":40,"hubris:ScarierMask":14,"Replay:Bottled Snecko":5,"HollowMod:PaleOreRelic":26,"Replay:Blank Codex":11,"Bromod:ArcaneGuardian":38,"Potion Belt":34,"conspire:TreasureMap":10,"Oddly Smooth Stone":41,"conspire:RunicOctahedron":30,"PreservedInsect":19,"infinitespire:FocusingShard":40,"Bromod:Ordis":0,"Replay:Baseball":20,"hubris:BottledHeart":34,"Bromod:ArcaneDeflection":25,"Bromod:ArcaneEnergize":38,"StuffTheSpire:CocoNut":10,"Bromod:ArcaneBarrier":36,"StuffTheSpire:PointBlank":4,"hubris:TenFootPole":24,"infinitespire:EmpoweringShard":25,"Runesmith:AutoHammer":12,"halation:PinkSoulGem":41},{"ReplayFunnel":45,"Bromod:AscarisDevice":0,"halation:PapillonHeart":177,"Runesmith:Locket":53,"Vajra":77,"StoneCalendar":53,"theForsaken:Lifeblossom":191,"Bag of Preparation":183,"Whetstone":53,"vexMod:RockOfEvil":34,"Boot":53,"Replay:Rubber Ducky":84,"Centennial Puzzle":9,"hubris:Icosahedron":141,"Strawberry":187,"hubris:ScarierMask":66,"Replay:Bottled Snecko":25,"HollowMod:PaleOreRelic":103,"Replay:Blank Codex":53,"Bromod:ArcaneGuardian":177,"Potion Belt":141,"conspire:TreasureMap":45,"Oddly Smooth Stone":191,"conspire:RunicOctahedron":118,"PreservedInsect":82,"infinitespire:FocusingShard":187,"Bromod:Ordis":0,"Replay:Baseball":84,"hubris:BottledHeart":141,"Bromod:ArcaneDeflection":100,"Bromod:ArcaneEnergize":177,"StuffTheSpire:CocoNut":45,"Bromod:ArcaneBarrier":162,"StuffTheSpire:PointBlank":17,"hubris:TenFootPole":97,"infinitespire:EmpoweringShard":100,"Runesmith:AutoHammer":56,"halation:PinkSoulGem":191}]},"card_choices":[{"not_picked":["Bromod:FastHands","Bromod:QuickDraw"],"picked":"Bromod:Redirection","floor":1},{"not_picked":["infinitespire:Punishment","infinitespire:Collect"],"picked":"infinitespire:Oblivion","floor":7},{"not_picked":["Bromod:PressurePoint","Bromod:ShatteringImpact"],"picked":"Bromod:VitalSense","floor":10},{"not_picked":["Bromod:PointBlank","Bromod:SlipMagazine"],"picked":"Bromod:BulletJump","floor":12},{"not_picked":["Bromod:FinishingTouch","Bromod:SpeedTrigger","Bromod:BulletJump"],"picked":"SKIP","floor":13},{"not_picked":["Bromod:PointStrike","Bromod:QuickDraw"],"picked":"Bromod:RadialBlind","floor":14},{"not_picked":["Bromod:ExaltedBlade","Bromod:LifeStrike"],"picked":"Bromod:JaggedEdge","floor":16},{"not_picked":["Bromod:PointStrike","Bromod:Redirection","Bromod:BodyCount"],"picked":"SKIP","floor":18},{"not_picked":["Bromod:HornetStrike+1","Bromod:OrganShatter"],"picked":"Bromod:NorthWind","floor":20},{"not_picked":["Bromod:ShatteringImpact","Bromod:RadialJavelin"],"picked":"Bromod:Rejuvenation","floor":21},{"not_picked":["Bromod:Patagium","Bromod:FastHands"],"picked":"Bromod:NoReturn","floor":24},{"not_picked":["Bromod:QuickDraw","Bromod:KillingBlow"],"picked":"Bromod:Stormbringer","floor":30},{"not_picked":["Bromod:ChillingReload","Bromod:QuickThinking"],"picked":"Bromod:Intensify","floor":33},{"not_picked":["Bromod:BodyCount","Bromod:TacticalPump+1"],"picked":"Bromod:OrganShatter","floor":35},{"not_picked":["Bromod:HornetStrike","Bromod:ShatteringImpact"],"picked":"Bromod:Vitality","floor":36},{"not_picked":["Bromod:OrganShatter+1","Bromod:PointStrike"],"picked":"Bromod:RendingStrike","floor":40},{"not_picked":["Bromod:Fury","Bromod:Redirection+1"],"picked":"Bromod:SteelCharge","floor":42},{"not_picked":["Bromod:BloodRush+1","Bromod:SeismicWave"],"picked":"Bromod:ArchwingLauncher+1","floor":45}],"player_experience":131491,"relics_obtained":[{"floor":4,"key":"infinitespire:EmpoweringShard"},{"floor":9,"key":"Bromod:ArcaneDeflection"},{"floor":10,"key":"HollowMod:PaleOreRelic"},{"floor":26,"key":"Potion Belt"},{"floor":30,"key":"PreservedInsect"},{"floor":40,"key":"Bag of Preparation"},{"floor":42,"key":"infinitespire:FocusingShard"},{"floor":43,"key":"Strawberry"},{"floor":48,"key":"theForsaken:Lifeblossom"}],"event_choices":[{"damage_healed":0,"gold_gain":0,"player_choice":"Got Potions","damage_taken":0,"max_hp_gain":0,"max_hp_loss":0,"event_name":"Lab","floor":2,"gold_loss":0},{"cards_removed":["Bromod:Strike_Bro"],"damage_healed":0,"gold_gain":0,"player_choice":"Gave Gold","damage_taken":0,"max_hp_gain":0,"max_hp_loss":0,"event_name":"Beggar","floor":28,"gold_loss":75},{"cards_removed":["Bromod:Defend_Bro"],"damage_healed":0,"gold_gain":0,"player_choice":"Removed Skill","damage_taken":0,"max_hp_gain":0,"max_hp_loss":0,"event_name":"Falling","floor":37,"gold_loss":0}],"is_beta":false,"boss_relics":[{"not_picked":["Ectoplasm","hubris:GrandSneckoEye"],"picked":"conspire:RunicOctahedron"},{"not_picked":["SacredBark","beaked:MawFillet"],"picked":"Bromod:ArcaneBarrier"}],"items_purged_floors":[19,39],"is_endless":false,"potions_floor_spawned":[1,10,13,20,21,24,42],"killed_by":"conspire:OrnateMirror","ascension_level":0}}