{"host":"3ek78t4i81ecmdy1","time":1608606361,"event":{"mods":["2.2 Compatiblity","AchievementEnabler","BaseMod","Colored Map","DeckTracker","Filter the Spire","Keyboard Shortcuts","Minty Spire (QoL Compilation)","Permanent Neow","Quick Restart","SuperFastMode","everything is the same but u backflip on backflip"],"gold_per_floor":[118,43,218,230,230,230,248,248,271,12,23,52,52,70,70,170,170,189,203,222,242,242,242,270,270,270,270,189,222,222,237,237,237,237],"floor_reached":33,"playtime":771,"items_purged":["Shame"],"score":215,"play_id":"7a2a0dcc-9aa8-41d8-a712-cd515f9141a1","local_time":"20201222120601","is_ascension_mode":false,"campfire_choices":[{"data":"Immolate","floor":6.0,"key":"SMITH"},{"data":"Cleave","floor":8.0,"key":"SMITH"},{"data":"True Grit","floor":13.0,"key":"SMITH"},{"data":"Exhume","floor":15.0,"key":"SMITH"},{"data":"Pummel","floor":27,"key":"SMITH"},{"floor":32,"key":"REST"}],"circlet_count":0,"master_deck":["Bash","Immolate+1","Cleave+1","Doubt","Clothesline","Twin Strike","True Grit+1","Pummel+1","Exhume+1","Reaper","Headbutt","Hemokinesis","Combust","Iron Wave","Iron Wave","Spot Weakness","Evolve","Clothesline","Iron Wave","Entrench","Ghostly Armor+1","Feel No Pain","Clothesline+1","Rupture+1","Warcry+1","Shockwave"],"relics":["Burning Blood","Darkstone Periapt","Lantern","Bottled Flame","Vajra","Pandora\u0027s Box","Bronze Scales","Frozen Egg 2","Blue Candle","Nunchaku"],"acts_visited":["Exordium","TheCity"],"potions_floor_usage":[24,29,33],"damage_taken":[{"damage":0.0,"enemies":"2 Louse","floor":1.0,"turns":1.0},{"damage":2.0,"enemies":"Small Slimes","floor":4.0,"turns":3.0},{"damage":6.0,"enemies":"Jaw Worm","floor":7.0,"turns":3.0},{"damage":0.0,"enemies":"Lots of Slimes","floor":11.0,"turns":1.0},{"damage":14.0,"enemies":"Gremlin Nob","floor":12.0,"turns":3.0},{"damage":0.0,"enemies":"Gremlin Gang","floor":14.0,"turns":1.0},{"damage":55.0,"enemies":"The Guardian","floor":16.0,"turns":11.0},{"damage":12.0,"enemies":"Shell Parasite","floor":18.0,"turns":3.0},{"damage":17.0,"enemies":"3 Byrds","floor":19.0,"turns":4.0},{"damage":6.0,"enemies":"Snecko","floor":20.0,"turns":4.0},{"damage":12,"enemies":"Chosen and Byrds","floor":21,"turns":4},{"damage":21,"enemies":"Slavers","floor":24,"turns":3},{"damage":44,"enemies":"Gremlin Leader","floor":29,"turns":7},{"damage":18,"enemies":"Snake Plant","floor":31,"turns":3},{"damage":37,"enemies":"Automaton","floor":33,"turns":4}],"seed_played":"-2020885729142604569","potions_obtained":[{"floor":1.0,"key":"Strength Potion"},{"floor":12.0,"key":"AttackPotion"},{"floor":16.0,"key":"CultistPotion"},{"floor":18.0,"key":"ColorlessPotion"},{"floor":24,"key":"BloodPotion"}],"is_trial":false,"path_per_floor":["M","$","?","M","?","R","M","R","T","$","M","E","R","M","R","B",null,"M","M","M","M","?","?","E","T","T","R","$","E","?","M","R","B"],"character_chosen":"IRONCLAD","items_purchased":["Bottled Flame","Rupture+1"],"campfire_rested":1,"item_purchase_floors":[10,28],"current_hp_per_floor":[80,80,80,80,62,62,62,62,62,62,68,60,60,66,66,17,80,74,67,72,66,51,51,44,44,44,44,44,23,23,11,36,0,0],"gold":237,"neow_bonus":"THREE_RARE_CARDS","is_daily":false,"chose_seed":false,"campfire_upgraded":5,"win_rate":0.0,"timestamp":1608606361,"path_taken":["M","$","?","M","?","R","?","R","T","?","M","E","R","?","R","BOSS","M","M","M","?","?","?","E","?","T","R","$","E","?","?","R","BOSS"],"items_purchased_type":["Relic","Card"],"build_version":"2020-12-13","purchased_purges":1,"victory":false,"max_hp_per_floor":[80,80,80,80,80,80,80,80,80,80,80,80,80,80,80,80,80,80,80,80,80,85,85,85,85,85,85,85,85,85,85,85,85,85],"card_choices":[{"not_picked":["Offering","Brutality"],"picked":"Immolate","floor":0.0},{"not_picked":["Perfected Strike","Twin Strike"],"picked":"Cleave","floor":1.0},{"not_picked":["Perfected Strike","Heavy Blade"],"picked":"Clothesline","floor":4.0},{"not_picked":["Clash","Warcry"],"picked":"Twin Strike","floor":7.0},{"not_picked":["Twin Strike","Carnage"],"picked":"True Grit","floor":11.0},{"not_picked":["Ghostly Armor","Entrench"],"picked":"Pummel","floor":12.0},{"not_picked":["Sever Soul","Anger"],"picked":"Exhume","floor":14.0},{"not_picked":["Barricade","Feed"],"picked":"Reaper","floor":16.0},{"not_picked":["Seeing Red","Inflame"],"picked":"Entrench","floor":18.0},{"not_picked":["Clash","Iron Wave"],"picked":"Ghostly Armor+1","floor":19.0},{"not_picked":["Anger","True Grit"],"picked":"Feel No Pain","floor":20.0},{"not_picked":["Offering","Inflame"],"picked":"Clothesline+1","floor":21},{"not_picked":["Clash","Iron Wave","Armaments"],"picked":"SKIP","floor":24},{"not_picked":["Iron Wave","Sword Boomerang"],"picked":"Warcry+1","floor":29},{"not_picked":["Anger","Twin Strike","Perfected Strike"],"picked":"SKIP","floor":31}],"player_experience":18243,"relics_obtained":[{"floor":9.0,"key":"Lantern"},{"floor":12.0,"key":"Vajra"},{"floor":24,"key":"Frozen Egg 2"},{"floor":26,"key":"Blue Candle"},{"floor":29,"key":"Nunchaku"}],"event_choices":[{"damage_healed":0.0,"max_hp_gain":0.0,"max_hp_loss":0.0,"gold_gain":175.0,"event_name":"Liars Game","player_choice":"AGREE","floor":3.0,"gold_loss":0.0,"damage_taken":0.0,"cards_obtained":["Doubt"]},{"damage_healed":0.0,"max_hp_gain":0.0,"max_hp_loss":0.0,"gold_gain":0.0,"event_name":"Scrap Ooze","player_choice":"Success","floor":5.0,"gold_loss":0.0,"damage_taken":18.0,"relics_obtained":["Darkstone Periapt"]},{"damage_healed":0,"gold_gain":0,"player_choice":"Shed Blood","damage_taken":20,"max_hp_gain":5,"max_hp_loss":0,"event_name":"Forgotten Altar","floor":22,"gold_loss":0},{"damage_healed":0,"gold_gain":0,"player_choice":"Opened","damage_taken":0,"relics_obtained":["Bronze Scales"],"max_hp_gain":0,"max_hp_loss":0,"event_name":"The Mausoleum","floor":23,"gold_loss":0},{"damage_healed":0,"gold_gain":0,"player_choice":"Read","damage_taken":0,"max_hp_gain":0,"max_hp_loss":0,"event_name":"The Library","floor":30,"gold_loss":0,"cards_obtained":["Shockwave"]}],"is_beta":false,"boss_relics":[{"not_picked":["Sozu","Tiny House"],"picked":"Pandora\u0027s Box"}],"items_purged_floors":[2],"is_endless":false,"potions_floor_spawned":[1,12,16,18,24],"killed_by":"Automaton","ascension_level":0}}