{"host":"4lebci84u2l5u89t","time":1608644318,"event":{"mods":["AchievementEnabler","Aspiration","Bard","BaseMod","Beaked The Cultist","Better Altar","Better Match","Better Note","Better Sensory Stone","Better Skull","Better Third Choice","BetterRewards","CCEM","Colored Map","Conspire","GifTheSpireLib","Googly Eyes","Halation","Hermit","Highlight Path","Hubris","Jedi Mod","Jorbs\u0027s Wanderer Trilogy","Lobotomy","LobotomyExtend","Mad Scientist","Marisa????????","Mimic Mod","Minty Spire (QoL Compilation)","Permanent Neow","Replay The Spire","Shade Mod","Spicy Shops","StSLib","Stuff the Spire","The Administrix","The Mystic","Unceasing Turn Reminder"],"gold_per_floor":[121,121,223,242,256,283,283,296,296,296,308,323,356,370,370,469,469,483,500,510,529,529,558,558,558,558],"floor_reached":25,"playtime":2665,"items_purged":[],"score":287,"play_id":"452dc7b1-0af1-4754-8857-ed3f69c5acec","local_time":"20201222143838","is_ascension_mode":false,"campfire_choices":[{"floor":7,"key":"REST"},{"floor":15,"key":"DIG"}],"circlet_count":0,"master_deck":["AdministrixMod:Strike_Administrix","AdministrixMod:Strike_Administrix","AdministrixMod:Strike_Administrix","AdministrixMod:Strike_Administrix+1","AdministrixMod:RedCloak","AdministrixMod:Defend_Administrix+1","AdministrixMod:Defend_Administrix","AdministrixMod:Defend_Administrix","AdministrixMod:Defend_Administrix","AdministrixMod:BlueCloak","AdministrixMod:Transition","AdministrixMod:ShadowPlay","AdministrixMod:CenturiesAscent+1","AdministrixMod:XianArts","AdministrixMod:HaveItAll","AdministrixMod:LightOfYourLife","AdministrixMod:FeastOfDew","AdministrixMod:HaveItAll","AdministrixMod:ArmillarySphere","AdministrixMod:LuminaryPath","AdministrixMod:ExtolVirtue","AdministrixMod:Overdrive","AdministrixMod:BegetEternity","AdministrixMod:ImmortalGrace"],"relics":["AdministrixMod:ConductorRitualBaton","Mango","StuffTheSpire:EmeraldSignet","StuffTheSpire:Gunfinga","halation:BlackBeret","Coffee Dripper","LetterFromLob","ReplayTheSpireMod:Ninjato"],"acts_visited":["Exordium","TheCity"],"potions_floor_usage":[6,16,16,20,23],"damage_taken":[{"damage":2,"enemies":"Small Slimes","floor":1,"turns":3},{"damage":0,"enemies":"2 Louse","floor":4,"turns":2},{"damage":0,"enemies":"Cultist","floor":5,"turns":2},{"damage":22,"enemies":"Gremlin Nob","floor":6,"turns":4},{"damage":0,"enemies":"Gremlin Gang","floor":8,"turns":6},{"damage":0,"enemies":"Large Slime","floor":11,"turns":4},{"damage":7,"enemies":"Red Slaver","floor":12,"turns":3},{"damage":0,"enemies":"Lagavulin","floor":13,"turns":9},{"damage":0,"enemies":"3 Louse","floor":14,"turns":2},{"damage":10,"enemies":"Hexaghost","floor":16,"turns":12},{"damage":20,"enemies":"2 Thieves","floor":18,"turns":5},{"damage":16,"enemies":"Shell Parasite","floor":19,"turns":6},{"damage":27,"enemies":"Shelled Parasite and Fungi","floor":20,"turns":7},{"damage":13,"enemies":"Snake Plant","floor":21,"turns":6},{"damage":1,"enemies":"Gremlin Leader","floor":23,"turns":8},{"damage":11,"enemies":"Snecko","floor":25,"turns":3}],"seed_played":"-6643333824467469329","potions_obtained":[{"floor":1,"key":"AttackPotion"},{"floor":8,"key":"PowerPotion"},{"floor":12,"key":"Weak Potion"},{"floor":13,"key":"Dexterity Potion"},{"floor":16,"key":"SteroidPotion"},{"floor":18,"key":"jedi:tentaclejuice"},{"floor":21,"key":"LiquidMemories"}],"is_trial":false,"path_per_floor":["M","?","?","M","M","E","R","M","T","?","M","M","E","M","R_BF","B",null,"M","M","M","M","?","E","?","M"],"character_chosen":"TheAdministrix","items_purchased":[],"campfire_rested":1,"item_purchase_floors":[],"current_hp_per_floor":[63,50,24,24,24,16,39,39,39,39,39,32,32,34,34,24,79,59,43,16,5,5,8,11,0,0],"gold":558,"neow_bonus":"","is_daily":false,"chose_seed":false,"campfire_upgraded":0,"win_rate":0.0,"timestamp":1608644318,"path_taken":["M","?","?","M","M","E","R","M","T","?","M","M","E","M","R_BF","BOSS","M","?","?","M","?","E","?","M"],"items_purchased_type":[],"build_version":"2020-12-13","purchased_purges":0,"victory":false,"max_hp_per_floor":[65,65,65,65,65,79,79,79,79,79,79,79,79,79,79,79,79,79,79,79,79,79,79,82,82,82],"card_choices":[{"not_picked":["AdministrixMod:BloodBargain","AdministrixMod:Untouchable"],"picked":"AdministrixMod:Transition","floor":1},{"not_picked":["AdministrixMod:ReachToHeaven","AdministrixMod:CrackingPangu"],"picked":"AdministrixMod:ShadowPlay","floor":3},{"not_picked":["AdministrixMod:RebukeDesires","AdministrixMod:TrickOfTheLight"],"picked":"AdministrixMod:CenturiesAscent","floor":3},{"not_picked":["AdministrixMod:SipOfSparks","AdministrixMod:Mastermind"],"picked":"AdministrixMod:XianArts","floor":4},{"not_picked":["AdministrixMod:SealAway","AdministrixMod:JustRewards","AdministrixMod:RegentEdict"],"picked":"SKIP","floor":5},{"not_picked":["AdministrixMod:FeastOfDew","AdministrixMod:GuanyinBlessing"],"picked":"AdministrixMod:HaveItAll","floor":6},{"not_picked":["AdministrixMod:ImmortalPurity","AdministrixMod:RebukeDesires"],"picked":"AdministrixMod:LightOfYourLife","floor":8},{"not_picked":["AdministrixMod:DiversionaryTactic","AdministrixMod:RebukeDesires"],"picked":"AdministrixMod:FeastOfDew","floor":11},{"not_picked":["AdministrixMod:Convergence","AdministrixMod:QuietConspiracy"],"picked":"AdministrixMod:HaveItAll","floor":12},{"not_picked":["AdministrixMod:SyncreticPlunge","AdministrixMod:FuneraryRites","AdministrixMod:HiddenPower"],"picked":"SKIP","floor":13},{"not_picked":["AdministrixMod:SipOfSparks","AdministrixMod:CenturiesAscent"],"picked":"AdministrixMod:ArmillarySphere","floor":14},{"not_picked":["AdministrixMod:BattleforgedBonds","AdministrixMod:LifeforceNet"],"picked":"AdministrixMod:LuminaryPath","floor":16},{"not_picked":["AdministrixMod:CastOffRegrets","AdministrixMod:ShadowPlay+1"],"picked":"AdministrixMod:ExtolVirtue","floor":18},{"not_picked":["AdministrixMod:CastOffRegrets","AdministrixMod:FuneraryRites","AdministrixMod:ArmillarySphere"],"picked":"SKIP","floor":19},{"not_picked":["AdministrixMod:SealAway+1","AdministrixMod:SyncreticPlunge"],"picked":"AdministrixMod:Overdrive","floor":20},{"not_picked":["AdministrixMod:ReachToHeaven","AdministrixMod:LightOfYourLife"],"picked":"AdministrixMod:BegetEternity","floor":21},{"not_picked":["AdministrixMod:Transition","AdministrixMod:ArmillarySphere+1"],"picked":"AdministrixMod:ImmortalGrace","floor":23}],"player_experience":234195,"relics_obtained":[{"floor":6,"key":"Mango"},{"floor":9,"key":"StuffTheSpire:EmeraldSignet"},{"floor":13,"key":"StuffTheSpire:Gunfinga"},{"floor":15,"key":"halation:BlackBeret"},{"floor":18,"key":"LetterFromLob"},{"floor":23,"key":"ReplayTheSpireMod:Ninjato"}],"event_choices":[{"damage_healed":63,"gold_gain":0,"player_choice":"Upgrade","damage_taken":13,"max_hp_gain":0,"max_hp_loss":65,"event_name":"betterThird:BetterShining","floor":2,"gold_loss":0,"cards_upgraded":["AdministrixMod:Defend_Administrix","AdministrixMod:Strike_Administrix"]},{"damage_healed":0,"gold_gain":0,"player_choice":"Forge","damage_taken":0,"max_hp_gain":0,"max_hp_loss":0,"event_name":"Accursed Blacksmith","floor":10,"gold_loss":0,"cards_upgraded":["AdministrixMod:CenturiesAscent"]},{"damage_healed":0,"gold_gain":0,"player_choice":"Ignored","damage_taken":0,"max_hp_gain":0,"max_hp_loss":0,"event_name":"betterNote:BetterNote","floor":22,"gold_loss":0,"cards_obtained":["beaked:VolatileMisfortune"]}],"is_beta":false,"boss_relics":[{"not_picked":["jedi:hotpepper","StuffTheSpire:RunicConfusion"],"picked":"Coffee Dripper"}],"items_purged_floors":[],"is_endless":false,"potions_floor_spawned":[1,8,12,13,16,18,21],"killed_by":"Snecko","ascension_level":0}}