{"host":"nh1tx9wty0m9wedw","time":1608598277,"event":{"mods":["BaseMod","Colored Map","Colored Powertips","Minty Spire (QoL Compilation)"],"gold_per_floor":[110,110,7,27,27,61,61,80,80,105,121,138,151,169,169,268,268,286,57,57,43,43,43,43,43],"floor_reached":24,"playtime":1746,"items_purged":["Strike_R"],"score":268,"play_id":"ae64b930-cdc8-4089-9392-e7c6586061df","local_time":"20201222015117","is_ascension_mode":true,"campfire_choices":[{"data":"Armaments","floor":7,"key":"SMITH"},{"data":"Armaments","floor":15,"key":"SMITH"},{"data":"Limit Break","floor":23,"key":"SMITH"}],"circlet_count":0,"master_deck":["Strike_R","Strike_R","Defend_R","Defend_R","Defend_R","Defend_R","Bash","Shrug It Off","Thunderclap","Inflame","Cleave","Armaments+1","Rage","Armaments+1","Flex","Flame Barrier","Pommel Strike","Limit Break+1","Body Slam+1","Rampage"],"relics":["Burning Blood","NeowsBlessing","White Beast Statue","Anchor","Blood Vial","Snecko Eye","Medical Kit"],"acts_visited":["Exordium","TheCity"],"potions_floor_usage":[11,12,12,16,18,18,21,24],"damage_taken":[{"damage":0,"enemies":"2 Louse","floor":1,"turns":1},{"damage":0,"enemies":"Small Slimes","floor":4,"turns":1},{"damage":0,"enemies":"Lagavulin","floor":6,"turns":1},{"damage":0,"enemies":"Jaw Worm","floor":8,"turns":3},{"damage":4,"enemies":"3 Sentries","floor":10,"turns":5},{"damage":4,"enemies":"2 Fungi Beasts","floor":11,"turns":4},{"damage":15,"enemies":"Large Slime","floor":12,"turns":6},{"damage":5,"enemies":"3 Louse","floor":13,"turns":3},{"damage":6,"enemies":"2 Fungi Beasts","floor":14,"turns":4},{"damage":29,"enemies":"The Guardian","floor":16,"turns":13},{"damage":23,"enemies":"Shell Parasite","floor":18,"turns":8},{"damage":6,"enemies":"2 Thieves","floor":21,"turns":5},{"damage":55,"enemies":"Gremlin Leader","floor":24,"turns":5}],"seed_played":"6385912340101470578","potions_obtained":[{"floor":6,"key":"ElixirPotion"},{"floor":8,"key":"Weak Potion"},{"floor":10,"key":"PowerPotion"},{"floor":11,"key":"ColorlessPotion"},{"floor":12,"key":"SneckoOil"},{"floor":13,"key":"Dexterity Potion"},{"floor":14,"key":"Ancient Potion"},{"floor":16,"key":"Dexterity Potion"},{"floor":18,"key":"Strength Potion"},{"floor":21,"key":"LiquidBronze"}],"is_trial":false,"path_per_floor":["M","?","$","M","?","E","R","M","T","E","M","M","M","M","R","B",null,"M","$","?","M","$","R","E"],"character_chosen":"IRONCLAD","items_purchased":["Thunderclap","Inflame","Medical Kit"],"campfire_rested":0,"item_purchase_floors":[3,3,19],"current_hp_per_floor":[80,80,80,80,73,79,79,80,80,80,80,71,74,76,76,55,80,63,63,48,50,50,50,0,0],"gold":43,"neow_bonus":"THREE_ENEMY_KILL","is_daily":false,"chose_seed":false,"campfire_upgraded":3,"win_rate":0.0,"timestamp":1608598277,"path_taken":["M","?","$","M","?","E","R","M","T","E","M","M","?","M","R","BOSS","M","$","?","M","$","R","E"],"items_purchased_type":["Card","Card","Relic"],"build_version":"2020-12-13","purchased_purges":1,"victory":false,"max_hp_per_floor":[80,80,80,80,80,80,80,80,80,80,80,80,80,80,80,80,80,80,80,85,85,85,85,85,85],"card_choices":[{"not_picked":["Twin Strike","Clash"],"picked":"Shrug It Off","floor":1},{"not_picked":["Combust","Uppercut"],"picked":"Cleave","floor":4},{"not_picked":["Uppercut","Headbutt"],"picked":"Armaments","floor":6},{"not_picked":["Headbutt","Warcry"],"picked":"Rage","floor":8},{"not_picked":["Uppercut","Barricade"],"picked":"Armaments","floor":10},{"not_picked":["Warcry","Shrug It Off"],"picked":"Flex","floor":11},{"not_picked":["Shrug It Off","Heavy Blade"],"picked":"Flame Barrier","floor":12},{"not_picked":["Entrench","Havoc","Sword Boomerang"],"picked":"SKIP","floor":13},{"not_picked":["Warcry","Flame Barrier"],"picked":"Pommel Strike","floor":14},{"not_picked":["Double Tap","Exhume"],"picked":"Limit Break","floor":16},{"not_picked":["Bloodletting+1","Carnage"],"picked":"Body Slam+1","floor":18},{"not_picked":["Shockwave","Twin Strike"],"picked":"Rampage","floor":21}],"player_experience":574691,"relics_obtained":[{"floor":6,"key":"White Beast Statue"},{"floor":9,"key":"Anchor"},{"floor":10,"key":"Blood Vial"}],"event_choices":[{"cards_removed":["Strike_R"],"damage_healed":0,"gold_gain":0,"player_choice":"Forget","damage_taken":0,"max_hp_gain":0,"max_hp_loss":0,"event_name":"Living Wall","floor":2,"gold_loss":0},{"cards_removed":["Strike_R"],"damage_healed":0,"gold_gain":0,"player_choice":"Card Removal","damage_taken":7,"max_hp_gain":0,"max_hp_loss":0,"event_name":"Golden Wing","floor":5,"gold_loss":0},{"damage_healed":0,"gold_gain":0,"player_choice":"Shed Blood","damage_taken":20,"max_hp_gain":5,"max_hp_loss":0,"event_name":"Forgotten Altar","floor":20,"gold_loss":0}],"is_beta":false,"boss_relics":[{"not_picked":["Velvet Choker","Runic Dome"],"picked":"Snecko Eye"}],"items_purged_floors":[19],"is_endless":false,"potions_floor_spawned":[6,8,10,11,12,13,14,16,18,21],"killed_by":"Gremlin Leader","ascension_level":3}}