{"host":"i09pxcjttd31eh4q","time":1608634093,"event":{"mods":["AchievementEnabler","BaseMod","Colored Map","Keyboard Shortcuts","Minty Spire (QoL Compilation)","StSLib","SuperFastMode"],"gold_per_floor":[109,109,121,131,145,145,172,192,192,192,216,216,141,91,91,220,220,236,236,256,277,295,295,333,333,333,348,61,61,76,97,97,228,228,228],"floor_reached":34,"playtime":741,"items_purged":["Strike_R","Strike_R"],"score":356,"play_id":"dc24a00d-7b7f-44ff-b397-658f0fb3de51","local_time":"20201222194813","is_ascension_mode":false,"campfire_choices":[{"data":"Armaments","floor":6.0,"key":"SMITH"},{"data":"Searing Blow","floor":12.0,"key":"SMITH"},{"data":"Searing Blow+1","floor":15.0,"key":"SMITH"},{"data":"Searing Blow+2","floor":23.0,"key":"SMITH"},{"data":"Searing Blow+3","floor":25.0,"key":"SMITH"},{"data":"Searing Blow+4","floor":29.0,"key":"SMITH"},{"data":"Searing Blow+5","floor":32,"key":"SMITH"}],"circlet_count":0,"master_deck":["Defend_R","Defend_R+1","Defend_R","Defend_R","Bash","Armaments+1","Inflame","Searing Blow+6","Shrug It Off","Dropkick","Corruption","Battle Trance","Feel No Pain","Double Tap","Second Wind"],"relics":["Burning Blood","NeowsBlessing","Strawberry","Ancient Tea Set","Golden Idol","Philosopher\u0027s Stone","Red Mask","Calipers","Strange Spoon","Empty Cage"],"acts_visited":["Exordium","TheCity","TheBeyond"],"potions_floor_usage":[33],"damage_taken":[{"damage":0.0,"enemies":"Small Slimes","floor":1.0,"turns":1.0},{"damage":0.0,"enemies":"2 Louse","floor":3.0,"turns":1.0},{"damage":0.0,"enemies":"Jaw Worm","floor":4.0,"turns":1.0},{"damage":10.0,"enemies":"Looter","floor":5.0,"turns":3.0},{"damage":13.0,"enemies":"Lagavulin","floor":7.0,"turns":7.0},{"damage":1.0,"enemies":"2 Fungi Beasts","floor":8.0,"turns":4.0},{"damage":10.0,"enemies":"3 Louse","floor":11.0,"turns":4.0},{"damage":15.0,"enemies":"The Guardian","floor":16.0,"turns":12.0},{"damage":0.0,"enemies":"Chosen","floor":18.0,"turns":4.0},{"damage":7.0,"enemies":"Spheric Guardian","floor":20.0,"turns":4.0},{"damage":15.0,"enemies":"Centurion and Healer","floor":21.0,"turns":5.0},{"damage":11.0,"enemies":"3 Cultists","floor":22.0,"turns":5.0},{"damage":57.0,"enemies":"Masked Bandits","floor":24.0,"turns":6.0},{"damage":10.0,"enemies":"Shelled Parasite and Fungi","floor":27.0,"turns":3.0},{"damage":5,"enemies":"Snake Plant","floor":30,"turns":2},{"damage":8,"enemies":"Snecko","floor":31,"turns":4},{"damage":16,"enemies":"Automaton","floor":33,"turns":6}],"seed_played":"-9110960230724880439","potions_obtained":[{"floor":3.0,"key":"SkillPotion"},{"floor":4.0,"key":"AttackPotion"},{"floor":5.0,"key":"SpeedPotion"},{"floor":8.0,"key":"DuplicationPotion"},{"floor":11.0,"key":"FearPotion"},{"floor":20.0,"key":"AttackPotion"},{"floor":27.0,"key":"FairyPotion"},{"floor":30,"key":"DuplicationPotion"},{"floor":33,"key":"Dexterity Potion"}],"is_trial":false,"path_per_floor":["M","?","M","M","M","R","E","M","T","?","M","R","$","?","R","B",null,"M","?","M","M","M","R","?","R","T","M","$","R","M","M","R","B",null],"character_chosen":"IRONCLAD","items_purchased":["Strange Spoon","Feel No Pain"],"campfire_rested":0,"item_purchase_floors":[28,28],"current_hp_per_floor":[80,64,70,76,72,72,72,77,77,56,52,52,52,52,52,43,87,87,87,86,77,72,72,21,21,21,17,17,17,18,16,16,32,87,87],"gold":228,"neow_bonus":"THREE_ENEMY_KILL","is_daily":false,"chose_seed":false,"campfire_upgraded":7,"win_rate":0.0,"timestamp":1608634093,"path_taken":["M","?","M","M","M","R","E","M","T","?","M","R","$","?","R","BOSS","M","?","M","M","M","R","?","R","T","M","$","R","M","M","R","BOSS"],"items_purchased_type":["Relic","Card"],"build_version":"2020-12-13","purchased_purges":2,"victory":false,"max_hp_per_floor":[80,80,80,80,80,80,87,87,87,87,87,87,87,87,87,87,87,87,87,87,87,87,87,87,87,87,87,87,87,87,87,87,87,87,87],"card_choices":[{"not_picked":["Headbutt","Flex","Heavy Blade"],"picked":"SKIP","floor":1.0},{"not_picked":["Fire Breathing","Clothesline"],"picked":"Armaments","floor":3.0},{"not_picked":["Clothesline","Iron Wave"],"picked":"Sword Boomerang","floor":4.0},{"not_picked":["Sword Boomerang","Power Through"],"picked":"Inflame","floor":5.0},{"not_picked":["Dark Embrace","Twin Strike"],"picked":"Searing Blow","floor":7.0},{"not_picked":["True Grit","Berserk"],"picked":"Shrug It Off","floor":8.0},{"not_picked":["Searing Blow","Warcry"],"picked":"Dropkick","floor":11.0},{"not_picked":["Immolate","Berserk"],"picked":"Corruption","floor":16.0},{"not_picked":["Cleave","Clash","Carnage"],"picked":"SKIP","floor":18.0},{"not_picked":["Armaments","Thunderclap","Infernal Blade"],"picked":"SKIP","floor":20.0},{"not_picked":["Carnage+1","Hemokinesis+1","Rupture"],"picked":"SKIP","floor":21.0},{"not_picked":["Wild Strike","Anger+1","Thunderclap"],"picked":"SKIP","floor":22.0},{"not_picked":["Clothesline","Fire Breathing+1"],"picked":"Battle Trance","floor":27.0},{"not_picked":["Clothesline","Warcry+1"],"picked":"Double Tap","floor":30},{"not_picked":["Disarm","Pommel Strike"],"picked":"Second Wind","floor":31}],"player_experience":753954,"relics_obtained":[{"floor":7.0,"key":"Strawberry"},{"floor":9.0,"key":"Ancient Tea Set"},{"floor":24.0,"key":"Red Mask"},{"floor":26.0,"key":"Calipers"}],"event_choices":[{"damage_healed":0.0,"max_hp_gain":0.0,"max_hp_loss":0.0,"gold_gain":0.0,"event_name":"Shining Light","player_choice":"Entered Light","floor":2.0,"gold_loss":0.0,"damage_taken":16.0,"cards_upgraded":["Strike_R","Defend_R"]},{"damage_healed":0.0,"max_hp_gain":0.0,"max_hp_loss":0.0,"gold_gain":0.0,"event_name":"Golden Idol","player_choice":"Take Damage","floor":10.0,"gold_loss":0.0,"damage_taken":21.0,"relics_obtained":["Golden Idol"]},{"cards_removed":["Strike_R"],"damage_healed":0.0,"max_hp_gain":0.0,"max_hp_loss":0.0,"gold_gain":0.0,"event_name":"The Cleric","player_choice":"Card Removal","floor":14.0,"gold_loss":50.0,"damage_taken":0.0},{"cards_removed":["Strike_R"],"damage_healed":0.0,"max_hp_gain":0.0,"max_hp_loss":0.0,"gold_gain":0.0,"event_name":"Back to Basics","player_choice":"Elegance","floor":19.0,"gold_loss":0.0,"damage_taken":0.0},{"damage_healed":0.0,"max_hp_gain":0.0,"max_hp_loss":0.0,"gold_gain":0.0,"event_name":"Masked Bandits","player_choice":"Fought Bandits","floor":24.0,"gold_loss":0.0,"damage_taken":0.0}],"is_beta":false,"boss_relics":[{"not_picked":["Sozu","Runic Dome"],"picked":"Philosopher\u0027s Stone"},{"not_picked":["SacredBark","Busted Crown"],"picked":"Empty Cage"}],"items_purged_floors":[13,28],"is_endless":false,"potions_floor_spawned":[3,4,5,8,11,20,27,30,33],"ascension_level":0}}