{"host":"njcl8kinlkfw245p","time":1608622207,"event":{"mods":["BaseMod","Block Reminder","Colored Map","KinomotoSakuraMod(????)","Minty Spire (QoL Compilation)","StSLib","The Senshi"],"gold_per_floor":[113,125,125,75,90,118,118,145,200,220,239,67,83,97,97,198,198,217,217,236,248,347,347,347],"floor_reached":23,"playtime":1520,"items_purged":["Strike_P"],"score":261,"play_id":"8c632d72-14db-416d-97bb-029a7a2b94af","local_time":"20201221233007","is_ascension_mode":true,"campfire_choices":[{"floor":7,"key":"REST"},{"floor":15,"key":"REST"}],"circlet_count":0,"master_deck":["Strike_P","Strike_P","Defend_P","Defend_P","Defend_P","Defend_P","Eruption","Vigilance","Consecrate","FollowUp","TalkToTheHand","FlurryOfBlows","Blasphemy","Pray","Protect","FlurryOfBlows","Adaptation+1","BattleHymn+1","SashWhip","Establishment+1","CurseOfTheBell","ClearTheMind"],"relics":["PureWater","Frozen Egg 2","Smiling Mask","Pear","Orichalcum","Calling Bell","MealTicket","Letter Opener","FossilizedHelix"],"acts_visited":["Exordium","TheCity"],"potions_floor_usage":[6,18,21,23,23],"damage_taken":[{"damage":0,"enemies":"2 Louse","floor":1,"turns":4},{"damage":0,"enemies":"Small Slimes","floor":2,"turns":2},{"damage":2,"enemies":"Jaw Worm","floor":5,"turns":3},{"damage":33,"enemies":"Lagavulin","floor":6,"turns":5},{"damage":40,"enemies":"Gremlin Nob","floor":8,"turns":6},{"damage":9,"enemies":"3 Louse","floor":10,"turns":3},{"damage":0,"enemies":"Red Slaver","floor":11,"turns":1},{"damage":4,"enemies":"Blue Slaver","floor":13,"turns":6},{"damage":0,"enemies":"Looter","floor":14,"turns":3},{"damage":21,"enemies":"Slime Boss","floor":16,"turns":5},{"damage":35,"enemies":"2 Thieves","floor":18,"turns":5},{"damage":15,"enemies":"Shell Parasite","floor":20,"turns":6},{"damage":16,"enemies":"Snake Plant","floor":21,"turns":5},{"damage":45,"enemies":"Slavers","floor":23,"turns":3}],"seed_played":"-3084013498152551888","potions_obtained":[{"floor":5,"key":"SkillPotion"},{"floor":8,"key":"Ancient Potion"},{"floor":11,"key":"Swift Potion"},{"floor":13,"key":"Regen Potion"},{"floor":18,"key":"AttackPotion"},{"floor":20,"key":"Ambrosia"}],"is_trial":false,"path_per_floor":["M","M","?","?","M","E","R","E","T","M","M","$","M","M","R","B",null,"M","?","M","M","?","E"],"character_chosen":"WATCHER","items_purchased":["FlurryOfBlows","Adaptation+1"],"campfire_rested":2,"item_purchase_floors":[12,12],"current_hp_per_floor":[79,79,61,61,59,26,49,19,19,10,10,10,6,6,32,11,89,54,54,39,23,23,0,0],"gold":347,"neow_bonus":"TEN_PERCENT_HP_BONUS","is_daily":false,"chose_seed":false,"campfire_upgraded":0,"win_rate":0.0,"timestamp":1608622207,"path_taken":["M","M","?","?","M","E","R","E","T","M","M","$","M","?","R","BOSS","M","?","M","?","?","E"],"items_purchased_type":["Card","Card"],"build_version":"2020-12-13","purchased_purges":1,"victory":false,"max_hp_per_floor":[79,79,79,79,79,79,79,89,89,89,89,89,89,89,89,89,89,89,89,89,89,89,89,89],"card_choices":[{"not_picked":["FollowUp","WreathOfFlame"],"picked":"Consecrate","floor":1},{"not_picked":["ThirdEye","CutThroughFate"],"picked":"FollowUp","floor":2},{"not_picked":["Evaluate","ThirdEye"],"picked":"TalkToTheHand","floor":5},{"not_picked":["MentalFortress+1","FlyingSleeves"],"picked":"FlurryOfBlows","floor":6},{"not_picked":["Vengeance","WindmillStrike"],"picked":"Blasphemy","floor":8},{"not_picked":["Nirvana+1","FollowUp"],"picked":"Pray","floor":10},{"not_picked":["FollowUp","Indignation"],"picked":"Protect","floor":11},{"not_picked":["EmptyBody","FlurryOfBlows"],"picked":"BattleHymn+1","floor":13},{"not_picked":["CarveReality","Worship"],"picked":"SashWhip","floor":14},{"not_picked":["Ragnarok","Brilliance"],"picked":"Establishment+1","floor":16},{"not_picked":["WheelKick","CrushJoints","Crescendo"],"picked":"SKIP","floor":18},{"not_picked":["WreathOfFlame","CrushJoints","EmptyMind"],"picked":"SKIP","floor":20},{"not_picked":["Evaluate","FollowUp","ClearTheMind"],"picked":"SKIP","floor":21},{"not_picked":["Evaluate","FollowUp"],"picked":"ClearTheMind","floor":21}],"player_experience":865199,"relics_obtained":[{"floor":6,"key":"Smiling Mask"},{"floor":8,"key":"Pear"},{"floor":9,"key":"Orichalcum"},{"floor":17,"key":"MealTicket"},{"floor":17,"key":"Letter Opener"},{"floor":17,"key":"FossilizedHelix"}],"event_choices":[{"damage_healed":0,"gold_gain":0,"player_choice":"Success","damage_taken":18,"relics_obtained":["Frozen Egg 2"],"max_hp_gain":0,"max_hp_loss":0,"event_name":"Scrap Ooze","floor":3,"gold_loss":0},{"cards_removed":["Strike_P"],"damage_healed":0,"gold_gain":0,"player_choice":"Card Removal","damage_taken":0,"max_hp_gain":0,"max_hp_loss":0,"event_name":"The Cleric","floor":4,"gold_loss":50},{"damage_healed":0,"gold_gain":0,"player_choice":"0 cards matched","damage_taken":0,"max_hp_gain":0,"max_hp_loss":0,"event_name":"Match and Keep!","floor":19,"gold_loss":0,"cards_obtained":[]},{"damage_healed":0,"gold_gain":99,"player_choice":"Stole From Cult","damage_taken":0,"max_hp_gain":0,"max_hp_loss":0,"event_name":"Nest","floor":22,"gold_loss":0}],"is_beta":false,"boss_relics":[{"not_picked":["SlaversCollar","Runic Pyramid"],"picked":"Calling Bell"}],"items_purged_floors":[12],"is_endless":false,"potions_floor_spawned":[5,8,11,13,14,18,20],"killed_by":"Slavers","ascension_level":3}}