{"host":"r6da5kb9dzaaglw2","time":1608662060,"event":{"mods":["AchievementEnabler","BaseMod","BetterRewards","Colored Map","Colored Powertips","Duelist Mod","GifTheSpireLib","Hubris","Infinite Spire","Minty Spire (QoL Compilation)","Replay The Spire","Shop Mod","StSLib"],"gold_per_floor":[109,27,27,45,62,90,101,101,124,124,152,152,169,344,344,344,344],"floor_reached":16,"playtime":1315,"items_purged":[],"score":135,"play_id":"710531f4-78b1-4482-b0ea-d3214531afcf","local_time":"20201222193420","is_ascension_mode":false,"campfire_choices":[{"data":"Iron Wave","floor":8,"key":"SMITH"},{"data":"Shrug It Off","floor":10,"key":"SMITH"},{"data":"Shrug It Off","floor":12,"key":"SMITH"},{"data":"Bash","floor":15,"key":"SMITH"}],"circlet_count":0,"master_deck":["Strike_R","Strike_R","Strike_R","Strike_R","Defend_R","Defend_R","Defend_R","Defend_R","Bash+1","Iron Wave+1","Rupture","Shrug It Off+1","Shrug It Off+1","Doubt"],"relics":["Burning Blood","Replay:Wax Seal","King of Hearts","Nunchaku"],"acts_visited":["Exordium"],"potions_floor_usage":[11,16,16,16],"damage_taken":[{"damage":2,"enemies":"Small Slimes","floor":1,"turns":5},{"damage":2,"enemies":"Cultist","floor":4,"turns":5},{"damage":0,"enemies":"Jaw Worm","floor":5,"turns":6},{"damage":39,"enemies":"3 Sentries","floor":6,"turns":16},{"damage":8,"enemies":"Large Slime","floor":7,"turns":9},{"damage":19,"enemies":"Lagavulin","floor":11,"turns":7},{"damage":1,"enemies":"2 Fungi Beasts","floor":13,"turns":5},{"damage":57,"enemies":"Slime Boss","floor":16,"turns":17}],"seed_played":"5134855462410659353","potions_obtained":[{"floor":4,"key":"SpeedPotion"},{"floor":7,"key":"Energy Potion"},{"floor":11,"key":"Regen Potion"},{"floor":13,"key":"Elixir"}],"is_trial":false,"path_per_floor":["M","$","?","M","M","E","M","R","T","R","E","R","M","?","R","B"],"character_chosen":"IRONCLAD","items_purchased":["Replay:Wax Seal"],"campfire_rested":0,"item_purchase_floors":[2],"current_hp_per_floor":[76,76,76,80,86,53,51,51,51,51,38,38,43,43,43,1,1],"gold":344,"neow_bonus":"TWENTY_PERCENT_HP_BONUS","is_daily":false,"chose_seed":false,"campfire_upgraded":4,"win_rate":0.0,"timestamp":1608662060,"path_taken":["M","$","?","M","?","E","M","R","T","R","E","R","M","?","R","BOSS"],"items_purchased_type":["Relic"],"build_version":"2020-12-13","purchased_purges":0,"victory":false,"max_hp_per_floor":[96,96,96,96,96,96,96,96,96,96,96,96,96,96,96,96,96],"card_choices":[{"not_picked":["Clothesline","ReplayTheSpireMod:Muscle Training"],"picked":"Iron Wave","floor":1},{"not_picked":["Second Wind","Clothesline","Flex"],"picked":"SKIP","floor":4},{"not_picked":["Run Through","Warcry","Perfected Strike"],"picked":"SKIP","floor":5},{"not_picked":["Heavy Blade","Impervious"],"picked":"Shrug It Off","floor":6},{"not_picked":["Fire Breathing","Pummel","Run Through"],"picked":"SKIP","floor":7},{"not_picked":["ReplayReversal","hubris:SharpeningStone"],"picked":"Shrug It Off","floor":11},{"not_picked":["Clothesline","Carnage","hubris:ReadiedAction"],"picked":"SKIP","floor":13}],"player_experience":393028,"relics_obtained":[{"floor":6,"key":"King of Hearts"},{"floor":11,"key":"Nunchaku"}],"event_choices":[{"damage_healed":0,"gold_gain":0,"cards_transformed":["Strike_R"],"player_choice":"Transformed","damage_taken":0,"max_hp_gain":0,"max_hp_loss":0,"event_name":"Transmorgrifier","floor":3,"gold_loss":0,"cards_obtained":["Rupture"]},{"damage_healed":0,"gold_gain":175,"player_choice":"AGREE","damage_taken":0,"max_hp_gain":0,"max_hp_loss":0,"event_name":"Liars Game","floor":14,"gold_loss":0,"cards_obtained":["Doubt"]}],"is_beta":false,"boss_relics":[],"items_purged_floors":[],"is_endless":false,"potions_floor_spawned":[4,7,11,13],"killed_by":"Slime Boss","ascension_level":0}}