{"host":"49pjgf1q9ev52n8z","time":1608608419,"event":{"mods":["BaseMod","Colored Map","Minty Spire (QoL Compilation)","Relic Stats","StSLib"],"gold_per_floor":[19,33,45,63,82,82,114,114,167,185,185,185,201,236,236,315,315,331,331,350,400,315,315,315,315,315,326,355,355,373,404,404,482,482,502,153,153,10,22,22,49,62,62,74,374,388,47,47,47],"floor_reached":48,"playtime":7475,"items_purged":[],"score":993,"play_id":"0b207fc4-834a-4efe-804a-fb2110c80c59","local_time":"20201221194019","is_ascension_mode":true,"campfire_choices":[{"data":"Neutralize","floor":6.0,"key":"SMITH"},{"floor":8.0,"key":"REST"},{"floor":15.0,"key":"REST"},{"floor":23.0,"key":"REST"},{"floor":25.0,"key":"REST"},{"data":"Skewer","floor":29.0,"key":"SMITH"},{"floor":32.0,"key":"REST"},{"floor":40.0,"key":"REST"}],"circlet_count":0,"master_deck":["AscendersBane","Strike_G+1","Strike_G+1","Strike_G","Strike_G","Strike_G","Defend_G+1","Defend_G","Defend_G+1","Defend_G","Defend_G","Survivor","Neutralize+1","Well Laid Plans","Sucker Punch","Dagger Throw","Malaise","Skewer+1","Predator","Corpse Explosion","Crippling Poison","Backflip","Caltrops+1","Adrenaline","Noxious Fumes","Noxious Fumes","Footwork","Footwork","PiercingWail","Dash+1","Calculated Gamble","Footwork"],"relics":["Ring of the Snake","Whetstone","War Paint","Ninja Scroll","Velvet Choker","Nilry\u0027s Codex","Art of War","Bottled Tornado","Nunchaku","Eternal Feather","Vajra","WristBlade","Sundial","PreservedInsect","Omamori","TwistedFunnel"],"acts_visited":["Exordium","TheCity","TheBeyond"],"potions_floor_usage":[48,48],"damage_taken":[{"damage":1.0,"enemies":"Small Slimes","floor":1.0,"turns":3.0},{"damage":0.0,"enemies":"2 Louse","floor":2.0,"turns":3.0},{"damage":0.0,"enemies":"Cultist","floor":3.0,"turns":4.0},{"damage":8.0,"enemies":"Exordium Thugs","floor":4.0,"turns":5.0},{"damage":7.0,"enemies":"3 Louse","floor":5.0,"turns":5.0},{"damage":21.0,"enemies":"Gremlin Nob","floor":7.0,"turns":5.0},{"damage":1.0,"enemies":"Large Slime","floor":10.0,"turns":7.0},{"damage":1.0,"enemies":"Exordium Wildlife","floor":13.0,"turns":4.0},{"damage":22.0,"enemies":"3 Sentries","floor":14.0,"turns":10.0},{"damage":9.0,"enemies":"The Guardian","floor":16.0,"turns":16.0},{"damage":19.0,"enemies":"3 Byrds","floor":18.0,"turns":4.0},{"damage":16.0,"enemies":"Shell Parasite","floor":20.0,"turns":4.0},{"damage":0.0,"enemies":"3 Cultists","floor":27.0,"turns":2.0},{"damage":17.0,"enemies":"Gremlin Leader","floor":28.0,"turns":8.0},{"damage":13.0,"enemies":"Snecko","floor":30.0,"turns":5.0},{"damage":30.0,"enemies":"Slavers","floor":31.0,"turns":2.0},{"damage":52.0,"enemies":"Champ","floor":33.0,"turns":17.0},{"damage":35.0,"enemies":"3 Darklings","floor":35.0,"turns":4.0},{"damage":0.0,"enemies":"3 Shapes","floor":39.0,"turns":5.0},{"damage":24.0,"enemies":"Nemesis","floor":41.0,"turns":9.0},{"damage":33.0,"enemies":"Spire Growth","floor":42.0,"turns":5.0},{"damage":11.0,"enemies":"Writhing Mass","floor":44.0,"turns":8.0},{"damage":3.0,"enemies":"3 Darklings","floor":46.0,"turns":3.0},{"damage":13,"enemies":"Spire Growth","floor":48,"turns":5}],"seed_played":"-6346153329867963239","potions_obtained":[{"floor":1.0,"key":"GhostInAJar"},{"floor":2.0,"key":"Fire Potion"},{"floor":4.0,"key":"Ancient Potion"},{"floor":10.0,"key":"CunningPotion"},{"floor":14.0,"key":"DuplicationPotion"},{"floor":18.0,"key":"DuplicationPotion"},{"floor":30.0,"key":"Block Potion"},{"floor":31.0,"key":"Regen Potion"},{"floor":39.0,"key":"EntropicBrew"},{"floor":41.0,"key":"FearPotion"},{"floor":42.0,"key":"Regen Potion"},{"floor":44.0,"key":"ColorlessPotion"}],"is_trial":false,"path_per_floor":["M","M","M","M","M","R","E","R","T","M","?","?","M","E","R","B",null,"M","?","M","?","?","R","T","R","T","M","E","R","M","E","R","B",null,"M","$","?","$","M","R","E","M","T","M","?","M","$","M"],"character_chosen":"THE_SILENT","items_purchased":["Noxious Fumes","Sundial","Footwork","Swift Potion","TwistedFunnel","Footwork","Dexterity Potion","Ancient Potion"],"campfire_rested":6,"item_purchase_floors":[36,36,38,38,47,47,47,47],"current_hp_per_floor":[70,70,70,62,55,55,34,57,57,56,56,56,55,33,56,47,70,51,30,14,14,14,37,37,60,60,60,43,55,42,12,47,10,61,26,26,26,26,26,64,40,7,7,11,11,8,8,0,0],"gold":47,"neow_bonus":"TWENTY_PERCENT_HP_BONUS","is_daily":false,"chose_seed":false,"campfire_upgraded":2,"win_rate":0.0,"timestamp":1608608419,"path_taken":["M","M","M","M","M","R","E","R","T","M","?","?","M","E","R","BOSS","M","?","M","?","?","R","?","R","T","M","E","R","M","E","R","BOSS","M","$","?","?","M","R","E","M","T","M","?","M","$","?"],"items_purchased_type":["Card","Relic","Card","Potion","Relic","Card","Potion","Potion"],"build_version":"2020-12-13","purchased_purges":0,"victory":false,"max_hp_per_floor":[78,78,78,78,78,78,78,78,78,78,78,78,78,78,78,78,78,78,78,78,78,78,78,78,78,78,78,78,78,78,78,78,78,78,78,78,78,78,78,78,78,78,78,78,78,78,78,78,78],"relic_stats":{"Nunchaku":[12],"counters":[24,143],"Sundial":[2],"Eternal Feather":39,"PreservedInsect":0,"Art of War":[15],"Whetstone":["Strike_G","Strike_G"],"War Paint":["Defend_G","Defend_G"],"obtain_stats":[{"TwistedFunnel":47,"Nilry\u0027s Codex":19,"Velvet Choker":17,"Vajra":31,"Eternal Feather":28,"PreservedInsect":41,"Omamori":43,"Whetstone":7,"War Paint":9,"Bottled Tornado":24,"Nunchaku":26,"WristBlade":34,"Ninja Scroll":14,"Sundial":36,"Art of War":22,"Ring of the Snake":0},{"TwistedFunnel":23,"Nilry\u0027s Codex":11,"Velvet Choker":10,"Vajra":16,"Eternal Feather":14,"PreservedInsect":20,"Omamori":21,"Whetstone":6,"War Paint":6,"Bottled Tornado":12,"Nunchaku":12,"WristBlade":17,"Ninja Scroll":9,"Sundial":18,"Art of War":12,"Ring of the Snake":0},{"TwistedFunnel":138,"Nilry\u0027s Codex":66,"Velvet Choker":62,"Vajra":87,"Eternal Feather":80,"PreservedInsect":122,"Omamori":127,"Whetstone":25,"War Paint":25,"Bottled Tornado":70,"Nunchaku":70,"WristBlade":104,"Ninja Scroll":46,"Sundial":108,"Art of War":70,"Ring of the Snake":0}],"Ring of the Snake":[48]},"card_choices":[{"not_picked":["Setup","Blur"],"picked":"Well Laid Plans","floor":1.0},{"not_picked":["Accuracy","Slice"],"picked":"Sucker Punch","floor":2.0},{"not_picked":["Well Laid Plans","Caltrops","Acrobatics"],"picked":"SKIP","floor":3.0},{"not_picked":["Deadly Poison","Dagger Spray"],"picked":"Dagger Throw","floor":4.0},{"not_picked":["Quick Slash","Deadly Poison","Flying Knee"],"picked":"SKIP","floor":5.0},{"not_picked":["Flying Knee","Blade Dance"],"picked":"Malaise","floor":7.0},{"not_picked":["Blade Dance","Concentrate"],"picked":"Skewer","floor":10.0},{"not_picked":["Dodge and Roll","Blade Dance","Slice"],"picked":"SKIP","floor":13.0},{"not_picked":["Concentrate","Sucker Punch"],"picked":"Predator","floor":14.0},{"not_picked":["Tools of the Trade","Glass Knife"],"picked":"Corpse Explosion","floor":16.0},{"not_picked":["Underhanded Strike","Dagger Spray"],"picked":"Crippling Poison","floor":18.0},{"not_picked":["Flying Knee","Infinite Blades","Acrobatics"],"picked":"SKIP","floor":20.0},{"not_picked":["Prepared","Deadly Poison"],"picked":"Backflip","floor":27.0},{"not_picked":["Leg Sweep+1","Blade Dance","Cloak And Dagger+1"],"picked":"SKIP","floor":28.0},{"not_picked":["Quick Slash","Well Laid Plans+1","Flechettes+1"],"picked":"SKIP","floor":30.0},{"not_picked":["Dodge and Roll","Eviscerate"],"picked":"Caltrops+1","floor":31.0},{"not_picked":["Night Terror","Corpse Explosion"],"picked":"Adrenaline","floor":33.0},{"not_picked":["Bane","Dodge and Roll","Underhanded Strike"],"picked":"SKIP","floor":35.0},{"not_picked":["Underhanded Strike","Infinite Blades"],"picked":"Footwork","floor":39.0},{"not_picked":["Eviscerate","Backflip","Well Laid Plans"],"picked":"SKIP","floor":41.0},{"not_picked":["Acrobatics+1","Backflip"],"picked":"PiercingWail","floor":42.0},{"not_picked":["Heel Hook+1","Tactician+1"],"picked":"Dash+1","floor":44.0},{"not_picked":["Noxious Fumes","Sucker Punch"],"picked":"Calculated Gamble","floor":46.0}],"player_experience":587741,"relics_obtained":[{"floor":7.0,"key":"Whetstone"},{"floor":9.0,"key":"War Paint"},{"floor":14.0,"key":"Ninja Scroll"},{"floor":19.0,"key":"Nilry\u0027s Codex"},{"floor":24.0,"key":"Bottled Tornado"},{"floor":26.0,"key":"Nunchaku"},{"floor":28.0,"key":"Eternal Feather"},{"floor":31.0,"key":"Vajra"},{"floor":41.0,"key":"PreservedInsect"},{"floor":43.0,"key":"Omamori"}],"event_choices":[{"damage_healed":0.0,"max_hp_gain":0.0,"max_hp_loss":0.0,"gold_gain":0.0,"event_name":"Dead Adventurer","player_choice":"Searched \u00271\u0027 times","floor":11.0,"gold_loss":0.0,"damage_taken":0.0},{"damage_healed":0.0,"max_hp_gain":0.0,"max_hp_loss":0.0,"gold_gain":0.0,"event_name":"Shining Light","player_choice":"Ignored","floor":12.0,"gold_loss":0.0,"damage_taken":0.0},{"damage_healed":0.0,"max_hp_gain":0.0,"max_hp_loss":0.0,"gold_gain":0.0,"event_name":"Cursed Tome","player_choice":"Obtained Book","floor":19.0,"gold_loss":0.0,"damage_taken":21.0},{"damage_healed":0.0,"max_hp_gain":0.0,"max_hp_loss":0.0,"gold_gain":50.0,"event_name":"Nest","player_choice":"Stole From Cult","floor":21.0,"gold_loss":0.0,"damage_taken":0.0},{"damage_healed":0.0,"max_hp_gain":0.0,"max_hp_loss":0.0,"gold_gain":0.0,"event_name":"Addict","player_choice":"Obtained Relic","floor":22.0,"gold_loss":85.0,"damage_taken":0.0,"relics_obtained":["Art of War"]},{"damage_healed":0.0,"max_hp_gain":0.0,"max_hp_loss":0.0,"gold_gain":0.0,"event_name":"Duplicator","player_choice":"Copied","floor":37.0,"gold_loss":0.0,"damage_taken":0.0,"cards_obtained":["Noxious Fumes"]},{"damage_healed":0.0,"max_hp_gain":0.0,"max_hp_loss":0.0,"gold_gain":300.0,"event_name":"Wheel of Change","player_choice":"Gold","floor":45.0,"gold_loss":0.0,"damage_taken":0.0}],"is_beta":false,"boss_relics":[{"not_picked":["SlaversCollar","Empty Cage"],"picked":"Velvet Choker"},{"not_picked":["Runic Pyramid","Runic Dome"],"picked":"WristBlade"}],"items_purged_floors":[],"is_endless":false,"potions_floor_spawned":[1,2,4,10,14,18,30,31,39,41,42,44],"killed_by":"Spire Growth","ascension_level":17}}