{"host":"fm9e0lfunjlbhzxv","time":1608617597,"event":{"mods":["2.2 Compatiblity","Astrologer","BaseMod","Colored Map","Colored Powertips","Downfall","Energized Spire","Gremlin Mod","Key Reminder","Minty Spire (QoL Compilation)","Permanent Neow","Rare Cards Sparkle","Relic Stats","StSLib","The Administrix","The Disciple","The Mystic","The Vixen","slay the spire mod where everything is the same but ironclad has a cowboy hat"],"gold_per_floor":[99,115,115,126,146,146,171,44,144,170,181,197,107,107,123,228,278,278,24,36,56,76,76,76,76,61,61,74,106,106,31,31,31],"floor_reached":32,"playtime":3769,"items_purged":["sneckomod:Strike","sneckomod:Defend"],"score":335,"play_id":"7c712658-36db-4ff0-a6b7-fdff7e6dccb8","local_time":"20201221221317","is_ascension_mode":false,"campfire_choices":[{"data":"sneckomod:SnekBite","floor":1.0,"key":"SMITH"},{"data":"sneckomod:Rotation","floor":6.0,"key":"SMITH"},{"data":"sneckomod:UnknownRarePower","floor":18,"key":"SMITH"},{"data":"sneckomod:UnlimitedRolls","floor":23,"key":"SMITH"},{"data":"sneckomod:MorePower","floor":27,"key":"SMITH"}],"circlet_count":0,"master_deck":["sneckomod:TailWhip","sneckomod:SnekBite+1","sneckomod:Unknown","sneckomod:Unknown+1","sneckomod:Rotation+1","sneckomod:UnknownClassTHE_CHAMP_GRAY+1","sneckomod:UnknownWeak","sneckomod:QuickMove","sneckomod:MasterEye","sneckomod:SlitherStrike","sneckomod:Nope","sneckomod:Unknown1Cost","sneckomod:UnknownExhaust","sneckomod:UnknownRarePower+1","sneckomod:QuickMove","sneckomod:MorePower+1","sneckomod:Unknown1Cost","sneckomod:UnknownRarePower+1","sneckomod:UnknownUncommonAttack","sneckomod:UnlimitedRolls+1","sneckomod:UnknownRarePower+1","sneckomod:WideSting+1","sneckomod:Unknown1Cost+1","sneckomod:UnknownWeak+1","sneckomod:UnknownRareAttack","sneckomod:Unknown","sneckomod:UnknownStrength","sneckomod:UnknownClassGUARDIAN","sneckomod:UnknownClassASTROLOGER+1","sneckomod:UnknownCommonAttack","sneckomod:UnknownRarePower+1","sneckomod:UnknownUncommonPower+1","sneckomod:Rotation","sneckomod:UnknownRareSkill"],"relics":["sneckomod:SneckoSoul","TheVixenMod:UmbreonRelic","War Paint","Ornamental Fan","Tiny House","Letter Opener","Boot","keyreminder:keyreminder","ClockworkSouvenir"],"acts_visited":["Exordium","TheCity"],"potions_floor_usage":[17,22,28,28,28,29,29,29,31,31,32],"damage_taken":[{"damage":1.0,"enemies":"Cultist","floor":2.0,"turns":4.0},{"damage":4.0,"enemies":"Cultist","floor":3.0,"turns":3.0},{"damage":1.0,"enemies":"Small Slimes","floor":4.0,"turns":5.0},{"damage":6.0,"enemies":"Jaw Worm","floor":5.0,"turns":2.0},{"damage":0,"enemies":"downfall:FleeingMerchant","floor":8,"turns":4},{"damage":24,"enemies":"3 Sentries","floor":10,"turns":8},{"damage":15,"enemies":"Exordium Thugs","floor":11,"turns":4},{"damage":0,"enemies":"Blue Slaver","floor":12,"turns":4},{"damage":0,"enemies":"downfall:FleeingMerchant","floor":13,"turns":4},{"damage":7,"enemies":"Large Slime","floor":15,"turns":4},{"damage":22,"enemies":"downfall:Watcher","floor":16,"turns":11},{"damage":28,"enemies":"downfall:FleeingMerchant","floor":19,"turns":4},{"damage":10,"enemies":"Shell Parasite","floor":20,"turns":3},{"damage":3,"enemies":"Chosen and Byrds","floor":21,"turns":5},{"damage":24,"enemies":"Snake Plant","floor":22,"turns":6},{"damage":7,"enemies":"downfall:FleeingMerchant","floor":26,"turns":4},{"damage":4,"enemies":"Cultist and Chosen","floor":28,"turns":6},{"damage":50,"enemies":"Slavers","floor":29,"turns":3},{"damage":10,"enemies":"downfall:FleeingMerchant","floor":31,"turns":4},{"damage":25,"enemies":"Centurion and Healer","floor":32,"turns":2}],"seed_played":"7909483315568823738","potions_obtained":[{"floor":4.0,"key":"DistilledChaos"},{"floor":5.0,"key":"SteroidPotion"},{"floor":11,"key":"Strength Potion"},{"floor":12,"key":"Fruit Juice"},{"floor":17,"key":"EntropicBrew"},{"floor":21,"key":"LiquidMemories"},{"floor":28,"key":"Strength Potion"}],"is_trial":false,"path_per_floor":["R","M","?","M","M","R","T","$","?","E","M","M","$","?","M","B",null,"R","$","M","M","M","R","T","?","$","R","M","E","?","$","M"],"character_chosen":"THE_SNECKO","items_purchased":["sneckomod:MasterEye","sneckomod:SlitherStrike","sneckomod:UnlimitedRolls","ClockworkSouvenir","DistilledChaos","Strength Potion","sneckomod:UnknownRareSkill"],"campfire_rested":0,"item_purchase_floors":[8,8,19,31,31,31,31],"current_hp_per_floor":[99,98,94,94,89,89,89,89,89,65,51,52,53,53,46,24,115,115,106,97,96,72,72,72,76,70,70,80,31,31,22,0,0],"gold":31,"neow_bonus":"TEN_PERCENT_HP_BONUS","is_daily":false,"chose_seed":false,"campfire_upgraded":5,"win_rate":0.0,"timestamp":1608617597,"path_taken":["R","M","?","M","M","R","T","$","?","E","?","M","$","?","M","BOSS","R","$","M","M","M","R","T","?","$","R","M","E","?","$","M"],"items_purchased_type":["Card","Card","Card","Relic","Potion","Potion","Card"],"build_version":"2020-12-13","purchased_purges":2,"victory":false,"max_hp_per_floor":[99,99,99,100,101,101,101,101,101,101,102,103,104,104,104,104,115,115,117,118,120,120,120,120,124,125,125,127,128,128,129,129,129],"relic_stats":{"counters":[20,90],"Ornamental Fan":[64],"Letter Opener":[80],"War Paint":["sneckomod:UnknownClassTHE_CHAMP_GRAY","sneckomod:Unknown"],"Boot":[0],"obtain_stats":[{"keyreminder:keyreminder":29,"downfall:BrokenWingStatue":14,"Tiny House":17,"Ornamental Fan":10,"Letter Opener":24,"War Paint":7,"sneckomod:SneckoSoul":0,"Boot":29,"TheVixenMod:UmbreonRelic":3,"ClockworkSouvenir":31},{"keyreminder:keyreminder":18,"downfall:BrokenWingStatue":9,"Tiny House":11,"Ornamental Fan":6,"Letter Opener":15,"War Paint":4,"sneckomod:SneckoSoul":0,"Boot":18,"TheVixenMod:UmbreonRelic":1,"ClockworkSouvenir":19},{"keyreminder:keyreminder":84,"downfall:BrokenWingStatue":38,"Tiny House":53,"Ornamental Fan":26,"Letter Opener":71,"War Paint":14,"sneckomod:SneckoSoul":0,"Boot":84,"TheVixenMod:UmbreonRelic":4,"ClockworkSouvenir":88}]},"card_choices":[{"not_picked":["sneckomod:DiceBlock","sneckomod:UnknownClassGREEN"],"picked":"sneckomod:Rotation","floor":2.0},{"not_picked":["sneckomod:QuickBite","sneckomod:DefensiveFlair"],"picked":"sneckomod:UnknownClassTHE_CHAMP_GRAY","floor":4.0},{"not_picked":["sneckomod:DiceBlock","sneckomod:SoulRoll"],"picked":"sneckomod:UnknownWeak","floor":5.0},{"not_picked":["sneckomod:ImprovisedAttack","sneckomod:UnknownCommonSkill"],"picked":"sneckomod:QuickMove","floor":8},{"not_picked":["sneckomod:SlitherStrike","sneckomod:SoulDraw"],"picked":"sneckomod:Nope","floor":10},{"not_picked":["sneckomod:UnknownBlock","sneckomod:UnknownWeak"],"picked":"sneckomod:Unknown1Cost","floor":11},{"not_picked":["sneckomod:QuickBite","sneckomod:ImprovisedAttack"],"picked":"sneckomod:UnknownExhaust","floor":12},{"not_picked":["sneckomod:SlitherStrike","sneckomod:UnknownClassGREEN"],"picked":"sneckomod:UnknownRarePower","floor":13},{"not_picked":["sneckomod:Unknown2Cost","sneckomod:ImprovisedGuard"],"picked":"sneckomod:QuickMove","floor":15},{"not_picked":["sneckomod:DangerNoodle","sneckomod:UnknownRarePower"],"picked":"sneckomod:MorePower","floor":16},{"not_picked":["sneckomod:QuickBite","sneckomod:SlitherStrike"],"picked":"sneckomod:Unknown1Cost","floor":17},{"not_picked":["sneckomod:UnknownStrike+1","sneckomod:UnknownClassCHRONO_GOLD+1"],"picked":"sneckomod:UnknownRarePower+1","floor":19},{"not_picked":["sneckomod:SoulRoll","sneckomod:Nope"],"picked":"sneckomod:UnknownUncommonAttack","floor":19},{"not_picked":["sneckomod:UnknownClassSLIMEBOUND+1","sneckomod:UnknownClassRED+1"],"picked":"sneckomod:UnknownRarePower+1","floor":20},{"not_picked":["sneckomod:UnknownCommonSkill","sneckomod:DiceBlock"],"picked":"sneckomod:WideSting+1","floor":20},{"not_picked":["sneckomod:UnknownEthereal","sneckomod:SoulRoll"],"picked":"sneckomod:Unknown1Cost+1","floor":21},{"not_picked":["sneckomod:UnknownCommonSkill+1","sneckomod:UnknownClassCHRONO_GOLD+1"],"picked":"sneckomod:UnknownWeak+1","floor":21},{"not_picked":["sneckomod:UnknownUncommonAttack","sneckomod:ImprovisedGuard","sneckomod:RainOfDice"],"picked":"SKIP","floor":22},{"not_picked":["sneckomod:Unknown+1","sneckomod:UnknownStrike+1"],"picked":"sneckomod:UnknownClassASTROLOGER+1","floor":26},{"not_picked":["sneckomod:SoulDraw","sneckomod:RainOfDice","sneckomod:SoulRoll"],"picked":"SKIP","floor":26},{"not_picked":["sneckomod:SoulRoll+1","sneckomod:UnknownClassTHE_CHAMP_GRAY"],"picked":"sneckomod:UnknownCommonAttack","floor":28},{"not_picked":["sneckomod:UnknownClassBLUE+1","sneckomod:UnknownVulnerable+1"],"picked":"sneckomod:UnknownRarePower+1","floor":28},{"not_picked":["sneckomod:RainOfDice","sneckomod:UnknownClassASTROLOGER+1"],"picked":"sneckomod:UnknownUncommonPower+1","floor":29},{"not_picked":["sneckomod:QuickMove","sneckomod:UnknownBlock"],"picked":"sneckomod:Rotation","floor":31}],"player_experience":576160,"relics_obtained":[{"floor":7.0,"key":"War Paint"},{"floor":10,"key":"Ornamental Fan"},{"floor":24,"key":"Letter Opener"},{"floor":29,"key":"Boot"}],"event_choices":[{"damage_healed":0.0,"max_hp_gain":0.0,"max_hp_loss":0.0,"gold_gain":0.0,"event_name":"Creature of the Night","player_choice":"Fight the Beast\u0027s assailants","floor":3.0,"gold_loss":0.0,"damage_taken":0.0,"relics_obtained":["TheVixenMod:UmbreonRelic"]},{"damage_healed":0,"gold_gain":100,"player_choice":"Gold","damage_taken":0,"max_hp_gain":0,"max_hp_loss":0,"event_name":"Wheel of Change","floor":9,"gold_loss":0}],"is_beta":false,"boss_relics":[{"not_picked":["Calling Bell","Ectoplasm"],"picked":"Tiny House"}],"items_purged_floors":[13,19],"is_endless":false,"potions_floor_spawned":[3,4,5,11,12,21,28],"killed_by":"Centurion and Healer","ascension_level":0}}