{"host":"adv1uqz3812gqgbw","time":1608619419,"event":{"mods":["BaseMod","Better Note","Better Third Choice","Colored Powertips","Custom Start","Dio Mod","Minty Spire (QoL Compilation)","StSLib","The Runesmith","Uncapped"],"gold_per_floor":[109,127,52,52,22,75,75,94,94,127,127,154,154,174,174,275,275,293,308,308,318,57,89,89,100,173,173,173,202,202,218,218,317,317,334,384,384,397,397,397],"floor_reached":39,"playtime":1906,"items_purged":["dioMod:Strike","dioMod:Strike"],"score":477,"play_id":"89bc29c6-1951-441d-a869-0a40625ceb55","local_time":"20201222044339","is_ascension_mode":false,"campfire_choices":[{"data":"dioMod:Muda","floor":7,"key":"SMITH"},{"data":"dioMod:Muda","floor":11,"key":"SMITH"},{"data":"dioMod:DoubleTime","floor":15,"key":"SMITH"},{"data":"dioMod:DominatingPresence","floor":24,"key":"SMITH"},{"data":"dioMod:ZaWarudo","floor":27,"key":"SMITH"},{"data":"dioMod:Muda","floor":32,"key":"SMITH"}],"circlet_count":0,"master_deck":["dioMod:Strike","dioMod:Strike","Bite","dioMod:Defend","dioMod:Defend","dioMod:Defend","dioMod:Muda+1","dioMod:DoubleTime+1","dioMod:Muda+1","dioMod:TheWalk","dioMod:StreetSign","dioMod:ZaWarudo+1","dioMod:Muda+1","dioMod:LaserVision","dioMod:DominatingPresence+1","Clash+1","dioMod:DominatingPresence","dioMod:BloodShield","Parasite"],"relics":["dioMod:VampireBlood","Dream Catcher","betterThird:SlimedRelic","Art of War","Bottled Flame","Calipers","The Courier","Busted Crown","Anchor","Lantern","White Beast Statue","Ancient Tea Set","Turnip"],"acts_visited":["Exordium","TheCity","TheBeyond"],"potions_floor_usage":[16,16],"damage_taken":[{"damage":10,"enemies":"Cultist","floor":1,"turns":4},{"damage":6,"enemies":"Jaw Worm","floor":2,"turns":3},{"damage":1,"enemies":"2 Louse","floor":8,"turns":3},{"damage":12,"enemies":"3 Sentries","floor":10,"turns":8},{"damage":6,"enemies":"Lagavulin","floor":12,"turns":4},{"damage":7,"enemies":"Lots of Slimes","floor":14,"turns":4},{"damage":45,"enemies":"The Guardian","floor":16,"turns":11},{"damage":5,"enemies":"2 Thieves","floor":18,"turns":3},{"damage":0,"enemies":"3 Byrds","floor":19,"turns":4},{"damage":8,"enemies":"3 Cultists","floor":21,"turns":6},{"damage":0,"enemies":"Book of Stabbing","floor":23,"turns":3},{"damage":0,"enemies":"Cultist and Chosen","floor":25,"turns":2},{"damage":0,"enemies":"Slavers","floor":29,"turns":2},{"damage":16,"enemies":"Snake Plant","floor":31,"turns":3},{"damage":43,"enemies":"Champ","floor":33,"turns":8},{"damage":0,"enemies":"Orb Walker","floor":35,"turns":1},{"damage":32,"enemies":"Mind Bloom Boss Battle","floor":36,"turns":5},{"damage":37,"enemies":"3 Shapes","floor":38,"turns":3},{"damage":26,"enemies":"Writhing Mass","floor":39,"turns":3}],"seed_played":"2090821977332140265","potions_obtained":[{"floor":10,"key":"EssenceOfSteel"},{"floor":12,"key":"Energy Potion"},{"floor":18,"key":"LiquidMemories"},{"floor":21,"key":"Strength Potion"},{"floor":29,"key":"DuplicationPotion"},{"floor":31,"key":"AttackPotion"}],"is_trial":false,"path_per_floor":["M","M","$","?","?","T","R","M","T","E","R","E","?","M","R","B",null,"M","M","?","M","$","E","R","M","T","R","?","E","?","M","R","B",null,"M","?","?","M","M"],"character_chosen":"THE_DEFAULT","items_purchased":["Anchor","dioMod:DominatingPresence"],"campfire_rested":0,"item_purchase_floors":[22,22],"current_hp_per_floor":[69,68,68,68,57,57,57,64,64,67,67,68,68,75,75,43,75,75,75,75,75,75,75,75,75,75,75,75,75,75,64,64,32,75,75,48,48,20,0,0],"gold":397,"neow_bonus":"RANDOM_COMMON_RELIC","is_daily":false,"chose_seed":false,"campfire_upgraded":6,"win_rate":0.0,"timestamp":1608619419,"path_taken":["M","M","$","?","?","?","R","M","T","E","R","E","?","M","R","BOSS","M","M","?","?","$","E","R","M","T","R","?","E","?","?","R","BOSS","M","?","?","M","M"],"items_purchased_type":["Relic","Card"],"build_version":"2020-12-13","purchased_purges":2,"victory":false,"max_hp_per_floor":[75,75,75,75,75,75,75,75,75,75,75,75,75,75,75,75,75,75,75,75,75,75,75,75,75,75,75,75,75,75,75,75,75,75,75,75,75,75,75,75],"card_choices":[{"not_picked":["dioMod:Roundabout","dioMod:CutDeep"],"picked":"dioMod:Muda","floor":1},{"not_picked":["dioMod:BloodSplash","dioMod:HeavyLifting"],"picked":"dioMod:DoubleTime","floor":2},{"not_picked":["dioMod:LaserVision","dioMod:SecretPlan"],"picked":"dioMod:Muda","floor":8},{"not_picked":["dioMod:Freeze","dioMod:BloodSuck"],"picked":"dioMod:TheWalk","floor":10},{"not_picked":["dioMod:Roundabout","dioMod:CutDeep"],"picked":"dioMod:StreetSign","floor":12},{"not_picked":["dioMod:MudaMudaMuda","dioMod:TripleThreat","dioMod:WRYYY"],"picked":"SKIP","floor":14},{"not_picked":["dioMod:Refresh","dioMod:PhantomBlood"],"picked":"dioMod:ZaWarudo","floor":16},{"not_picked":["dioMod:Hiss"],"picked":"SKIP","floor":18},{"not_picked":[],"picked":"dioMod:Muda","floor":19},{"not_picked":[],"picked":"dioMod:LaserVision","floor":21},{"not_picked":["dioMod:BloodSplash"],"picked":"SKIP","floor":23},{"not_picked":["dioMod:ComposedMuda"],"picked":"SKIP","floor":25},{"not_picked":["dioMod:HeavyLifting+1"],"picked":"SKIP","floor":29},{"not_picked":["dioMod:DaggerSpree"],"picked":"SKIP","floor":31},{"not_picked":["dioMod:BloodSplash"],"picked":"SKIP","floor":35},{"not_picked":[],"picked":"dioMod:BloodShield","floor":36},{"not_picked":["dioMod:ComposedMuda"],"picked":"SKIP","floor":38}],"player_experience":295028,"relics_obtained":[{"floor":6,"key":"Art of War"},{"floor":9,"key":"Bottled Flame"},{"floor":10,"key":"Calipers"},{"floor":12,"key":"The Courier"},{"floor":23,"key":"Lantern"},{"floor":26,"key":"White Beast Statue"},{"floor":29,"key":"Ancient Tea Set"},{"floor":36,"key":"Turnip"}],"event_choices":[{"damage_healed":0,"gold_gain":0,"player_choice":"Leave","damage_taken":0,"max_hp_gain":0,"max_hp_loss":0,"event_name":"The Cleric","floor":4,"gold_loss":0},{"damage_healed":0,"gold_gain":0,"player_choice":"Slimed","damage_taken":11,"max_hp_gain":0,"max_hp_loss":0,"event_name":"betterThird:BetterGoop","floor":5,"gold_loss":30},{"damage_healed":0,"gold_gain":0,"player_choice":"LEAVE","damage_taken":0,"max_hp_gain":0,"max_hp_loss":0,"event_name":"betterThird:BetterScrap","floor":13,"gold_loss":0,"cards_obtained":["Calculated Gamble"]},{"cards_removed":["dioMod:Defend"],"damage_healed":0,"gold_gain":0,"player_choice":"Offered Basic","damage_taken":0,"max_hp_gain":0,"max_hp_loss":0,"event_name":"Bonfire Elementals","floor":20,"gold_loss":0},{"damage_healed":0,"gold_gain":0,"player_choice":"Take","damage_taken":0,"max_hp_gain":0,"max_hp_loss":0,"event_name":"betterNote:BetterNote","floor":28,"gold_loss":0,"cards_obtained":["Clash"]},{"damage_healed":0,"gold_gain":0,"player_choice":"Read","damage_taken":0,"max_hp_gain":0,"max_hp_loss":0,"event_name":"The Library","floor":30,"gold_loss":0,"cards_obtained":["dioMod:DominatingPresence"]},{"damage_healed":0,"gold_gain":0,"player_choice":"Fight","damage_taken":0,"max_hp_gain":0,"max_hp_loss":0,"event_name":"MindBloom","floor":36,"gold_loss":0},{"damage_healed":0,"gold_gain":0,"player_choice":"Random: Blue","damage_taken":0,"max_hp_gain":0,"max_hp_loss":0,"event_name":"betterThird:BetterPortal","floor":37,"gold_loss":0},{"damage_healed":0,"gold_gain":0,"player_choice":"Memory 1","damage_taken":0,"max_hp_gain":0,"max_hp_loss":0,"event_name":"SensoryStone","floor":37,"gold_loss":0}],"is_beta":false,"boss_relics":[{"not_picked":["Ectoplasm","Fusion Hammer"],"picked":"Busted Crown"},{"not_picked":["Velvet Choker","Cursed Key","Snecko Eye"]}],"items_purged_floors":[3,22],"is_endless":false,"potions_floor_spawned":[10,12,18,21,29,31,33,35,36,38],"killed_by":"Writhing Mass","ascension_level":0}}