{"host":"rmsq46plbpwfbxcc","time":1608636888,"event":{"mods":["AchievementEnabler","BaseMod","Colored Map","DeckTracker","Minty Spire (QoL Compilation)","Permanent Neow","SuperFastMode"],"gold_per_floor":[117,117,117,132,144,179,179,210,210,210,220,234,253,178,178,251,251,270,270,320,332,346,346,359,359,359],"floor_reached":25,"playtime":705,"items_purged":["Strike_G"],"score":387,"play_id":"24b1c41e-547d-49dc-96a4-319597044025","local_time":"20201222203448","is_ascension_mode":true,"campfire_choices":[{"data":"Neutralize","floor":7.0,"key":"SMITH"},{"data":"Blade Dance","floor":10.0,"key":"SMITH"},{"floor":15.0,"key":"REST"},{"data":"Cloak And Dagger","floor":23,"key":"SMITH"}],"circlet_count":0,"master_deck":["AscendersBane","Strike_G","Strike_G","Defend_G","Defend_G","Defend_G","Defend_G","Survivor","Neutralize+1","Backstab","Blade Dance+1","Choke","Cloak And Dagger+1","Bullet Time","Unload+1","Backflip+1","Sucker Punch+1","PiercingWail+1","Tactician","Tactician"],"relics":["WristBlade","Omamori","StrikeDummy","Oddly Smooth Stone","Astrolabe"],"acts_visited":["Exordium","TheCity"],"potions_floor_usage":[25],"damage_taken":[{"damage":15.0,"enemies":"Small Slimes","floor":1.0,"turns":6.0},{"damage":3.0,"enemies":"Cultist","floor":4.0,"turns":5.0},{"damage":2.0,"enemies":"Jaw Worm","floor":5.0,"turns":3.0},{"damage":12.0,"enemies":"Gremlin Nob","floor":6.0,"turns":3.0},{"damage":7.0,"enemies":"3 Sentries","floor":8.0,"turns":8.0},{"damage":4.0,"enemies":"Gremlin Gang","floor":11.0,"turns":4.0},{"damage":0.0,"enemies":"2 Fungi Beasts","floor":12.0,"turns":2.0},{"damage":2.0,"enemies":"3 Louse","floor":13.0,"turns":2.0},{"damage":13.0,"enemies":"The Guardian","floor":16.0,"turns":14.0},{"damage":0.0,"enemies":"Spheric Guardian","floor":18.0,"turns":3.0},{"damage":0,"enemies":"Shell Parasite","floor":21,"turns":2},{"damage":5,"enemies":"Cultist and Chosen","floor":22,"turns":5},{"damage":5,"enemies":"Snake Plant","floor":24,"turns":3},{"damage":47,"enemies":"Gremlin Leader","floor":25,"turns":6}],"seed_played":"8027935343029348757","potions_obtained":[{"floor":4.0,"key":"Ancient Potion"},{"floor":5.0,"key":"PowerPotion"},{"floor":11.0,"key":"BlessingOfTheForge"},{"floor":13.0,"key":"DistilledChaos"},{"floor":24,"key":"AttackPotion"}],"is_trial":false,"path_per_floor":["M","?","$","M","M","E","R","E","T","R","M","M","M","$","R","B",null,"M","?","?","M","M","R","M","E"],"character_chosen":"THE_SILENT","items_purchased":[],"campfire_rested":1,"item_purchase_floors":[],"current_hp_per_floor":[44,40,40,37,35,23,23,16,16,16,12,12,10,10,29,16,54,54,54,54,54,49,49,44,0,0],"gold":359,"neow_bonus":"BOSS_RELIC","is_daily":false,"chose_seed":false,"campfire_upgraded":3,"win_rate":0.0,"timestamp":1608636888,"path_taken":["M","?","$","M","M","E","R","E","T","R","M","M","?","$","R","BOSS","M","?","?","M","M","R","?","E"],"items_purchased_type":[],"build_version":"2020-12-13","purchased_purges":1,"victory":false,"max_hp_per_floor":[66,66,66,66,66,66,66,66,66,66,66,66,66,66,66,66,66,66,66,66,66,66,66,66,66,66],"card_choices":[{"not_picked":["Bane","Flying Knee","Riddle With Holes"],"picked":"SKIP","floor":1.0},{"not_picked":["Skewer","Blur"],"picked":"Backstab","floor":4.0},{"not_picked":["Deflect","Sucker Punch"],"picked":"Blade Dance","floor":5.0},{"not_picked":["Deflect","Outmaneuver","All Out Attack"],"picked":"SKIP","floor":6.0},{"not_picked":["Dagger Spray","Poisoned Stab","Crippling Poison"],"picked":"SKIP","floor":8.0},{"not_picked":["Prepared","Infinite Blades"],"picked":"Choke","floor":11.0},{"not_picked":["Flechettes","Backflip"],"picked":"Cloak And Dagger","floor":12.0},{"not_picked":["Sucker Punch","Caltrops","Skewer"],"picked":"SKIP","floor":13.0},{"not_picked":["Malaise","Grand Finale"],"picked":"Bullet Time","floor":16.0},{"not_picked":["Bane","Bouncing Flask","Riddle With Holes"],"picked":"SKIP","floor":18.0},{"not_picked":["Riddle With Holes","Slice"],"picked":"PiercingWail+1","floor":21},{"not_picked":["Deflect+1","Acrobatics"],"picked":"Tactician","floor":22},{"not_picked":["Slice","Prepared"],"picked":"Tactician","floor":24}],"player_experience":1356015,"relics_obtained":[{"floor":6.0,"key":"Omamori"},{"floor":8.0,"key":"StrikeDummy"},{"floor":9.0,"key":"Oddly Smooth Stone"}],"event_choices":[{"damage_healed":0.0,"max_hp_gain":0.0,"max_hp_loss":0.0,"gold_gain":0.0,"event_name":"The Woman in Blue","player_choice":"Bought 0 Potions","floor":2.0,"gold_loss":0.0,"damage_taken":0.0},{"damage_healed":0.0,"max_hp_gain":0.0,"max_hp_loss":0.0,"gold_gain":0.0,"event_name":"Ghosts","player_choice":"Ignored","floor":19.0,"gold_loss":0.0,"damage_taken":0.0},{"damage_healed":0.0,"max_hp_gain":0.0,"max_hp_loss":0.0,"gold_gain":50.0,"event_name":"Golden Shrine","player_choice":"Pray","floor":20.0,"gold_loss":0.0,"damage_taken":0.0}],"is_beta":false,"boss_relics":[{"not_picked":["Tiny House","Ectoplasm"],"picked":"Astrolabe"}],"items_purged_floors":[14],"is_endless":false,"potions_floor_spawned":[4,5,11,13,24],"killed_by":"Gremlin Leader","ascension_level":16}}