{"host":"9vk21r6l9dtkpvh9","time":1608662043,"event":{"mods":["2.2 Compatiblity","AchievementEnabler","Act Like it!","Astrologer","Bard","Bartender","BaseMod","Better Altar","Better Match","Better Note","Better Sensory Stone","Better Skull","Better Third Choice","BetterRewards","CapriCore","CatGirl Mod","Colored Map","Colored Powertips","Conspire","DeckTracker","Downfall","Energized Spire","Fiend Mod","Gensokyo","GifTheSpireLib","Hermit","Hubris","Infinite Spire","Jorbs\u0027s Wanderer Trilogy","Koishi","LagranYue(???·?)","Luminous","Mad Scientist","Marisa????????","Mimic Mod","Minty Spire (QoL Compilation)","Potionbrewer","Rare Cards Sparkle","Relic Stats","Replay The Spire","SOS???????","Shade Mod","Spicy Shops","StSLib","SuperFastMode","Td1madao Mod","The Animator","The Construct","The Forsaken","The Gatherer","The Hayseed","The Hierophant","The Immortal","The Jungle","The Mystic","The Necromancer","The Runesmith","The Senshi","The Servant 0.9.4","The Trickster","The Valiant","The Wild Card","TheBandit","TheSwordswoman","TheWitcher","WarShipGirlsR/????R mod","vexMod","???Mod??????Boss"],"gold_per_floor":[138,138,138,151,0,0,49,76,101,111,127,227,237,254,254,351,351,397,397,441,453,453,453,472,482,509,509,536,536,53,53,53,186,186,228,242,255,270,270,270,270,11,84,100,100,142,187,187,187],"floor_reached":48,"playtime":2478,"items_purged":["hierophant:Strike_Hierophant","Strike_P"],"score":608,"play_id":"2130c722-b7c6-4867-8ac7-65ba1f1ae02c","local_time":"20201222133403","is_ascension_mode":false,"campfire_choices":[{"data":"Wish","floor":6.0,"key":"SMITH"},{"data":"Wallop","floor":15.0,"key":"SMITH"},{"data":"Ragnarok","floor":23.0,"key":"SMITH"},{"data":"FlurryOfBlows","floor":29.0,"key":"SMITH"},{"data":"LikeWater","floor":32.0,"key":"SMITH"},{"floor":40,"key":"RECALL"},{"data":"infinitespire:Collect","floor":45,"key":"SMITH"}],"circlet_count":0,"master_deck":["Strike_P","Strike_P","Defend_P","Defend_P","Defend_P","Defend_P","Eruption","Vigilance","Survivor","Wish+1","Sanctity","EmptyBody","FearNoEvil","Conclude","Wallop+1","SashWhip","LikeWater+1","Protect","Ragnarok+1","FlyingSleeves","Crescendo","FlurryOfBlows+1","infinitespire:Fortify","InnerPeace","Establishment","Noxious Fumes+1","Replay:ManipulateFuture+1","DeusExMachina","CrushJoints","EmptyFist+1","Pray+1","infinitespire:Collect+1","Alpha","Worship+1","WindmillStrike+1","MentalFortress+1"],"relics":["PureWater","LagranYue:RandomDrawCardRelic","Sling","theForsaken:ScaryMask","energizedSpire:DeadBattery","FaceOfCleric","hubris:ToyBattleship","LagranYue:MagicReflectiveArmorRelic","MealTicket","infinitespire:EmpoweringShard","Anchor","hubris:Icosahedron","vexMod:CursedCompass","Omamori","Toxic Egg 2"],"acts_visited":["Exordium","TheCity","TheBeyond"],"potions_floor_usage":[33],"damage_taken":[{"damage":13.0,"enemies":"Small Slimes","floor":1.0,"turns":3.0},{"damage":0.0,"enemies":"Jaw Worm","floor":4.0,"turns":3.0},{"damage":0.0,"enemies":"Cultist","floor":7.0,"turns":3.0},{"damage":8.0,"enemies":"Gremlin Nob","floor":8.0,"turns":5.0},{"damage":1.0,"enemies":"Looter","floor":10.0,"turns":5.0},{"damage":0.0,"enemies":"2 Fungi Beasts","floor":11.0,"turns":4.0},{"damage":0.0,"enemies":"Red Slaver","floor":13.0,"turns":5.0},{"damage":0.0,"enemies":"3 Louse","floor":14.0,"turns":3.0},{"damage":42.0,"enemies":"Hexaghost","floor":16.0,"turns":20.0},{"damage":0.0,"enemies":"Chosen","floor":18.0,"turns":7.0},{"damage":15.0,"enemies":"Spheric Guardian","floor":20.0,"turns":6.0},{"damage":3.0,"enemies":"Chosen and Byrds","floor":21.0,"turns":5.0},{"damage":0.0,"enemies":"Sentry and Sphere","floor":24.0,"turns":4.0},{"damage":6.0,"enemies":"3 Cultists","floor":25.0,"turns":4.0},{"damage":0.0,"enemies":"Book of Stabbing","floor":28.0,"turns":5.0},{"damage":0,"enemies":"Champ","floor":33,"turns":9},{"damage":0,"enemies":"Orb Walker","floor":35,"turns":3},{"damage":7,"enemies":"3 Shapes","floor":36,"turns":4},{"damage":13,"enemies":"3 Darklings","floor":37,"turns":5},{"damage":0,"enemies":"Transient","floor":38,"turns":5},{"damage":0,"enemies":"Sphere and 2 Shapes","floor":44,"turns":2},{"damage":31,"enemies":"4 Shapes","floor":46,"turns":4},{"damage":5,"enemies":"Transient","floor":47,"turns":5},{"damage":50,"enemies":"Nightmare","floor":48,"turns":3}],"seed_played":"5944064023689082869","potions_obtained":[{"floor":4.0,"key":"potionbrewer:FreezingPotion"},{"floor":10.0,"key":"potionbrewer:ToxicPotion"},{"floor":13.0,"key":"sneckomod:MuddlingPotion"},{"floor":14.0,"key":"SkillPotion"},{"floor":16.0,"key":"AttackPotion"},{"floor":25.0,"key":"PowerPotion"},{"floor":28.0,"key":"SkillPotion"},{"floor":36,"key":"sneckomod:MuddlingPotion"},{"floor":37,"key":"potionbrewer:ToxicPotion"},{"floor":38,"key":"DuplicationPotion"}],"is_trial":false,"path_per_floor":["M","?","?","M","$","R","M","E","T","M","M","?","M","M","R","B",null,"M","?","M","M","AVR","R","M","M","T","?","E","R","$","?","R","B",null,"M","M","M","M","?","R","AVR","$","T","M","R","M","M","NM"],"character_chosen":"WATCHER","items_purchased":["Sling","infinitespire:EmpoweringShard","Anchor","Alpha"],"campfire_rested":0,"item_purchase_floors":[5,30,30,42],"current_hp_per_floor":[59,64,64,64,64,64,64,56,56,55,55,55,55,55,55,13,77,77,77,63,61,61,61,62,57,57,57,58,58,73,73,73,74,83,84,78,66,67,67,67,67,82,82,83,83,53,49,0,0],"gold":187,"neow_bonus":"THREE_RARE_CARDS","is_daily":false,"chose_seed":false,"campfire_upgraded":6,"win_rate":0.0,"timestamp":1608662043,"path_taken":["M","?","?","M","?","R","M","E","T","M","M","?","M","?","R","BOSS","M","?","M","M","AVR","R","M","M","T","?","E","R","$","?","R","BOSS","M","M","M","M","?","R","AVR","?","T","M","R","M","?","NM"],"items_purchased_type":["Relic","Relic","Relic","Card"],"build_version":"2020-12-13","purchased_purges":2,"victory":false,"max_hp_per_floor":[72,77,77,77,77,77,77,77,77,77,77,77,77,77,77,77,77,77,77,78,79,79,79,80,81,81,81,82,82,82,82,82,83,83,84,85,86,87,87,87,87,87,87,88,88,89,90,90,90],"relic_stats":{"FaceOfCleric":13,"counters":[24,122],"MealTicket":30,"obtain_stats":[{"theForsaken:ScaryMask":8,"LagranYue:RandomDrawCardRelic":0,"Omamori":41,"Sling":5,"energizedSpire:DeadBattery":17,"LagranYue:MagicReflectiveArmorRelic":26,"Anchor":30,"hubris:Icosahedron":31,"FaceOfCleric":19,"MealTicket":28,"hubris:ToyBattleship":22,"infinitespire:EmpoweringShard":30,"vexMod:CursedCompass":34,"PureWater":0,"Toxic Egg 2":43},{"theForsaken:ScaryMask":4,"LagranYue:RandomDrawCardRelic":0,"Omamori":20,"Sling":2,"energizedSpire:DeadBattery":9,"LagranYue:MagicReflectiveArmorRelic":14,"Anchor":15,"hubris:Icosahedron":15,"FaceOfCleric":10,"MealTicket":15,"hubris:ToyBattleship":12,"infinitespire:EmpoweringShard":15,"vexMod:CursedCompass":16,"PureWater":0,"Toxic Egg 2":20},{"theForsaken:ScaryMask":14,"LagranYue:RandomDrawCardRelic":0,"Omamori":108,"Sling":6,"energizedSpire:DeadBattery":51,"LagranYue:MagicReflectiveArmorRelic":77,"Anchor":82,"hubris:Icosahedron":82,"FaceOfCleric":58,"MealTicket":82,"hubris:ToyBattleship":69,"infinitespire:EmpoweringShard":82,"vexMod:CursedCompass":91,"PureWater":0,"Toxic Egg 2":108}]},"card_choices":[{"not_picked":["SpiritShield","ConjureBlade"],"picked":"Wish","floor":0.0},{"not_picked":["WreathOfFlame","PathToVictory"],"picked":"Sanctity","floor":1.0},{"not_picked":["ForeignInfluence","Prostrate"],"picked":"EmptyBody","floor":4.0},{"not_picked":["EmptyFist","InnerPeace"],"picked":"FearNoEvil","floor":7.0},{"not_picked":["Replay:DivineShield","Prostrate"],"picked":"Conclude","floor":8.0},{"not_picked":["ClearTheMind","EmptyBody"],"picked":"Wallop","floor":10.0},{"not_picked":["EmptyFist","Halt"],"picked":"SashWhip","floor":11.0},{"not_picked":["Swivel","Replay:Hum"],"picked":"LikeWater","floor":13.0},{"not_picked":["FlyingSleeves","ClearTheMind"],"picked":"Protect","floor":14.0},{"not_picked":["Blasphemy","DeusExMachina"],"picked":"Ragnarok","floor":16.0},{"not_picked":["SashWhip","FlurryOfBlows"],"picked":"FlyingSleeves","floor":18.0},{"not_picked":["FlurryOfBlows","FollowUp+1"],"picked":"Crescendo","floor":20.0},{"not_picked":["SashWhip","CrushJoints"],"picked":"FlurryOfBlows","floor":21.0},{"not_picked":["SashWhip","Protect+1"],"picked":"InnerPeace","floor":24.0},{"not_picked":["ClearTheMind","CutThroughFate"],"picked":"Establishment","floor":25.0},{"not_picked":["ClearTheMind","FollowUp"],"picked":"Replay:ManipulateFuture+1","floor":28.0},{"not_picked":["Establishment","Replay:AllIn"],"picked":"DeusExMachina","floor":33},{"not_picked":["Weave+1","ClearTheMind+1"],"picked":"CrushJoints","floor":35},{"not_picked":["Pray+1","JustLucky+1"],"picked":"EmptyFist+1","floor":36},{"not_picked":["Swivel+1","FlurryOfBlows","SashWhip"],"picked":"SKIP","floor":37},{"not_picked":["FlyingSleeves","Replay:AtTheReady"],"picked":"Pray+1","floor":38},{"not_picked":["Study","CrushJoints+1"],"picked":"Worship+1","floor":44},{"not_picked":["Crescendo+1","Blasphemy+1","WindmillStrike+1"],"picked":"SKIP","floor":46},{"not_picked":["Crescendo+1","Blasphemy+1"],"picked":"WindmillStrike+1","floor":46},{"not_picked":["FlurryOfBlows","SignatureMove"],"picked":"MentalFortress+1","floor":47}],"player_experience":615396,"relics_obtained":[{"floor":8.0,"key":"theForsaken:ScaryMask"},{"floor":26.0,"key":"LagranYue:MagicReflectiveArmorRelic"},{"floor":28.0,"key":"MealTicket"},{"floor":43,"key":"Toxic Egg 2"}],"event_choices":[{"damage_healed":0.0,"max_hp_gain":5.0,"max_hp_loss":0.0,"gold_gain":0.0,"event_name":"Big Fish","player_choice":"Donut","floor":2.0,"gold_loss":0.0,"damage_taken":0.0},{"damage_healed":0.0,"max_hp_gain":0.0,"max_hp_loss":0.0,"gold_gain":100.0,"event_name":"Golden Shrine","player_choice":"Pray","floor":12.0,"gold_loss":0.0,"damage_taken":0.0},{"damage_healed":0.0,"max_hp_gain":0.0,"max_hp_loss":0.0,"gold_gain":0.0,"event_name":"FaceTrader","player_choice":"Trade","floor":19.0,"gold_loss":0.0,"damage_taken":0.0,"relics_obtained":["FaceOfCleric"]},{"cards_removed":["Wallop"],"damage_healed":0.0,"max_hp_gain":0.0,"max_hp_loss":0.0,"gold_gain":0.0,"event_name":"betterNote:BetterNote","player_choice":"Take \u0026 Give","floor":27.0,"gold_loss":0.0,"damage_taken":0.0,"cards_obtained":["Noxious Fumes"]},{"cards_removed":["Strike_P"],"damage_healed":0,"gold_gain":0,"player_choice":"Offered Basic","damage_taken":0,"max_hp_gain":0,"max_hp_loss":0,"event_name":"Bonfire Elementals","floor":39,"gold_loss":0}],"is_beta":false,"boss_relics":[{"not_picked":["Replay:Drink Me","Cursed Key"],"picked":"energizedSpire:DeadBattery"},{"not_picked":["hubris:BlackHole","energizedSpire:RedRose"],"picked":"vexMod:CursedCompass"}],"items_purged_floors":[30,42],"is_endless":false,"potions_floor_spawned":[4,10,13,14,16,20,25,28,36,37,38],"killed_by":"Nightmare","ascension_level":0}}