{"host":"uc3yqlcea8xhzyx4","time":1608654776,"event":{"mods":["2.2 Compatiblity","Act Like it!","BaseMod","Better Altar","Better Synergies","Better Third Choice","Better Vampires","CCEM","Clawfect","Colored Map","Colored Powertips","Conspire","Downfall","Energized Spire","GifTheSpireLib","Highlight Path","Infinite Spire","Jedi Mod","Marisa????????","Minty Spire (QoL Compilation)","Permanent Neow","Prisma Mod","Quick Restart","Replay The Spire","Shade Mod","Shop Mod","Spicy Shops","StSLib","The Marked","???????????mod"],"gold_per_floor":[119,136,136,155,130,149,149,183,183,256,281,300,25,25,41,41,170,170,184,109,109,19,44,44,44],"floor_reached":24,"playtime":1118,"items_purged":["jedi:frostbite","PrismaMod:IllyaCommonAttack","PrismaMod:IllyaCommonAttack","PrismaMod:IllyaCommonAttack"],"score":248,"play_id":"a9477b28-71cc-4074-8199-b796f5f88ac5","local_time":"20201222173256","is_ascension_mode":false,"campfire_choices":[{"data":"PrismaMod:IllyaUncommonDefend","floor":7,"key":"SMITH"},{"data":"PrismaMod:IllyaUncommonDefend","floor":14,"key":"SMITH"},{"data":"PrismaMod:IllyaCheapChannelPoison","floor":16,"key":"SMITH"}],"circlet_count":0,"master_deck":["PrismaMod:IllyaCommonDefend","PrismaMod:IllyaCommonDefend","PrismaMod:IllyaCommonDefend","PrismaMod:IllyaCommonDefend","PrismaMod:IllyaUncommonDefend+1","PrismaMod:IllyaPoisonBomb","PrismaMod:IllyaBoysLove","PrismaMod:IllyaCheapChannelPoison+1","PrismaMod:IllyaGrail","PrismaMod:IllyaUncommonDefend+1","PrismaMod:IllyaAOECommonAttack","PrismaMod:IllyaCommandSeal","PrismaMod:IllyaInstallArcher","PrismaMod:IllyaSaphire","PrismaMod:IllyaPoisoningPhantasm","PrismaMod:IllyaUberAttackChannel+1"],"relics":["PrismaMod:PrismaRuby","NeowsBlessing","Golden Idol","ReplayTheSpireMod:CursedCoin","infinitespire:Magic Flask","CCEMRelics:TinyMinotavrHorn"],"acts_visited":["Exordium","TheCity"],"potions_floor_usage":[17],"damage_taken":[{"damage":0.0,"enemies":"Small Slimes","floor":1.0,"turns":1.0},{"damage":0.0,"enemies":"conspire:RoseBush","floor":2.0,"turns":1.0},{"damage":0.0,"enemies":"Jaw Worm","floor":4.0,"turns":1.0},{"damage":0.0,"enemies":"Looter","floor":6.0,"turns":5.0},{"damage":1,"enemies":"3 Sentries","floor":8,"turns":6},{"damage":0,"enemies":"2 Fungi Beasts","floor":11,"turns":6},{"damage":5,"enemies":"Exordium Thugs","floor":12,"turns":5},{"damage":6,"enemies":"Exordium Wildlife","floor":15,"turns":5},{"damage":0,"enemies":"The Guardian","floor":17,"turns":10},{"damage":0,"enemies":"Spheric Guardian","floor":19,"turns":5},{"damage":0,"enemies":"Shell Parasite","floor":23,"turns":5}],"seed_played":"4091631748287179376","potions_obtained":[{"floor":1.0,"key":"Block Potion"},{"floor":6,"key":"Strength Potion"},{"floor":8,"key":"Languid Potion"}],"is_trial":false,"path_per_floor":["M","M","?","M","$","M","R","E","?","T","M","M","$","R","M","R","B",null,"M","?","?","?","M","R"],"character_chosen":"ILLYA","items_purchased":["ReplayTheSpireMod:CursedCoin"],"campfire_rested":0,"item_purchase_floors":[5],"current_hp_per_floor":[75,75,75,75,75,75,75,74,74,74,74,69,69,69,66,66,69,75,75,75,75,75,75,75,75],"gold":44,"neow_bonus":"THREE_ENEMY_KILL","is_daily":false,"chose_seed":false,"campfire_upgraded":3,"win_rate":0.0,"timestamp":1608654776,"path_taken":["M","M","?","M","$","M","R","E","?","T","M","M","$","R","M","R","BOSS","M","?","?","?","M","R"],"items_purchased_type":["Relic"],"build_version":"2020-12-13","purchased_purges":4,"victory":false,"max_hp_per_floor":[75,75,75,75,75,75,75,75,75,75,75,75,75,75,75,75,75,75,75,75,75,75,75,75,75],"card_choices":[{"not_picked":["PrismaMod:IllyaCommonEvoke","PrismaMod:IllyaMinorRapidFire"],"picked":"PrismaMod:IllyaPoisonBomb","floor":1.0},{"not_picked":["PrismaMod:IllyaFriendMaker","PrismaMod:IllyaGrailKun"],"picked":"PrismaMod:IllyaBoysLove","floor":2.0},{"not_picked":["PrismaMod:IllyaBerserCAR","PrismaMod:IllyaDualEvoke"],"picked":"PrismaMod:IllyaCheapChannelPoison","floor":4.0},{"not_picked":["PrismaMod:IllyaGun","PrismaMod:IllyaFriendMaker"],"picked":"PrismaMod:IllyaGrail","floor":6},{"not_picked":["PrismaMod:IllyaCheapChannelPoison","PrismaMod:IllyaCarnivalDefend"],"picked":"PrismaMod:IllyaUncommonDefend","floor":8},{"not_picked":["PrismaMod:IllyaBlindPoisonToss","PrismaMod:IllyaGun"],"picked":"PrismaMod:IllyaAOECommonAttack","floor":11},{"not_picked":["PrismaMod:IllyaFeed","PrismaMod:IllyaGrailKun"],"picked":"PrismaMod:IllyaCommandSeal","floor":12},{"not_picked":["PrismaMod:IllyaAlice","PrismaMod:IllyaPartialInstallAssassin","PrismaMod:IllyaDualEvoke"],"picked":"SKIP","floor":15},{"not_picked":["PrismaMod:IllyaUberAttackChannel","PrismaMod:IllyaCarnivalAttack"],"picked":"PrismaMod:IllyaInstallArcher","floor":17},{"not_picked":["PrismaMod:IllyaAlice","PrismaMod:IllyaReinForce+1"],"picked":"PrismaMod:IllyaSaphire","floor":19},{"not_picked":["PrismaMod:IllyaUberChannel","PrismaMod:IllyaBlindPoisonToss","PrismaMod:IllyaRapidFire"],"picked":"SKIP","floor":23}],"player_experience":235157,"relics_obtained":[{"floor":8,"key":"infinitespire:Magic Flask"},{"floor":10,"key":"CCEMRelics:TinyMinotavrHorn"}],"event_choices":[{"cards_removed":["PrismaMod:IllyaCommonAttack"],"damage_healed":0,"gold_gain":0,"player_choice":"Gave Gold","damage_taken":0,"max_hp_gain":0,"max_hp_loss":0,"event_name":"Beggar","floor":20,"gold_loss":75},{"damage_healed":0,"gold_gain":0,"cards_transformed":["PrismaMod:IllyaCommonAttack","PrismaMod:IllyaCommonDefend"],"player_choice":"Became Test Subject","damage_taken":0,"max_hp_gain":0,"max_hp_loss":0,"event_name":"Drug Dealer","floor":21,"gold_loss":0,"cards_obtained":["PrismaMod:IllyaPoisoningPhantasm","PrismaMod:IllyaUberAttackChannel"]},{"cards_removed":["PrismaMod:IllyaUncommonAttack"],"damage_healed":0,"gold_gain":0,"player_choice":"Upgrade and Remove","damage_taken":0,"max_hp_gain":0,"max_hp_loss":0,"event_name":"Designer","floor":22,"gold_loss":90,"cards_upgraded":["PrismaMod:IllyaUberAttackChannel"]}],"is_beta":false,"boss_relics":[{"not_picked":[]}],"items_purged_floors":[5,5,13,13],"is_endless":false,"potions_floor_spawned":[1,6,8,12,19],"ascension_level":0}}