{"host":"gh0nmty43e3htft0","time":1608605419,"event":{"mods":["BaseMod","Colored Powertips","Minty Spire (QoL Compilation)","StSLib","The Animator"],"gold_per_floor":[229,152,152,171,188,228,328,72,72,72,119,119,141,186,186,318,318,336,344,344],"floor_reached":19,"playtime":1821,"items_purged":[],"score":227,"play_id":"bc87ef00-34e3-453e-92b8-1ac4e3753f7d","local_time":"20201221215019","is_ascension_mode":false,"campfire_choices":[{"data":"animator:HououinKyouma","floor":10,"key":"SMITH"},{"data":"animator:Yoichi","floor":12,"key":"SMITH"},{"floor":15,"key":"REST"}],"circlet_count":0,"master_deck":["animator:Strike_OwariNoSeraph","animator:Defend_OwariNoSeraph","animator:Strike","animator:Strike","animator:Strike","animator:Defend","animator:Defend","animator:Defend","animator:Shinoa","animator:Mikaela","animator:Shigure","animator:Darkness","animator:KrulTepes","animator:Shigure","animator:Chris","animator:HououinKyouma+1","animator:Chris","animator:Yoichi+1","animator:GazelDwargon","animator:Aqua","animator:Saitama","animator:MumenRider"],"relics":["animator:LivingPicture","animator:TheMissingPiece","animator:PurgingStone","Art of War","Eternal Feather","Paper Frog","Ancient Tea Set","Philosopher\u0027s Stone"],"acts_visited":["Exordium","TheCity"],"potions_floor_usage":[16,16],"damage_taken":[{"damage":0,"enemies":"Cultist","floor":1,"turns":5},{"damage":6,"enemies":"Jaw Worm","floor":4,"turns":3},{"damage":2,"enemies":"2 Louse","floor":5,"turns":3},{"damage":19,"enemies":"Gremlin Nob","floor":6,"turns":5},{"damage":16,"enemies":"Gremlin Gang","floor":11,"turns":5},{"damage":19,"enemies":"Blue Slaver","floor":13,"turns":3},{"damage":13,"enemies":"Lagavulin","floor":14,"turns":8},{"damage":0,"enemies":"Hexaghost","floor":16,"turns":14},{"damage":29,"enemies":"Spheric Guardian","floor":18,"turns":6},{"damage":42,"enemies":"Shell Parasite","floor":19,"turns":4}],"seed_played":"4520467470214957750","potions_obtained":[{"floor":1,"key":"LiquidBronze"},{"floor":13,"key":"Weak Potion"},{"floor":14,"key":"SkillPotion"}],"is_trial":false,"path_per_floor":["M","$","?","M","M","E","?","$","T","R","M","R","M","E","R","B",null,"M","M"],"character_chosen":"THE_ANIMATOR","items_purchased":["animator:Darkness","animator:HououinKyouma","animator:Chris"],"campfire_rested":1,"item_purchase_floors":[2,8,8],"current_hp_per_floor":[66,66,66,61,59,40,40,40,40,49,33,42,23,11,43,45,68,39,0,0],"gold":344,"neow_bonus":"HUNDRED_GOLD","is_daily":false,"chose_seed":false,"campfire_upgraded":2,"win_rate":0.0,"timestamp":1608605419,"path_taken":["M","?","?","?","?","E","?","$","T","R","?","R","M","E","R","BOSS","M","M"],"items_purchased_type":["Card","Card","Card"],"build_version":"2020-12-13","purchased_purges":0,"victory":false,"max_hp_per_floor":[66,66,66,67,67,67,67,67,67,67,67,67,67,68,68,68,68,68,68,68],"card_choices":[{"not_picked":["animator:Megumin","animator:SilverFang"],"picked":"animator:Shigure","floor":1},{"not_picked":["animator:ElricAlphonse","animator:Aisha"],"picked":"animator:KrulTepes","floor":4},{"not_picked":["animator:SilverFang","animator:YunYun"],"picked":"animator:Shigure","floor":5},{"not_picked":["animator:Darkness","animator:Vanir"],"picked":"animator:Chris","floor":6},{"not_picked":["animator:Shinoa","animator:DolaStephanie"],"picked":"animator:Yoichi","floor":11},{"not_picked":["animator:Spearman","animator:Shichika"],"picked":"animator:GazelDwargon","floor":13},{"not_picked":["animator:WinryRockbell","animator:Konayuki"],"picked":"animator:Aqua","floor":14},{"not_picked":["animator:SwordMaiden","animator:Rimuru"],"picked":"animator:Saitama","floor":16},{"not_picked":["animator:SilverFang","animator:Geryuganshoop"],"picked":"animator:MumenRider","floor":18}],"player_experience":147681,"relics_obtained":[{"floor":6,"key":"Eternal Feather"},{"floor":9,"key":"Paper Frog"},{"floor":14,"key":"Ancient Tea Set"}],"event_choices":[{"damage_healed":0,"gold_gain":0,"player_choice":"Gave Potion","damage_taken":0,"relics_obtained":["Art of War"],"max_hp_gain":0,"max_hp_loss":0,"event_name":"WeMeetAgain","floor":3,"gold_loss":0},{"damage_healed":0,"gold_gain":100,"player_choice":"Pray","damage_taken":0,"max_hp_gain":0,"max_hp_loss":0,"event_name":"Golden Shrine","floor":7,"gold_loss":0}],"is_beta":false,"boss_relics":[{"not_picked":["Runic Dome","SlaversCollar"],"picked":"Philosopher\u0027s Stone"}],"items_purged_floors":[],"is_endless":false,"potions_floor_spawned":[1,13,14],"killed_by":"Shell Parasite","ascension_level":0}}