{"host":"kw4o7b3ro2ktmmbe","time":1608628129,"event":{"mods":["BaseMod","Koishi","Minty Spire (QoL Compilation)","StSLib","Treasure Hunter"],"gold_per_floor":[109,59,76,76,89,89,105,120,168,183,201,201,225,258,258,360,360,379,398,150,169,169,197,197,231,308,308,308,308,308,308],"floor_reached":30,"playtime":2818,"items_purged":[],"score":295,"play_id":"89e6e78a-8029-41e2-bba5-5d7a703d71dd","local_time":"20201222220849","is_ascension_mode":false,"campfire_choices":[{"data":"Koishi:PredatoryInstincts","floor":6.0,"key":"SMITH"},{"data":"Koishi:FidgetySnatcher","floor":12.0,"key":"SMITH"},{"data":"TH:ElvenBoots","floor":15.0,"key":"SMITH"},{"data":"TH:ArmorSpikes","floor":24,"key":"SMITH"},{"data":"Koishi:HeartStoppingHorror","floor":29,"key":"SMITH"}],"circlet_count":0,"master_deck":["Koishi:BasicStrike","Koishi:BasicStrike","Koishi:BasicStrike","Koishi:BasicDefend","Koishi:BasicDefend","Koishi:BasicDefend","Koishi:BasicDefend","Koishi:Provoke","Koishi:HauntingSlash","CurseOfTheBell","Koishi:SubconsciousSweep","Koishi:SubterraneanRose","Koishi:PredatoryInstincts+1","Koishi:FidgetySnatcher+1","TH:Mimic","Koishi:GrowingPain","TH:ElvenBoots+1","TH:ArmorSpikes+1","Koishi:HeartStoppingHorror+1","Koishi:Bloodlust+1","Koishi:SubterraneanRose","TH:DeckOfManyThings+1","Koishi:GhostParty","TH:ElvenBoots+1","TH:CopperCoins+1"],"relics":["Calling Bell","Smiling Mask","TH:Strongbox","Pocketwatch","Bag of Marbles","Odd Mushroom","Meat on the Bone","SacredBark","TH:Anvil","Lantern","Singing Bowl","Pear","MutagenicStrength"],"acts_visited":["Exordium","TheCity"],"potions_floor_usage":[23,23,23,30],"damage_taken":[{"damage":6.0,"enemies":"Jaw Worm","floor":1.0,"turns":4.0},{"damage":0.0,"enemies":"2 Louse","floor":3.0,"turns":2.0},{"damage":2.0,"enemies":"Small Slimes","floor":5.0,"turns":3.0},{"damage":0.0,"enemies":"3 Louse","floor":7.0,"turns":2.0},{"damage":5.0,"enemies":"Exordium Wildlife","floor":8.0,"turns":6.0},{"damage":0.0,"enemies":"Blue Slaver","floor":10.0,"turns":5.0},{"damage":1.0,"enemies":"Lots of Slimes","floor":11.0,"turns":3.0},{"damage":15.0,"enemies":"The Mushroom Lair","floor":13.0,"turns":3.0},{"damage":18.0,"enemies":"3 Sentries","floor":14.0,"turns":5.0},{"damage":45.0,"enemies":"Slime Boss","floor":16.0,"turns":13.0},{"damage":26.0,"enemies":"2 Thieves","floor":18.0,"turns":4.0},{"damage":34.0,"enemies":"Shell Parasite","floor":19.0,"turns":6.0},{"damage":14.0,"enemies":"Snake Plant","floor":21.0,"turns":3.0},{"damage":46,"enemies":"Slavers","floor":23,"turns":6},{"damage":24,"enemies":"Gremlin Leader","floor":25,"turns":11},{"damage":40,"enemies":"Sentry and Sphere","floor":30,"turns":11}],"seed_played":"-6990221538711068257","potions_obtained":[{"floor":5.0,"key":"SpeedPotion"},{"floor":8.0,"key":"LiquidBronze"},{"floor":10.0,"key":"AttackPotion"},{"floor":11.0,"key":"CultistPotion"},{"floor":18.0,"key":"EntropicBrew"},{"floor":21.0,"key":"Energy Potion"}],"is_trial":false,"path_per_floor":["M","?","M","?","M","R","M","M","T","M","M","R","?","E","R","B",null,"M","M","$","M","?","E","R","E","T","?","?","R","M"],"character_chosen":"KOISHI","items_purchased":["TH:Anvil"],"campfire_rested":0,"item_purchase_floors":[20],"current_hp_per_floor":[57,57,57,62,61,61,65,65,65,65,65,65,65,65,65,33,65,50,35,35,40,40,25,25,29,39,39,25,25,0,0],"gold":308,"neow_bonus":"BOSS_RELIC","is_daily":false,"chose_seed":false,"campfire_upgraded":5,"win_rate":0.0,"timestamp":1608628129,"path_taken":["M","?","M","?","M","R","M","M","T","M","?","R","?","E","R","BOSS","M","M","$","M","?","E","R","E","T","?","?","R","?"],"items_purchased_type":["Relic"],"build_version":"2020-12-13","purchased_purges":0,"victory":false,"max_hp_per_floor":[60,60,60,65,65,65,65,65,65,65,65,65,65,65,65,65,65,65,65,65,65,65,65,65,67,77,77,82,82,82,82],"card_choices":[{"not_picked":["Koishi:JumpScare","Koishi:EmbryosDream"],"picked":"Koishi:SubconsciousSweep","floor":1.0},{"not_picked":["Koishi:DreadfulBlow","Koishi:Jaunt"],"picked":"Koishi:SubterraneanRose","floor":3.0},{"not_picked":["Koishi:EmbryosDream","Koishi:Whimsy"],"picked":"Koishi:PredatoryInstincts","floor":5.0},{"not_picked":["Koishi:Bloodlust","Koishi:ReflexRadar","Koishi:SpiritedAway"],"picked":"SKIP","floor":7.0},{"not_picked":["Koishi:HeartAttack","Koishi:DanmakuParanoia"],"picked":"Koishi:FidgetySnatcher","floor":8.0},{"not_picked":["TH:CursedSword"],"picked":"TH:Mimic","floor":9.0},{"not_picked":["Koishi:FourthEye","Koishi:DreadfulBlow","Koishi:JumpScare"],"picked":"SKIP","floor":10.0},{"not_picked":["Koishi:SpiritedAway","Koishi:EmbryosDream"],"picked":"Koishi:GrowingPain","floor":11.0},{"not_picked":["TH:PixieDust"],"picked":"TH:ElvenBoots","floor":14.0},{"not_picked":["Koishi:BloodcurdlingScream","Koishi:HeartfeltFancy","Koishi:CatchAndRose"],"picked":"SKIP","floor":14.0},{"not_picked":["TH:EnergyPotion"],"picked":"TH:ArmorSpikes","floor":16.0},{"not_picked":["Koishi:ConfinedInnocent","Koishi:GrowingPain"],"picked":"Koishi:HeartStoppingHorror","floor":16.0},{"not_picked":["Koishi:PhantomStrike+1","Koishi:Possession"],"picked":"Koishi:Bloodlust+1","floor":18.0},{"not_picked":["Koishi:DreadfulBlow+1","Koishi:HeartfeltFancy","Koishi:PhantomBarrier+1"],"picked":"SKIP","floor":19.0},{"not_picked":["Koishi:ParalyzingFear","Koishi:StingingMind","Koishi:RacingHeart"],"picked":"SKIP","floor":21.0},{"not_picked":["TH:CursedSword"],"picked":"TH:DeckOfManyThings","floor":23},{"not_picked":["Koishi:UnconsciousUprising","Koishi:PredatoryInstincts"],"picked":"Koishi:GhostParty","floor":23},{"not_picked":["TH:Mimic"],"picked":"TH:ElvenBoots","floor":25},{"not_picked":["Koishi:Prune","Koishi:MindNumbingTerror","Koishi:RorschachInDanmaku"],"picked":"Singing Bowl","floor":25},{"not_picked":["TH:EnergyPotion"],"picked":"TH:CopperCoins","floor":26}],"player_experience":1752314,"relics_obtained":[{"floor":0.0,"key":"Smiling Mask"},{"floor":0.0,"key":"TH:Strongbox"},{"floor":0.0,"key":"Pocketwatch"},{"floor":9.0,"key":"Bag of Marbles"},{"floor":13.0,"key":"Odd Mushroom"},{"floor":14.0,"key":"Meat on the Bone"},{"floor":23,"key":"Lantern"},{"floor":25,"key":"Singing Bowl"},{"floor":26,"key":"Pear"}],"event_choices":[{"cards_removed":["Koishi:BasicStrike"],"damage_healed":0.0,"max_hp_gain":0.0,"max_hp_loss":0.0,"gold_gain":0.0,"event_name":"The Cleric","player_choice":"Card Removal","floor":2.0,"gold_loss":50.0,"damage_taken":0.0},{"damage_healed":0.0,"max_hp_gain":5.0,"max_hp_loss":0.0,"gold_gain":0.0,"event_name":"Big Fish","player_choice":"Donut","floor":4.0,"gold_loss":0.0,"damage_taken":0.0},{"damage_healed":0.0,"max_hp_gain":0.0,"max_hp_loss":0.0,"gold_gain":0.0,"event_name":"Mushrooms","player_choice":"Fought Mushrooms","floor":13.0,"gold_loss":0.0,"damage_taken":0.0},{"damage_healed":0.0,"max_hp_gain":0.0,"max_hp_loss":0.0,"gold_gain":0.0,"event_name":"The Library","player_choice":"Read","floor":22.0,"gold_loss":0.0,"damage_taken":0.0,"cards_obtained":["Koishi:SubterraneanRose"]},{"damage_healed":0,"gold_gain":0,"player_choice":"Inject Mutagens","damage_taken":0,"relics_obtained":["MutagenicStrength"],"max_hp_gain":0,"max_hp_loss":0,"event_name":"Drug Dealer","floor":27,"gold_loss":0},{"damage_healed":0,"gold_gain":0,"player_choice":"Shed Blood","damage_taken":19,"max_hp_gain":5,"max_hp_loss":0,"event_name":"Forgotten Altar","floor":28,"gold_loss":0}],"is_beta":false,"boss_relics":[{"not_picked":["Empty Cage","Runic Dome"],"picked":"SacredBark"}],"items_purged_floors":[],"is_endless":false,"potions_floor_spawned":[5,8,10,11,18,21],"killed_by":"Sentry and Sphere","ascension_level":0}}