{"host":"pf9sh7nh6rpu9sau","time":1608677351,"event":{"mods":["2.2 Compatiblity","BaseMod","BetterRewards","Downfall","Hermit","Hubris","Mad Scientist","Minty Spire (QoL Compilation)","Permanent Neow","Quick Restart","Replay The Spire","Somnambulant","StSLib","The Clintock","The Cursed","The Disciple","The Hierophant","The Necromancer","The Runesmith","The Servant 0.9.4","TheVacant"],"gold_per_floor":[0,17,29,62,78,78,105,105,116,145,160,177,194,221,240,240,240,240],"floor_reached":16,"playtime":1201,"items_purged":[],"score":116,"play_id":"13d0f0bc-5eaf-4773-9584-87c29c404539","local_time":"20201222174911","is_ascension_mode":false,"campfire_choices":[{"data":"champ:Taunt","floor":1,"key":"SMITH"},{"data":"champ:StanceDance","floor":8,"key":"SMITH"}],"circlet_count":0,"master_deck":["champ:Strike","champ:Strike","champ:Defend","champ:Defend","champ:Defend","champ:Defend","champ:Execute","champ:Taunt+1","champ:BladeFlurry","champ:RecklessLeap","champ:StanceDance+1","champ:TornadoPunch","champ:ViciousMockery","champ:DeathBlow","champ:StanceDance"],"relics":["champ:ChampionCrown","Dream Catcher","downfall:BrokenWingStatue","Lantern","hubris:PeanutButter","Replay:Baseball"],"acts_visited":["Exordium"],"potions_floor_usage":[10,16,16],"damage_taken":[{"damage":14,"enemies":"Cultist","floor":2,"turns":5},{"damage":5,"enemies":"2 Louse","floor":3,"turns":3},{"damage":50,"enemies":"Lagavulin","floor":4,"turns":8},{"damage":22,"enemies":"Jaw Worm","floor":5,"turns":3},{"damage":20,"enemies":"Exordium Wildlife","floor":9,"turns":3},{"damage":46,"enemies":"3 Sentries","floor":10,"turns":8},{"damage":9,"enemies":"2 Fungi Beasts","floor":11,"turns":3},{"damage":11,"enemies":"Blue Slaver","floor":12,"turns":2},{"damage":7,"enemies":"3 Louse","floor":13,"turns":2},{"damage":10,"enemies":"Gremlin Gang","floor":15,"turns":3},{"damage":51,"enemies":"downfall:Watcher","floor":16,"turns":5}],"seed_played":"-2976034232105367095","potions_obtained":[{"floor":9,"key":"Swift Potion"},{"floor":12,"key":"Swift Potion"},{"floor":13,"key":"DuplicationPotion"},{"floor":15,"key":"SpeedPotion"}],"is_trial":false,"path_per_floor":["R","M","M","E","M","?","T","R","M","E","M","M","M","T","M","B"],"character_chosen":"THE_CHAMP","items_purchased":[],"campfire_rested":0,"item_purchase_floors":[],"current_hp_per_floor":[90,86,86,51,49,49,49,49,49,28,34,38,46,46,51,0,0,0],"gold":240,"neow_bonus":"REMOVE_TWO","is_daily":false,"chose_seed":false,"campfire_upgraded":2,"win_rate":0.0,"timestamp":1608677351,"path_taken":["R","M","M","E","?","?","T","R","M","E","M","M","M","?","M","BOSS"],"items_purchased_type":[],"build_version":"2020-12-13","purchased_purges":0,"victory":false,"max_hp_per_floor":[90,90,90,90,90,90,90,90,90,90,90,90,90,90,90,90,90,90],"card_choices":[{"not_picked":["champ:AdrenalArmor","champ:FightOn"],"picked":"champ:BladeFlurry","floor":2},{"not_picked":["champ:BerserkerStyle","champ:PerfectedStrike","champ:Backstep"],"picked":"SKIP","floor":3},{"not_picked":["champ:StanceDance","champ:DefensiveShout"],"picked":"champ:RecklessLeap","floor":4},{"not_picked":["champ:Circumvent","champ:BladeFlurry"],"picked":"champ:StanceDance","floor":5},{"not_picked":["champ:PerfectedStrike","champ:BerserkerStyle","champ:DefensiveStyle"],"picked":"SKIP","floor":9},{"not_picked":["champ:FalseCounter","champ:BerserkersShout"],"picked":"champ:TornadoPunch","floor":10},{"not_picked":["champ:Haymaker","champ:CrookedStrike"],"picked":"champ:ViciousMockery","floor":11},{"not_picked":["champ:BladeFlurry","champ:BerserkersShout"],"picked":"champ:DeathBlow","floor":12},{"not_picked":["champ:PerfectedStrike","champ:Backstep"],"picked":"champ:StanceDance","floor":13},{"not_picked":["champ:HeartStrike","champ:FightOn","champ:Backstep"],"picked":"SKIP","floor":15}],"player_experience":736290,"relics_obtained":[{"floor":4,"key":"Dream Catcher"},{"floor":7,"key":"Lantern"},{"floor":10,"key":"hubris:PeanutButter"},{"floor":14,"key":"Replay:Baseball"}],"event_choices":[],"is_beta":false,"boss_relics":[],"items_purged_floors":[],"is_endless":false,"potions_floor_spawned":[9,12,13,15],"killed_by":"downfall:Watcher","ascension_level":0}}