{"host":"8fjsnt81u6xsmhji","time":1608623405,"event":{"mods":["BaseMod","Colored Powertips","Downfall","Glutton Mod","Minty Spire (QoL Compilation)","Quick Restart","Somnambulant","StSLib","The Bug Knight","The Construct","The Forsaken","The Hierophant","The Mystic"],"gold_per_floor":[99,115,115,128,228,238,265,282,1,1,36,36,55,75,88,88,88],"floor_reached":16,"playtime":819,"items_purged":[],"score":107,"play_id":"527c2796-95d7-43e5-b48a-c9399e1760cc","local_time":"20201222015005","is_ascension_mode":true,"campfire_choices":[{"floor":1,"key":"RECALL"},{"data":"theForsaken:Riposte","floor":10,"key":"SMITH"},{"floor":12,"key":"REST"}],"circlet_count":0,"master_deck":["theForsaken:TheForsaken_Strike","theForsaken:TheForsaken_Strike","theForsaken:TheForsaken_Strike","theForsaken:TheForsaken_Strike","theForsaken:TheForsaken_Defend","theForsaken:TheForsaken_Defend","theForsaken:TheForsaken_Defend","theForsaken:TheForsaken_Defend","theForsaken:Smite","theForsaken:Penitence","theForsaken:ShieldBash","theForsaken:QuickAttack","theForsaken:CreepingInfection","theForsaken:MagicWeapon","theForsaken:Riposte+1","theForsaken:DarkBargain","theForsaken:BountifulSunlight","theForsaken:Confusion","theForsaken:Enfeeble","theForsaken:ChargeAttack","theForsaken:DefensiveStance"],"relics":["theForsaken:JudgementScales","Strange Spoon","Strawberry","Odd Mushroom"],"acts_visited":["Exordium"],"potions_floor_usage":[],"damage_taken":[{"damage":0,"enemies":"2 Louse","floor":2,"turns":4},{"damage":0,"enemies":"Jaw Worm","floor":4,"turns":5},{"damage":3,"enemies":"Small Slimes","floor":6,"turns":4},{"damage":15,"enemies":"Blue Slaver","floor":8,"turns":4},{"damage":1,"enemies":"downfall:FleeingMerchant","floor":9,"turns":4},{"damage":67,"enemies":"Lagavulin","floor":11,"turns":9},{"damage":8,"enemies":"Exordium Wildlife","floor":13,"turns":5},{"damage":28,"enemies":"The Mushroom Lair","floor":14,"turns":4},{"damage":3,"enemies":"Red Slaver","floor":15,"turns":2},{"damage":41,"enemies":"downfall:Defect","floor":16,"turns":4}],"seed_played":"708258404843883419","potions_obtained":[{"floor":6,"key":"SpeedPotion"},{"floor":14,"key":"champ:CounterPotion"},{"floor":15,"key":"Strength Potion"}],"is_trial":false,"path_per_floor":["R","M","?","M","?","M","T","M","$","R","E","R","M","?","M","B"],"character_chosen":"THE_FORSAKEN","items_purchased":["Strange Spoon","theForsaken:DarkBargain","theForsaken:BountifulSunlight"],"campfire_rested":1,"item_purchase_floors":[9,9,9],"current_hp_per_floor":[71,71,71,71,71,71,71,61,62,62,36,59,56,41,38,0,0],"gold":88,"neow_bonus":"TEN_PERCENT_HP_BONUS","is_daily":false,"chose_seed":false,"campfire_upgraded":1,"win_rate":0.0,"timestamp":1608623405,"path_taken":["R","M","?","M","?","M","T","M","?","R","E","R","M","?","M","BOSS"],"items_purchased_type":["Relic","Card","Card"],"build_version":"2020-12-13","purchased_purges":0,"victory":false,"max_hp_per_floor":[71,71,71,71,71,71,71,71,71,71,78,78,78,78,78,78,78],"card_choices":[{"not_picked":["theForsaken:Eulogy","theForsaken:Backlash"],"picked":"theForsaken:ShieldBash","floor":2},{"not_picked":["theForsaken:ChargeAttack","theForsaken:PowerUp"],"picked":"theForsaken:QuickAttack","floor":4},{"not_picked":["theForsaken:HorrifyingStrike","theForsaken:HymnOfPatience"],"picked":"theForsaken:CreepingInfection","floor":6},{"not_picked":["theForsaken:ShieldCharge","theForsaken:FuryStrikes"],"picked":"theForsaken:MagicWeapon","floor":8},{"not_picked":["theForsaken:WordsOfPestilence","theForsaken:DefensiveStance"],"picked":"theForsaken:Riposte","floor":9},{"not_picked":["theForsaken:WordsOfPestilence","theForsaken:Backlash"],"picked":"theForsaken:Confusion","floor":11},{"not_picked":["theForsaken:ChargeAttack","theForsaken:CreepingInfection"],"picked":"theForsaken:Enfeeble","floor":13},{"not_picked":["theForsaken:Parry","theForsaken:ScorchingSunlight"],"picked":"theForsaken:ChargeAttack","floor":14},{"not_picked":["theForsaken:HymnOfPatience","theForsaken:FuryStrikes"],"picked":"theForsaken:DefensiveStance","floor":15}],"player_experience":628205,"relics_obtained":[{"floor":11,"key":"Strawberry"},{"floor":14,"key":"Odd Mushroom"}],"event_choices":[{"damage_healed":0,"gold_gain":0,"player_choice":"Fought Mushrooms","damage_taken":0,"max_hp_gain":0,"max_hp_loss":0,"event_name":"Mushrooms","floor":14,"gold_loss":0}],"is_beta":false,"boss_relics":[],"items_purged_floors":[],"is_endless":false,"potions_floor_spawned":[6,14,15],"killed_by":"downfall:Defect","ascension_level":1}}