{"host":"Kdaddybrian","time":1608676045,"event":{"mods":["AchievementEnabler","BaseMod","Bestiary","Colored Powertips","Minty Spire (QoL Compilation)","Potion Indicator Mod","Quick Restart","Rare Cards Sparkle","Relic Stats","StSLib","Uncapped"],"gold_per_floor":[10,10,26,51,126,164,164,200,253,286,286,302,326,339,339,459,459,480,503,603,623,623,623,637,154,181,181,181,181],"floor_reached":28,"playtime":1357,"items_purged":["Strike_P"],"score":292,"play_id":"4ca5879e-d267-4d87-8fa1-104fc801f1cd","local_time":"20201222172725","is_ascension_mode":true,"campfire_choices":[{"data":"Ragnarok","floor":7.0,"key":"SMITH"},{"floor":11.0,"key":"REST"},{"data":"Meditate","floor":15.0,"key":"SMITH"},{"floor":23,"key":"REST"}],"circlet_count":0,"master_deck":["Strike_P","Strike_P","Strike_P","Defend_P","Defend_P","Defend_P","Defend_P","Eruption","Vigilance","Ragnarok+1","BattleHymn","InnerPeace","CutThroughFate","Meditate","Conclude","Meditate+1","Adaptation","ClearTheMind","DevaForm","ThirdEye+1","Evaluate","WaveOfTheHand","Fasting2","Sanctity","Injury","Parasite"],"relics":["PureWater","Golden Idol","Meat on the Bone","Akabeko","Tiny Chest","Nunchaku","Cursed Key","TeardropLocket","Singing Bowl","Art of War","Frozen Egg 2"],"acts_visited":["Exordium","TheCity"],"potions_floor_usage":[16,16,19],"damage_taken":[{"damage":4.0,"enemies":"Small Slimes","floor":1.0,"turns":3.0},{"damage":0.0,"enemies":"Jaw Worm","floor":3.0,"turns":2.0},{"damage":3.0,"enemies":"2 Louse","floor":4.0,"turns":2.0},{"damage":13.0,"enemies":"Lagavulin","floor":6.0,"turns":7.0},{"damage":18.0,"enemies":"3 Sentries","floor":8.0,"turns":5.0},{"damage":0.0,"enemies":"Lagavulin","floor":10.0,"turns":3.0},{"damage":0.0,"enemies":"Red Slaver","floor":12.0,"turns":1.0},{"damage":0.0,"enemies":"Looter","floor":13.0,"turns":2.0},{"damage":0.0,"enemies":"Blue Slaver","floor":14.0,"turns":1.0},{"damage":36,"enemies":"Hexaghost","floor":16,"turns":7},{"damage":48,"enemies":"Shell Parasite","floor":18,"turns":6},{"damage":4,"enemies":"Chosen","floor":19,"turns":4},{"damage":14,"enemies":"Centurion and Healer","floor":21,"turns":6},{"damage":6,"enemies":"Snake Plant","floor":24,"turns":3},{"damage":57,"enemies":"Book of Stabbing","floor":28,"turns":5}],"seed_played":"-1970875981942329331","potions_obtained":[{"floor":3.0,"key":"ColorlessPotion"},{"floor":6.0,"key":"PowerPotion"},{"floor":10.0,"key":"Fruit Juice"},{"floor":12.0,"key":"Explosive Potion"},{"floor":14.0,"key":"LiquidMemories"},{"floor":18,"key":"SneckoOil"}],"is_trial":false,"path_per_floor":["M","?","M","M","?","E","R","E","T","E","R","M","M","M","R","B",null,"M","M","?","M","?","R","M","$","T","T","E"],"character_chosen":"WATCHER","items_purchased":["Singing Bowl","PowerPotion","Fasting2","Sanctity"],"campfire_rested":2,"item_purchase_floors":[25,25,25,25],"current_hp_per_floor":[68,67,67,64,53,40,40,34,34,34,54,59,59,59,59,35,72,36,44,44,42,42,63,57,57,57,57,0,0],"gold":181,"neow_bonus":"THREE_RARE_CARDS","is_daily":false,"chose_seed":false,"campfire_upgraded":2,"win_rate":0.0,"timestamp":1608676045,"path_taken":["M","?","M","M","?","E","R","E","T","E","R","M","M","M","R","BOSS","M","M","?","?","?","R","M","$","T","?","E"],"items_purchased_type":["Relic","Potion","Card","Card"],"build_version":"2020-12-18","purchased_purges":1,"victory":false,"max_hp_per_floor":[72,67,67,67,67,67,67,67,67,67,67,72,72,72,72,72,72,72,72,72,72,72,72,72,72,72,72,72,72],"relic_stats":{"Nunchaku":[5],"Singing Bowl":0,"counters":[15,57],"Golden Idol":81,"Tiny Chest":1,"Art of War":[2],"Cursed Key":2,"obtain_stats":[{"Nunchaku":10,"Singing Bowl":25,"Golden Idol":2,"Tiny Chest":9,"Art of War":26,"TeardropLocket":22,"PureWater":0,"Frozen Egg 2":27,"Cursed Key":17,"Akabeko":8,"Meat on the Bone":6},{"Nunchaku":6,"Singing Bowl":14,"Golden Idol":1,"Tiny Chest":5,"Art of War":14,"TeardropLocket":13,"PureWater":0,"Frozen Egg 2":14,"Cursed Key":10,"Akabeko":5,"Meat on the Bone":4},{"Nunchaku":22,"Singing Bowl":52,"Golden Idol":3,"Tiny Chest":19,"Art of War":52,"TeardropLocket":49,"PureWater":0,"Frozen Egg 2":52,"Cursed Key":33,"Akabeko":19,"Meat on the Bone":14}],"Meat on the Bone":60},"card_choices":[{"not_picked":["Establishment","Omniscience"],"picked":"Ragnarok","floor":0.0},{"not_picked":["JustLucky","InnerPeace"],"picked":"BattleHymn","floor":1.0},{"not_picked":["PathToVictory","FlurryOfBlows"],"picked":"InnerPeace","floor":3.0},{"not_picked":["PathToVictory","Halt"],"picked":"CutThroughFate","floor":4.0},{"not_picked":["Collect","Adaptation"],"picked":"Meditate","floor":6.0},{"not_picked":["BowlingBash","Adaptation"],"picked":"Conclude","floor":8.0},{"not_picked":["WaveOfTheHand","Weave"],"picked":"Meditate","floor":10.0},{"not_picked":["BowlingBash","CrushJoints"],"picked":"Adaptation","floor":12.0},{"not_picked":["Nirvana","Weave"],"picked":"ClearTheMind","floor":13.0},{"not_picked":["CrushJoints","WheelKick","FlyingSleeves"],"picked":"SKIP","floor":14.0},{"not_picked":["Brilliance","Scrawl"],"picked":"DevaForm","floor":16},{"not_picked":["FlyingSleeves","SandsOfTime"],"picked":"ThirdEye+1","floor":18},{"not_picked":["InnerPeace","ThirdEye"],"picked":"Evaluate","floor":19},{"not_picked":["FollowUp+1","CrushJoints+1"],"picked":"WaveOfTheHand","floor":21},{"not_picked":["SandsOfTime","FollowUp","SashWhip+1"],"picked":"SKIP","floor":24}],"player_experience":2903056,"relics_obtained":[{"floor":6.0,"key":"Meat on the Bone"},{"floor":8.0,"key":"Akabeko"},{"floor":9.0,"key":"Tiny Chest"},{"floor":10.0,"key":"Nunchaku"},{"floor":26,"key":"Art of War"},{"floor":27,"key":"Frozen Egg 2"}],"event_choices":[{"damage_healed":0.0,"max_hp_gain":0.0,"max_hp_loss":5.0,"gold_gain":0.0,"event_name":"Golden Idol","player_choice":"Lose Max HP","floor":2.0,"gold_loss":0.0,"damage_taken":0.0,"relics_obtained":["Golden Idol"]},{"damage_healed":0.0,"max_hp_gain":0.0,"max_hp_loss":0.0,"gold_gain":75.0,"event_name":"World of Goop","player_choice":"Gather Gold","floor":5.0,"gold_loss":0.0,"damage_taken":11.0},{"damage_healed":0,"gold_gain":100,"player_choice":"Pray","damage_taken":0,"max_hp_gain":0,"max_hp_loss":0,"event_name":"Golden Shrine","floor":20,"gold_loss":0},{"damage_healed":0,"gold_gain":0,"player_choice":"Opened","damage_taken":0,"relics_obtained":["TeardropLocket"],"max_hp_gain":0,"max_hp_loss":0,"event_name":"The Mausoleum","floor":22,"gold_loss":0}],"is_beta":true,"boss_relics":[{"not_picked":["Pandora\u0027s Box","SlaversCollar"],"picked":"Cursed Key"}],"items_purged_floors":[25],"is_endless":false,"potions_floor_spawned":[3,6,10,12,14,18],"killed_by":"Book of Stabbing","ascension_level":2}}