{"host":"jkgg7n5hn1slsm35","time":1608636994,"event":{"mods":["Aspiration","BaseMod","BetterRewards","Conspire","Googly Eyes","Gremlin Skip","Halation","Highlight Path","Hubris","Infinite Spire","Minty Spire (QoL Compilation)","Permanent Neow","StSLib","SuperFastMode","vexMod"],"gold_per_floor":[115,115,129,148,159,159,177,177,177,195,145,145,160,192,192,291,291,304,304,317,331,350,350,350,350,399,399,399,409,422,456,456,456,456],"floor_reached":33,"playtime":1607,"items_purged":["Strike_R"],"score":271,"play_id":"f3978267-095f-4620-8648-68a699b88993","local_time":"20201222123634","is_ascension_mode":false,"campfire_choices":[{"data":"Iron Wave","floor":6,"key":"SMITH"},{"data":"Defend_R","floor":12,"key":"SMITH"},{"data":"Defend_R","floor":15,"key":"SMITH"},{"data":"Pommel Strike","floor":23,"key":"SMITH"},{"floor":25,"key":"REST"},{"data":"Iron Wave","floor":27,"key":"SMITH"},{"floor":32,"key":"REST"}],"circlet_count":0,"master_deck":["Strike_R","Strike_R","Defend_R","Defend_R","Defend_R+1","Defend_R+1","Bash","Cleave+1","Iron Wave+1","Iron Wave+1","Pommel Strike+1","Body Slam"],"relics":["Burning Blood","Vajra","aspiration:ChemicalBlood","Meat on the Bone","Sozu","conspire:InfiniteJournal","infinitespire:Beetle Shell","Eternal Feather"],"acts_visited":["Exordium","TheCity"],"potions_floor_usage":[14,14,16,18,33],"damage_taken":[{"damage":1,"enemies":"2 Louse","floor":1,"turns":3},{"damage":0,"enemies":"Cultist","floor":3,"turns":2},{"damage":0,"enemies":"Small Slimes","floor":4,"turns":2},{"damage":13,"enemies":"3 Louse","floor":5,"turns":4},{"damage":0,"enemies":"2 Fungi Beasts","floor":7,"turns":3},{"damage":7,"enemies":"Exordium Thugs","floor":10,"turns":5},{"damage":1,"enemies":"3 Louse","floor":13,"turns":3},{"damage":7,"enemies":"Gremlin Nob","floor":14,"turns":3},{"damage":74,"enemies":"Slime Boss","floor":16,"turns":17},{"damage":5,"enemies":"3 Byrds","floor":18,"turns":4},{"damage":5,"enemies":"Shell Parasite","floor":20,"turns":7},{"damage":21,"enemies":"Snake Plant","floor":21,"turns":5},{"damage":36,"enemies":"Sentry and Sphere","floor":22,"turns":8},{"damage":1,"enemies":"Cultist and Chosen","floor":29,"turns":6},{"damage":0,"enemies":"Centurion and Healer","floor":30,"turns":5},{"damage":37,"enemies":"conspire:SneckoGhost","floor":31,"turns":10},{"damage":93,"enemies":"Champ","floor":33,"turns":17}],"seed_played":"3742501596661640519","potions_obtained":[{"floor":4,"key":"LiquidBronze"},{"floor":5,"key":"GamblersBrew"},{"floor":13,"key":"Fire Potion"},{"floor":14,"key":"EssenceOfSteel"}],"is_trial":false,"path_per_floor":["M","?","M","M","M","R","M","?","T","M","?","R","M","E","R","B",null,"M","?","M","M","M","R","AVR","R","T","R","?","M","M","E","R","B"],"character_chosen":"IRONCLAD","items_purchased":[],"campfire_rested":2,"item_purchase_floors":[],"current_hp_per_floor":[80,80,80,80,73,73,79,79,79,78,78,78,80,79,79,23,80,80,80,80,65,47,47,47,71,71,71,71,76,80,49,79,0,0],"gold":456,"neow_bonus":"RANDOM_COMMON_RELIC","is_daily":false,"chose_seed":false,"campfire_upgraded":5,"win_rate":0.0,"timestamp":1608636994,"path_taken":["M","?","M","?","M","R","M","?","T","M","?","R","M","E","R","BOSS","M","?","M","M","M","R","AVR","R","T","R","?","M","?","E","R","BOSS"],"items_purchased_type":[],"build_version":"2020-12-13","purchased_purges":1,"victory":false,"max_hp_per_floor":[80,80,80,80,80,80,80,80,80,80,80,80,80,80,80,80,80,80,80,80,80,80,80,80,80,80,80,80,80,80,80,80,80,80],"card_choices":[{"not_picked":["Heavy Blade","Anger"],"picked":"Cleave","floor":1},{"not_picked":["Flame Barrier","Sword Boomerang","Uppercut"],"picked":"SKIP","floor":3},{"not_picked":["Bloodletting","Twin Strike"],"picked":"Iron Wave","floor":4},{"not_picked":["Anger","True Grit","Blood for Blood"],"picked":"SKIP","floor":5},{"not_picked":["Inflame","hubris:ReadiedAction"],"picked":"Metallicize","floor":7},{"not_picked":["Feel No Pain","Anger","Havoc"],"picked":"SKIP","floor":10},{"not_picked":["Brutality","Armaments","Headbutt"],"picked":"SKIP","floor":13},{"not_picked":["Infernal Blade","Blood for Blood","Intimidate"],"picked":"SKIP","floor":14},{"not_picked":["Whirlwind","Burning Pact","conspire:Charge+1"],"picked":"SKIP","floor":18},{"not_picked":["Pummel","Rupture","True Grit"],"picked":"SKIP","floor":20},{"not_picked":["hubris:SharpeningStone+1","Perfected Strike+1"],"picked":"Iron Wave","floor":21},{"not_picked":["Twin Strike","Ghostly Armor+1"],"picked":"Pommel Strike","floor":22},{"not_picked":["Sentinel+1","Anger+1","Flex"],"picked":"SKIP","floor":29},{"not_picked":["Reckless Charge","Perfected Strike","Sword Boomerang"],"picked":"SKIP","floor":30},{"not_picked":["Bludgeon","infinitespire:OneForAll","Flex"],"picked":"SKIP","floor":31}],"player_experience":1775510,"relics_obtained":[{"floor":9,"key":"aspiration:ChemicalBlood"},{"floor":14,"key":"Meat on the Bone"},{"floor":26,"key":"infinitespire:Beetle Shell"},{"floor":31,"key":"Eternal Feather"}],"event_choices":[{"damage_healed":0,"gold_gain":0,"player_choice":"Forge","damage_taken":0,"max_hp_gain":0,"max_hp_loss":0,"event_name":"Accursed Blacksmith","floor":2,"gold_loss":0,"cards_upgraded":["Cleave"]},{"cards_removed":["Strike_R"],"damage_healed":0,"gold_gain":0,"player_choice":"Card Removal","damage_taken":0,"max_hp_gain":0,"max_hp_loss":0,"event_name":"The Cleric","floor":11,"gold_loss":50},{"cards_removed":["Strike_R"],"damage_healed":0,"gold_gain":0,"player_choice":"Elegance","damage_taken":0,"max_hp_gain":0,"max_hp_loss":0,"event_name":"Back to Basics","floor":19,"gold_loss":0},{"damage_healed":0,"gold_gain":0,"player_choice":"Read","damage_taken":0,"max_hp_gain":0,"max_hp_loss":0,"event_name":"The Library","floor":28,"gold_loss":0,"cards_obtained":["Body Slam"]}],"is_beta":false,"boss_relics":[{"not_picked":["halation:PinkAlligatorPlush","vexMod:TanglingVine"],"picked":"Sozu"}],"items_purged_floors":[24],"is_endless":false,"potions_floor_spawned":[4,5,13,14,21,22,29,31],"killed_by":"Champ","ascension_level":0}}