{"host":"ecuvtzmejf7hhjpv","time":1608679100,"event":{"mods":["AchievementEnabler","Act Like it!","Aspiration","BaseMod","Better Altar","Better Match","Better Note","Better Sensory Stone","Better Skull","Better Third Choice","BetterRewards","Conspire","Custom Start","Gensokyo","GifTheSpireLib","Hallownest","Hermit","Hubris","Kratos Character Expansion","Marisa????????","Minty Spire (QoL Compilation)","Prisma Mod","Replay The Spire","Spicy Shops","StSLib","The Animator","The Blackbeard","The Bug Knight","The Forsaken","The Hierophant","The Jungle","The Necromancer","The Poker Player","The Wild Card"],"gold_per_floor":[123,123,137,27,46,89,89,109,109,128,156,184,184,209,209,319,319,337,356,356,382,402,439,463,413,439,439,469,469,510,456,456,563,563,581,581,163,163,199,229,250,265,288,321,331,331,385,454,454,454,454,454,127,154,154],"floor_reached":56,"playtime":2245,"items_purged":["Panache","Strike_W"],"score":1711,"play_id":"4541c91c-9e40-40c9-847f-a8ab9aa986a5","local_time":"20201222171820","is_ascension_mode":true,"campfire_choices":[{"data":"Summon_Undead","floor":7,"key":"SMITH"},{"data":"Summon_Undead_Army","floor":15,"key":"SMITH"},{"data":"Summon_Death_Knight","floor":27,"key":"SMITH"},{"data":"ReplayUltimateDefense","floor":32,"key":"SMITH"},{"floor":46,"key":"RECALL"},{"data":"Summon_Undead_Army","floor":49,"key":"SMITH"},{"data":"Summon_Undead_Army","floor":52,"key":"SMITH"}],"circlet_count":0,"master_deck":["Strike_W","Strike_W+1","Strike_W","Defend_W","Defend_W","Defend_W","Defend_W","Negative_Energy_Arrows+1","Bone_Wall","Uncharnel","Necrotic_Claws+1","Summon_Undead_Army+1","Bone_Bullets","Scare","Secret Technique","Necrotic_Claws","Summon_Lich","Summon_Undead+1","Summon_Lich","Finger_Of_Death","Violent_Necrosis","Bone_Shift","Summon_Undead_Army+1","Summon_Death_Knight+1","Summon_Undead+1","Summon_Undead+1","Bones_to_Steel","Bone_Armory","ReplayUltimateDefense+1","Deep Breath","Hellfire","Summon_Undead_Army+1","Summon_Undead_Army","Bone_Armor+1","Toxic_Smoke_Screen","Summon_Undead_Army"],"relics":["Vampire_Amulet","ReplayTheSpireMod:Lightbulb","ClockworkSouvenir","Garlic","CeramicFish","Frozen Eye","Blood Vial","Toy Ornithopter","Anchor","aspiration:DSix","Tiny Chest","Peace Pipe","hubris:Towel","hubris:Backtick","Ice Cream","Whetstone","Replay:Wax Seal","hubris:SphereOfDissonance","Blue Doll","ReplayTheSpireMod:ShopPack","Busted Crown","hubris:Icosahedron","Membership Card","Orichalcum","Lantern","aspiration:Nostalgia","HollowMod:VesselMask","Omamori","ReplayFunnel","Replay:Rubber Ducky","Juzu Bracelet","Thread and Needle","CatCart","Torii","hubris:MedicalManual","BargainBundle","ReplayTheSpireMod:Ninjato"],"acts_visited":["Exordium","TheCity","TheBeyond","TheEnding"],"potions_floor_usage":[11,11,28,33,40,55,55],"damage_taken":[{"damage":0,"enemies":"2 Louse","floor":1,"turns":2},{"damage":0,"enemies":"Small Slimes","floor":3,"turns":2},{"damage":0,"enemies":"conspire:RoseBush","floor":5,"turns":3},{"damage":10,"enemies":"3 Sentries","floor":6,"turns":7},{"damage":3,"enemies":"Blue Slaver","floor":8,"turns":3},{"damage":7,"enemies":"2 Fungi Beasts","floor":10,"turns":3},{"damage":26,"enemies":"Gremlin Nob","floor":11,"turns":4},{"damage":0,"enemies":"3 Louse","floor":12,"turns":3},{"damage":0,"enemies":"Blue Slaver","floor":14,"turns":3},{"damage":45,"enemies":"Slime Boss","floor":16,"turns":6},{"damage":8,"enemies":"Spheric Guardian","floor":18,"turns":4},{"damage":0,"enemies":"Chosen","floor":19,"turns":5},{"damage":9,"enemies":"Centurion and Healer","floor":21,"turns":8},{"damage":9,"enemies":"conspire:HollyBat","floor":22,"turns":7},{"damage":19,"enemies":"HollowMod:Nosk","floor":23,"turns":7},{"damage":30,"enemies":"conspire:SneckoGhost","floor":28,"turns":5},{"damage":20,"enemies":"Gremlin Leader","floor":30,"turns":6},{"damage":30,"enemies":"Collector","floor":33,"turns":10},{"damage":5,"enemies":"3 Shapes","floor":35,"turns":6},{"damage":1,"enemies":"conspire:MimicChest","floor":39,"turns":7},{"damage":25,"enemies":"Reptomancer","floor":40,"turns":4},{"damage":0,"enemies":"Orb Walker","floor":41,"turns":4},{"damage":0,"enemies":"Jaw Worm Horde","floor":42,"turns":4},{"damage":0,"enemies":"Giant Head","floor":44,"turns":8},{"damage":0,"enemies":"Spire Growth","floor":45,"turns":5},{"damage":0,"enemies":"Orin","floor":47,"turns":9},{"damage":15,"enemies":"conspire:OrnateMirror","floor":50,"turns":10},{"damage":19,"enemies":"Shield and Spear","floor":54,"turns":7},{"damage":67,"enemies":"The Heart","floor":55,"turns":10}],"seed_played":"-4549880431948411079","potions_obtained":[{"floor":1,"key":"ColorlessPotion"},{"floor":3,"key":"Regen Potion"},{"floor":11,"key":"Energy Potion"},{"floor":16,"key":"PowerPotion"},{"floor":21,"key":"SteroidPotion"},{"floor":23,"key":"Energy Potion"},{"floor":41,"key":"SteroidPotion"},{"floor":45,"key":"FairyPotion"},{"floor":47,"key":"Venom Potion"}],"is_trial":false,"path_per_floor":["M","?","M","$","M","E","R","M","T","M","E","M","?","M","R","B",null,"M","M","?","M","M","E","T","?","T","R","E","?","E","$","R","B",null,"M","?","$","T","?","E","M","M","T","E","M","R","?","T","R","B",null,"R","$","E","B",null],"character_chosen":"NECROMANCER","items_purchased":["ReplayTheSpireMod:Lightbulb","Uncharnel","ClockworkSouvenir","Garlic","Sadistic Nature","Necrotic_Claws","CeramicFish","Frozen Eye","Summon_Undead_Army","HandDrill","Blood Vial","Toy Ornithopter","Bone_Bullets","Scare","Anchor","Summon_Lich","Bone_Armory","ReplayTheSpireMod:ShopPack","Membership Card","Summon_Undead_Army","Orichalcum","Lantern","aspiration:Nostalgia","Summon_Undead_Army","hubris:MedicalManual","BargainBundle"],"campfire_rested":0,"item_purchase_floors":[0,0,0,0,0,0,0,0,0,0,0,0,0,0,4,4,31,31,37,37,37,37,37,53,53,53],"current_hp_per_floor":[33,33,39,39,43,41,41,42,42,47,49,57,57,61,61,22,75,69,73,73,73,68,65,65,65,65,65,67,67,65,65,65,75,75,75,75,75,75,75,58,62,70,70,75,75,75,75,75,75,66,75,75,75,60,31],"gold":154,"neow_bonus":"","is_daily":false,"chose_seed":false,"campfire_upgraded":6,"win_rate":0.0,"timestamp":1608679100,"path_taken":["M","?","M","$","M","E","R","M","T","M","E","M","?","M","R","BOSS","M","M","?","?","M","E","?","?","T","R","E","?","E","$","R","BOSS","M","?","$","?","?","E","?","M","T","E","M","R","?","?","R","BOSS","R","$","E","BOSS"],"items_purchased_type":["Relic","Card","Relic","Relic","Card","Card","Relic","Relic","Card","Relic","Relic","Relic","Card","Card","Relic","Card","Card","Relic","Relic","Card","Relic","Relic","Relic","Card","Relic","Relic"],"build_version":"2020-12-13","purchased_purges":2,"victory":true,"max_hp_per_floor":[75,75,75,75,75,75,75,75,75,75,75,75,75,75,75,75,75,75,75,75,75,75,75,75,75,75,75,75,75,75,75,75,75,75,75,75,75,75,75,75,75,75,75,75,75,75,75,75,75,75,75,75,75,75,75],"card_choices":[{"not_picked":["Whirlwind_of_Bones","Acid_Javelin"],"picked":"Necrotic_Claws","floor":1},{"not_picked":["Chill_Blood","Blood_Whip","Slay_Living"],"picked":"SKIP","floor":3},{"not_picked":["Thousand_Bone_Knives","Bone_Prison"],"picked":"Summon_Undead","floor":5},{"not_picked":["Blood_Shield","Shackles_Of_Pain"],"picked":"Summon_Lich","floor":6},{"not_picked":["Negative_Energy_Sphere","Necromantic_Selection"],"picked":"Finger_Of_Death","floor":8},{"not_picked":["Strike_from_Beyond","Vampiric_Strike"],"picked":"Violent_Necrosis","floor":10},{"not_picked":["Negative_Energy_Shield","Death_Coil","Bone_Bullets"],"picked":"SKIP","floor":11},{"not_picked":["Negative_Energy_Shield","Finger_Of_Death"],"picked":"Bone_Shift","floor":12},{"not_picked":["Bone_Spikes","Slay_Living"],"picked":"Summon_Undead_Army","floor":14},{"not_picked":["Detonate_Bones","Reap_The_Weak"],"picked":"Summon_Death_Knight","floor":16},{"not_picked":["Acid_Javelin","Bone_Armor","Exploit+1"],"picked":"SKIP","floor":18},{"not_picked":["Blood_for_Blood","Blood_Whip+1","Bone_Bullets"],"picked":"SKIP","floor":19},{"not_picked":["Strike_from_Beyond","Spectral_Walk"],"picked":"Summon_Undead+1","floor":21},{"not_picked":["Negative_Energy_Javelin","Negative_Energy_Mist","Finger_Of_Death"],"picked":"SKIP","floor":22},{"not_picked":["Summon_Lich","Negative_Energy_Burst"],"picked":"Summon_Undead","floor":23},{"not_picked":["Bone_Armory+1","Bone_Shift","Cloudkill"],"picked":"SKIP","floor":28},{"not_picked":["Bone_Spikes+1","Shackles_Of_Pain"],"picked":"Bones_to_Steel","floor":30},{"not_picked":["Crow Ritual","The Bomb"],"picked":"Panache","floor":31},{"not_picked":["Replay:Sssssssssstrike","Good Instincts"],"picked":"ReplayUltimateDefense","floor":31},{"not_picked":["The Bomb","ReplayTheSpireMod:Trickstab"],"picked":"Deep Breath","floor":31},{"not_picked":["Negative_Energy_Bomb","Blood_Magic"],"picked":"Hellfire","floor":33},{"not_picked":["Bones_to_Steel+1"],"picked":"SKIP","floor":35},{"not_picked":["Exploit"],"picked":"SKIP","floor":40},{"not_picked":[],"picked":"Bone_Armor+1","floor":41},{"not_picked":["Negative_Energy_Javelin"],"picked":"SKIP","floor":42},{"not_picked":["Exploit"],"picked":"SKIP","floor":44},{"not_picked":["Shackles_Of_Pain+1"],"picked":"SKIP","floor":45},{"not_picked":[],"picked":"Toxic_Smoke_Screen","floor":47},{"not_picked":["Deaths_Shadow"],"picked":"SKIP","floor":54}],"player_experience":905497,"relics_obtained":[{"floor":6,"key":"aspiration:DSix"},{"floor":9,"key":"Tiny Chest"},{"floor":11,"key":"Peace Pipe"},{"floor":23,"key":"Whetstone"},{"floor":26,"key":"Replay:Wax Seal"},{"floor":28,"key":"hubris:SphereOfDissonance"},{"floor":30,"key":"Blue Doll"},{"floor":38,"key":"Omamori"},{"floor":39,"key":"ReplayFunnel"},{"floor":40,"key":"Replay:Rubber Ducky"},{"floor":43,"key":"Juzu Bracelet"},{"floor":44,"key":"Thread and Needle"},{"floor":47,"key":"CatCart"},{"floor":48,"key":"Torii"},{"floor":54,"key":"ReplayTheSpireMod:Ninjato"}],"event_choices":[{"cards_removed":["Shame"],"damage_healed":0,"gold_gain":0,"player_choice":"Removed Curses","damage_taken":0,"max_hp_gain":0,"max_hp_loss":0,"event_name":"Fountain of Cleansing","floor":20,"gold_loss":0},{"damage_healed":0,"gold_gain":0,"player_choice":"Bet on Owner","damage_taken":0,"max_hp_gain":0,"max_hp_loss":0,"event_name":"The Joust","floor":25,"gold_loss":50},{"damage_healed":0,"gold_gain":0,"player_choice":"Upgraded","damage_taken":0,"max_hp_gain":0,"max_hp_loss":0,"event_name":"Upgrade Shrine","floor":29,"gold_loss":0,"cards_upgraded":["Summon_Undead"]},{"damage_healed":0,"gold_gain":0,"player_choice":"Fight","damage_taken":0,"max_hp_gain":0,"max_hp_loss":0,"event_name":"OrinTheCat","floor":47,"gold_loss":0}],"is_beta":false,"boss_relics":[{"not_picked":["Tiny House","hubris:HollowSoul"],"picked":"hubris:Backtick"},{"not_picked":["hubris:Stopwatch","Painkiller Herb"],"picked":"Busted Crown"}],"items_purged_floors":[37,53],"is_endless":false,"potions_floor_spawned":[1,3,11,16,21,23,41,45,47],"ascension_level":1}}