{"host":"vc42n08di9czm3e7","time":1608597075,"event":{"mods":["AchievementEnabler","BaseMod","Colored Powertips","Duelist Mod","Friendly Minions","GifTheSpireLib","Jorbs\u0027s Wanderer Trilogy","Minty Spire (QoL Compilation)","Prisma Mod","Rare Cards Sparkle","StSLib","The Animator","The Bug Knight","The Wild Card"],"gold_per_floor":[113,124,142,52,67,99,99,112,112,112,128,145,165,184,184,282,282,298,327,337,337,40,52,69,83,83,83,83,8,8,20,20,20,20],"floor_reached":33,"playtime":1833,"items_purged":[],"score":255,"play_id":"e21c3095-6fe5-4e4e-99f2-9fc33c85471e","local_time":"20201221193115","is_ascension_mode":false,"campfire_choices":[{"data":"Noxious Fumes","floor":7,"key":"SMITH"},{"data":"Infinite Blades","floor":10,"key":"SMITH"},{"floor":15,"key":"REST"},{"floor":28,"key":"REST"},{"data":"Calculated Gamble","floor":30,"key":"SMITH"},{"data":"After Image","floor":32,"key":"SMITH"}],"circlet_count":0,"master_deck":["Survivor","Neutralize","Adrenaline","PiercingWail","Infinite Blades+1","PiercingWail","Dramatic Entrance","Noxious Fumes+1","Prepared","Deadly Poison","Leg Sweep","After Image+1","Slice","Backstab","Corpse Explosion","Catalyst","Leg Sweep","Calculated Gamble+1","Footwork","Well Laid Plans","Tactician","Malaise","Prepared","Backflip","Crippling Poison+1","Infinite Blades+1","Footwork","Bouncing Flask","Escape Plan+1","Blade Dance","Deadly Poison","Underhanded Strike"],"relics":["Ring of the Snake","StoneCalendar","Darkstone Periapt","Pandora\u0027s Box","Red Mask","TwistedFunnel","MealTicket","Gambling Chip"],"acts_visited":["Exordium","TheCity"],"potions_floor_usage":[3,6,16,31,33],"damage_taken":[{"damage":5,"enemies":"Cultist","floor":1,"turns":6},{"damage":3,"enemies":"Small Slimes","floor":2,"turns":5},{"damage":0,"enemies":"Jaw Worm","floor":3,"turns":6},{"damage":8,"enemies":"Exordium Thugs","floor":5,"turns":6},{"damage":9,"enemies":"3 Sentries","floor":6,"turns":7},{"damage":4,"enemies":"Looter","floor":8,"turns":4},{"damage":0,"enemies":"3 Louse","floor":11,"turns":2},{"damage":0,"enemies":"Lots of Slimes","floor":12,"turns":3},{"damage":13,"enemies":"Red Slaver","floor":13,"turns":5},{"damage":0,"enemies":"3 Louse","floor":14,"turns":2},{"damage":6,"enemies":"Hexaghost","floor":16,"turns":10},{"damage":1,"enemies":"Spheric Guardian","floor":18,"turns":6},{"damage":0,"enemies":"Masked Bandits","floor":19,"turns":2},{"damage":8,"enemies":"Shell Parasite","floor":20,"turns":7},{"damage":19,"enemies":"3 Cultists","floor":23,"turns":4},{"damage":22,"enemies":"Sentry and Sphere","floor":24,"turns":5},{"damage":6,"enemies":"Chosen and Byrds","floor":25,"turns":5},{"damage":16,"enemies":"Snecko","floor":31,"turns":4},{"damage":30,"enemies":"Champ","floor":33,"turns":7}],"seed_played":"4006292313293214216","potions_obtained":[{"floor":2,"key":"SneckoOil"},{"floor":5,"key":"GhostInAJar"},{"floor":6,"key":"Weak Potion"},{"floor":8,"key":"DistilledChaos"},{"floor":11,"key":"BlessingOfTheForge"},{"floor":19,"key":"Strength Potion"}],"is_trial":false,"path_per_floor":["M","M","M","$","M","E","R","M","T","R","M","M","M","M","R","B",null,"M","?","M","?","$","M","M","M","T","T","R","?","R","M","R","B"],"character_chosen":"THE_SILENT","items_purchased":["Dramatic Entrance","Footwork","Bouncing Flask","TwistedFunnel"],"campfire_rested":2,"item_purchase_floors":[4,22,22,22],"current_hp_per_floor":[65,62,62,62,54,45,45,41,41,41,41,41,28,28,49,43,70,69,69,61,61,61,42,20,14,14,14,35,35,35,19,19,0,0],"gold":20,"neow_bonus":"TRANSFORM_CARD","is_daily":false,"chose_seed":false,"campfire_upgraded":4,"win_rate":0.0,"timestamp":1608597075,"path_taken":["M","M","M","$","M","E","R","M","T","R","M","M","M","?","R","BOSS","M","?","M","?","$","M","M","?","T","?","R","?","R","M","R","BOSS"],"items_purchased_type":["Card","Card","Card","Relic"],"build_version":"2020-12-13","purchased_purges":0,"victory":false,"max_hp_per_floor":[70,70,70,70,70,70,70,70,70,70,70,70,70,70,70,70,70,70,70,70,70,70,70,70,70,70,70,70,70,70,70,70,70,70],"card_choices":[{"not_picked":["Deflect","Dodge and Roll"],"picked":"PiercingWail","floor":1},{"not_picked":["Deflect","Reflex"],"picked":"Infinite Blades","floor":2},{"not_picked":["Flying Knee","Prepared"],"picked":"PiercingWail","floor":3},{"not_picked":["Deadly Poison","Corpse Explosion"],"picked":"Noxious Fumes","floor":5},{"not_picked":["Flying Knee","Reflex"],"picked":"Prepared","floor":6},{"not_picked":["Deflect","Masterful Stab"],"picked":"Deadly Poison","floor":8},{"not_picked":["Deadly Poison","Underhanded Strike"],"picked":"Leg Sweep","floor":11},{"not_picked":["Flying Knee","PiercingWail"],"picked":"After Image","floor":12},{"not_picked":["Dodge and Roll","Dagger Throw"],"picked":"Slice","floor":13},{"not_picked":["Expertise","Reflex"],"picked":"Backstab","floor":14},{"not_picked":["Unload","Glass Knife"],"picked":"Corpse Explosion","floor":16},{"not_picked":["Dagger Spray","Blur"],"picked":"Backflip","floor":18},{"not_picked":["Escape Plan","Quick Slash"],"picked":"Crippling Poison+1","floor":19},{"not_picked":["Bane+1","Blade Dance"],"picked":"Infinite Blades","floor":20},{"not_picked":["Sucker Punch","Flying Knee+1"],"picked":"Escape Plan+1","floor":23},{"not_picked":["Heel Hook","Acrobatics"],"picked":"Blade Dance","floor":24},{"not_picked":["Acrobatics","Bullet Time"],"picked":"Deadly Poison","floor":25},{"not_picked":["Backstab","All Out Attack+1"],"picked":"Underhanded Strike","floor":31}],"player_experience":138312,"relics_obtained":[{"floor":6,"key":"StoneCalendar"},{"floor":9,"key":"Darkstone Periapt"},{"floor":19,"key":"Red Mask"},{"floor":26,"key":"MealTicket"},{"floor":27,"key":"Gambling Chip"}],"event_choices":[{"damage_healed":0,"gold_gain":0,"player_choice":"Fought Bandits","damage_taken":0,"max_hp_gain":0,"max_hp_loss":0,"event_name":"Masked Bandits","floor":19,"gold_loss":0},{"damage_healed":0,"gold_gain":0,"player_choice":"Upgraded","damage_taken":0,"max_hp_gain":0,"max_hp_loss":0,"event_name":"Upgrade Shrine","floor":21,"gold_loss":0,"cards_upgraded":["Infinite Blades"]},{"cards_removed":["Distraction"],"damage_healed":0,"gold_gain":0,"player_choice":"Gave Gold","damage_taken":0,"max_hp_gain":0,"max_hp_loss":0,"event_name":"Beggar","floor":29,"gold_loss":75}],"is_beta":false,"boss_relics":[{"not_picked":["Runic Dome","Calling Bell"],"picked":"Pandora\u0027s Box"}],"items_purged_floors":[],"is_endless":false,"potions_floor_spawned":[2,5,6,8,11,19,24],"killed_by":"Champ","ascension_level":0}}