{"host":"ormi09wwzv7sq47a","time":1608644054,"event":{"mods":["2.2 Compatiblity","AchievementEnabler","Act Like it!","BaseMod","Bestiary","Better Note","Better Sensory Stone","Better Skull","Better Vampires","Colored Map","Colored Powertips","Curses Come First","DeckTracker","Downfall","Highlight Path","Minty Spire (QoL Compilation)","Permanent Neow","Quick Restart","Rare Cards Sparkle","Relic Stats","Shop Mod","StSLib","The Jungle"],"gold_per_floor":[116,134,59,59,69,69,98,98,149,149,179,129,141,154,104,104,104,104],"floor_reached":16,"playtime":547,"items_purged":["Slimebound:Tackle"],"score":154,"play_id":"1d0cf12d-b7f4-42c6-9f1a-d21006aacaea","local_time":"20201222113414","is_ascension_mode":true,"campfire_choices":[{"data":"Slimebound:RallyTheTroops","floor":6,"key":"SMITH"},{"data":"Slimebound:Split","floor":12,"key":"SMITH"},{"data":"Slimebound:Strike_Slimebound","floor":15,"key":"PURGE"}],"circlet_count":0,"master_deck":["Slimebound:Defend_Slimebound","Slimebound:Defend_Slimebound","Slimebound:Defend_Slimebound","Slimebound:Defend_Slimebound","Slimebound:Split+1","Slimebound:CorrosiveSpit","Slimebound:Equalize","Slimebound:SplitBruiser","Slimebound:RallyTheTroops+1","Slimebound:SamplingLick","Slimebound:FormOfPuddle","Slimebound:SamplingLick"],"relics":["Slimebound:AbsorbEndCombat","Akabeko","Boot","Slimebound:GreedOozeRelic","Bronze Scales","Peace Pipe"],"acts_visited":["Exordium"],"potions_floor_usage":[5,13],"damage_taken":[{"damage":4,"enemies":"2 Louse","floor":1,"turns":2},{"damage":6,"enemies":"Jaw Worm","floor":2,"turns":3},{"damage":4,"enemies":"Cultist","floor":5,"turns":2},{"damage":28,"enemies":"Lagavulin","floor":7,"turns":5},{"damage":13,"enemies":"Gremlin Nob","floor":11,"turns":3},{"damage":7,"enemies":"Blue Slaver","floor":13,"turns":2},{"damage":1,"enemies":"Looter","floor":14,"turns":2},{"damage":61,"enemies":"Hexaghost","floor":16,"turns":10}],"seed_played":"-8247620421706719192","potions_obtained":[{"floor":1,"key":"Slimebound:SlimedPotion"},{"floor":11,"key":"SpeedPotion"},{"floor":14,"key":"Slimebound:SlimedPotion"}],"is_trial":false,"path_per_floor":["M","M","$","?","M","R","E","?","T","?","E","R","M","M","R","B"],"character_chosen":"SLIMEBOUND","items_purchased":[],"campfire_rested":0,"item_purchase_floors":[],"current_hp_per_floor":[56,60,60,53,59,59,46,46,46,46,49,49,48,49,49,0,0,0],"gold":104,"neow_bonus":"RANDOM_COMMON_RELIC","is_daily":false,"chose_seed":false,"campfire_upgraded":2,"win_rate":0.0,"timestamp":1608644054,"path_taken":["M","M","$","?","M","R","E","?","T","?","E","R","?","M","R","BOSS"],"items_purchased_type":[],"build_version":"2020-12-13","purchased_purges":1,"victory":false,"max_hp_per_floor":[60,60,60,60,60,60,60,60,60,60,60,60,60,60,60,60,60,60],"relic_stats":{"Peace Pipe":1,"counters":[8,29],"Bronze Scales":[66],"Boot":[0],"obtain_stats":[{"Slimebound:GreedOozeRelic":8,"Peace Pipe":11,"Bronze Scales":9,"Slimebound:AbsorbEndCombat":0,"Boot":7,"Akabeko":0},{"Slimebound:GreedOozeRelic":4,"Peace Pipe":5,"Bronze Scales":4,"Slimebound:AbsorbEndCombat":0,"Boot":4,"Akabeko":0},{"Slimebound:GreedOozeRelic":12,"Peace Pipe":15,"Bronze Scales":12,"Slimebound:AbsorbEndCombat":0,"Boot":12,"Akabeko":0}]},"card_choices":[{"not_picked":["Slimebound:Grow","Slimebound:ViciousTackle"],"picked":"Slimebound:Equalize","floor":1},{"not_picked":["Slimebound:SplitMire","Slimebound:SplitAcid"],"picked":"Slimebound:SplitBruiser","floor":2},{"not_picked":["Slimebound:Schlurp","Slimebound:PressTheAttack"],"picked":"Slimebound:RallyTheTroops","floor":5},{"not_picked":["Slimebound:ComboTackle","Slimebound:PrepareCrush"],"picked":"Slimebound:SamplingLick","floor":7},{"not_picked":["Slimebound:ViciousTackle","Slimebound:RollThrough","Slimebound:Replication"],"picked":"SKIP","floor":11},{"not_picked":["Slimebound:GrowthPunch","Slimebound:RollThrough"],"picked":"Slimebound:FormOfPuddle","floor":13},{"not_picked":["Slimebound:ViciousTackle","Slimebound:LeechingTouch"],"picked":"Slimebound:SamplingLick","floor":14}],"player_experience":715250,"relics_obtained":[{"floor":7,"key":"Boot"},{"floor":9,"key":"Bronze Scales"},{"floor":11,"key":"Peace Pipe"}],"event_choices":[{"cards_removed":["Slimebound:Strike_Slimebound"],"damage_healed":0,"gold_gain":0,"player_choice":"Card Removal","damage_taken":7,"max_hp_gain":0,"max_hp_loss":0,"event_name":"Golden Wing","floor":4,"gold_loss":0},{"cards_removed":["Slimebound:Strike_Slimebound"],"damage_healed":0,"gold_gain":0,"player_choice":"Offered Basic","damage_taken":0,"max_hp_gain":0,"max_hp_loss":0,"event_name":"Bonfire Elementals","floor":10,"gold_loss":0}],"is_beta":false,"boss_relics":[],"items_purged_floors":[3],"is_endless":false,"potions_floor_spawned":[1,11,14],"killed_by":"Hexaghost","ascension_level":8}}