{"host":"65a95dzim48ko8ke","time":1608631760,"event":{"mods":["Act Like it!","BaseMod","Minty Spire (QoL Compilation)","StSLib","The Disciple","The Jungle"],"gold_per_floor":[20,20,37,52,327,356,376,390,390,390,390],"floor_reached":10,"playtime":1118,"items_purged":[],"score":70,"play_id":"23553135-5b56-4588-a05e-c11b1337ae30","local_time":"20201222190920","is_ascension_mode":false,"campfire_choices":[],"circlet_count":0,"master_deck":["Strike_Br","Defend_Br","Defend_Br","Defend_Br","Defend_Br","SecondHand","PatternShift","Analog","Keepsakes","LockedAnchor","PrimeTime","LockedAnchor","Regret","CrunchTime","LockedBlood","BiteCommand"],"relics":["Chronometer","Smiling Mask","Blue Candle"],"acts_visited":["Exordium"],"potions_floor_usage":[6,6],"damage_taken":[{"damage":0,"enemies":"Jaw Worm","floor":1,"turns":5},{"damage":6,"enemies":"Cultist","floor":3,"turns":5},{"damage":1,"enemies":"2 Louse","floor":4,"turns":4},{"damage":17,"enemies":"3 Sentries","floor":6,"turns":14},{"damage":8,"enemies":"Lots of Slimes","floor":7,"turns":5},{"damage":14,"enemies":"Exordium Thugs","floor":8,"turns":7},{"damage":27,"enemies":"Gremlin Nob","floor":10,"turns":4}],"seed_played":"9093349007629086493","potions_obtained":[{"floor":1,"key":"Block Potion"},{"floor":4,"key":"SpeedPotion"},{"floor":6,"key":"Fire Potion"}],"is_trial":false,"path_per_floor":["M","?","M","M","?","E","M","M","T","E"],"character_chosen":"CHRONO_CLASS","items_purchased":[],"campfire_rested":0,"item_purchase_floors":[],"current_hp_per_floor":[65,65,59,58,58,41,33,25,25,0,0],"gold":390,"neow_bonus":"TRANSFORM_TWO_CARDS","is_daily":false,"chose_seed":false,"campfire_upgraded":0,"win_rate":0.0,"timestamp":1608631760,"path_taken":["M","?","M","M","?","E","M","?","T","E"],"items_purchased_type":[],"build_version":"2020-12-13","purchased_purges":0,"victory":false,"max_hp_per_floor":[65,65,65,65,65,65,65,65,65,65,65],"card_choices":[{"not_picked":["PrimeTime","Tempo"],"picked":"LockedAnchor","floor":1},{"not_picked":["Echoward","Stagnate"],"picked":"PrimeTime","floor":3},{"not_picked":["Backlash","EscortCommand"],"picked":"LockedAnchor","floor":4},{"not_picked":["LockedAnchor","LockedMedicine"],"picked":"CrunchTime","floor":6},{"not_picked":["ExoVibe","Parity"],"picked":"LockedBlood","floor":7},{"not_picked":["LockedAnchor","Recurrance"],"picked":"BiteCommand","floor":8}],"player_experience":261284,"relics_obtained":[{"floor":6,"key":"Smiling Mask"},{"floor":9,"key":"Blue Candle"}],"event_choices":[{"cards_removed":["Strike_Br"],"damage_healed":0,"gold_gain":0,"player_choice":"Forget","damage_taken":0,"max_hp_gain":0,"max_hp_loss":0,"event_name":"Living Wall","floor":2,"gold_loss":0},{"damage_healed":0,"gold_gain":275,"player_choice":"Desecrate","damage_taken":0,"max_hp_gain":0,"max_hp_loss":0,"event_name":"Golden Shrine","floor":5,"gold_loss":0,"cards_obtained":["Regret"]}],"is_beta":false,"boss_relics":[],"items_purged_floors":[],"is_endless":false,"potions_floor_spawned":[1,4,6],"killed_by":"Gremlin Nob","ascension_level":0}}