{"host":"28p8ce41sjwa6lzf","time":1608672707,"event":{"mods":["BaseMod","Colored Map","Colored Powertips","Highlight Path","Minty Spire (QoL Compilation)","Permanent Neow","Quick Restart","Random Character Button","Rare Cards Sparkle","Relic Stats","StSLib","Unceasing Turn Reminder"],"gold_per_floor":[116,116,134,159,159,159,195,195,220,220,238,259,284,284,284,383,383,397,417,105,155,173,212,212,233,258,293,293,293,329,349,349,349,349],"floor_reached":33,"playtime":1709,"items_purged":["Strike_R"],"score":664,"play_id":"650ee719-fe48-4a13-acc7-0cc2a93e77a6","local_time":"20201222153147","is_ascension_mode":true,"campfire_choices":[{"data":"Fiend Fire","floor":6.0,"key":"SMITH"},{"data":"Whirlwind","floor":8.0,"key":"SMITH"},{"data":"Iron Wave","floor":10.0,"key":"SMITH"},{"data":"Clothesline","floor":15.0,"key":"SMITH"},{"data":"Immolate","floor":29.0,"key":"SMITH"},{"floor":32.0,"key":"REST"}],"circlet_count":0,"master_deck":["AscendersBane","Strike_R","Strike_R","Defend_R","Defend_R","Defend_R","Defend_R","Bash","Fiend Fire+1","Clothesline+1","Iron Wave+1","Pummel","Whirlwind+1","Inflame","Feed","CurseOfTheBell","Inflame+1","Offering","Headbutt","Bludgeon","Feed","Headbutt","Immolate+1","Decay"],"relics":["Burning Blood","Golden Idol","Bag of Marbles","Akabeko","Calling Bell","Strawberry","Frozen Egg 2","Bird Faced Urn","Orichalcum","Lantern","Art of War","Darkstone Periapt","Centennial Puzzle"],"acts_visited":["Exordium","TheCity"],"potions_floor_usage":[33],"damage_taken":[{"damage":6.0,"enemies":"Cultist","floor":1.0,"turns":3.0},{"damage":15.0,"enemies":"Small Slimes","floor":3.0,"turns":3.0},{"damage":0.0,"enemies":"2 Louse","floor":4.0,"turns":3.0},{"damage":47.0,"enemies":"Lagavulin","floor":7.0,"turns":6.0},{"damage":0.0,"enemies":"Exordium Thugs","floor":11.0,"turns":1.0},{"damage":0.0,"enemies":"Looter","floor":12.0,"turns":1.0},{"damage":0.0,"enemies":"Blue Slaver","floor":13.0,"turns":1.0},{"damage":38.0,"enemies":"Hexaghost","floor":16.0,"turns":10.0},{"damage":0.0,"enemies":"Chosen","floor":18.0,"turns":1.0},{"damage":0.0,"enemies":"Shell Parasite","floor":19.0,"turns":1.0},{"damage":21.0,"enemies":"Sentry and Sphere","floor":22.0,"turns":4.0},{"damage":22.0,"enemies":"Slavers","floor":23.0,"turns":7.0},{"damage":18.0,"enemies":"Snake Plant","floor":25.0,"turns":3.0},{"damage":37.0,"enemies":"Book of Stabbing","floor":27.0,"turns":4.0},{"damage":6.0,"enemies":"Gremlin Leader","floor":30.0,"turns":1.0},{"damage":6.0,"enemies":"Snecko","floor":31.0,"turns":2.0},{"damage":77,"enemies":"Champ","floor":33,"turns":6}],"seed_played":"-3647190478508932199","potions_obtained":[{"floor":11.0,"key":"Weak Potion"},{"floor":12.0,"key":"Explosive Potion"},{"floor":13.0,"key":"Fire Potion"},{"floor":16.0,"key":"Energy Potion"},{"floor":19.0,"key":"Explosive Potion"},{"floor":27.0,"key":"ColorlessPotion"},{"floor":30.0,"key":"SteroidPotion"}],"is_trial":false,"path_per_floor":["M","?","M","M","?","R","E","R","T","R","M","M","M","?","R","B",null,"M","M","$","?","M","E","?","M","T","E","?","R","E","M","R","B"],"character_chosen":"IRONCLAD","items_purchased":["Inflame+1","Orichalcum"],"campfire_rested":1,"item_purchase_floors":[20,20],"current_hp_per_floor":[68,68,59,65,68,68,27,27,27,27,33,39,45,45,45,13,61,67,73,73,73,63,54,54,46,46,22,28,28,28,35,62,0,0],"gold":349,"neow_bonus":"ONE_RANDOM_RARE_CARD","is_daily":false,"chose_seed":false,"campfire_upgraded":5,"win_rate":0.0,"timestamp":1608672707,"path_taken":["M","?","M","M","?","R","E","R","T","R","M","M","M","?","R","BOSS","M","M","$","?","?","E","?","M","T","E","?","R","E","M","R","BOSS"],"items_purchased_type":["Card","Relic"],"build_version":"2020-12-13","purchased_purges":1,"victory":false,"max_hp_per_floor":[75,68,68,68,68,68,68,68,68,68,68,68,68,68,68,68,75,75,75,75,75,78,81,81,81,81,84,90,90,90,93,93,93,93],"relic_stats":{"Darkstone Periapt":6,"Centennial Puzzle":[6],"counters":[17,57],"Golden Idol":90,"Bird Faced Urn":[20],"Art of War":[1],"Orichalcum":[90],"obtain_stats":[{"Darkstone Periapt":27,"Lantern":23,"Golden Idol":2,"Frozen Egg 2":17,"Orichalcum":20,"Burning Blood":0,"Akabeko":9,"Calling Bell":17,"Centennial Puzzle":30,"Strawberry":17,"Bird Faced Urn":17,"Bag of Marbles":7,"Art of War":26},{"Darkstone Periapt":14,"Lantern":12,"Golden Idol":1,"Frozen Egg 2":8,"Orichalcum":10,"Burning Blood":0,"Akabeko":4,"Calling Bell":8,"Centennial Puzzle":15,"Strawberry":8,"Bird Faced Urn":8,"Bag of Marbles":4,"Art of War":13},{"Darkstone Periapt":48,"Lantern":41,"Golden Idol":3,"Frozen Egg 2":28,"Orichalcum":30,"Burning Blood":0,"Akabeko":15,"Calling Bell":28,"Centennial Puzzle":49,"Strawberry":28,"Bird Faced Urn":28,"Bag of Marbles":15,"Art of War":44}],"Burning Blood":96},"card_choices":[{"not_picked":["Perfected Strike","Metallicize"],"picked":"Clothesline","floor":1.0},{"not_picked":["Sentinel","Clash"],"picked":"Iron Wave","floor":3.0},{"not_picked":["True Grit","Sentinel"],"picked":"Pummel","floor":4.0},{"not_picked":["Entrench","Clash"],"picked":"Whirlwind","floor":7.0},{"not_picked":["Infernal Blade","Reckless Charge","Uppercut"],"picked":"SKIP","floor":11.0},{"not_picked":["Anger","Wild Strike"],"picked":"Inflame","floor":12.0},{"not_picked":["Sword Boomerang","Heavy Blade","Body Slam"],"picked":"SKIP","floor":13.0},{"not_picked":["Reaper","Juggernaut"],"picked":"Feed","floor":16.0},{"not_picked":["Armaments","Heavy Blade","Entrench"],"picked":"SKIP","floor":18.0},{"not_picked":["True Grit","Entrench","Clothesline"],"picked":"SKIP","floor":19.0},{"not_picked":["True Grit","Warcry"],"picked":"Offering","floor":22.0},{"not_picked":["Havoc","Pummel"],"picked":"Headbutt","floor":23.0},{"not_picked":["Infernal Blade","Armaments"],"picked":"Headbutt","floor":25.0},{"not_picked":["Flex","Sword Boomerang+1"],"picked":"Immolate","floor":27.0},{"not_picked":["Dual Wield","Wild Strike+1","Burning Pact"],"picked":"SKIP","floor":30.0},{"not_picked":["Clash","Heavy Blade","Uppercut"],"picked":"SKIP","floor":31.0}],"player_experience":1020863,"relics_obtained":[{"floor":7.0,"key":"Bag of Marbles"},{"floor":9.0,"key":"Akabeko"},{"floor":17.0,"key":"Strawberry"},{"floor":17.0,"key":"Frozen Egg 2"},{"floor":17.0,"key":"Bird Faced Urn"},{"floor":23.0,"key":"Lantern"},{"floor":26.0,"key":"Art of War"},{"floor":27.0,"key":"Darkstone Periapt"},{"floor":30.0,"key":"Centennial Puzzle"}],"event_choices":[{"damage_healed":0.0,"max_hp_gain":0.0,"max_hp_loss":7.0,"gold_gain":0.0,"event_name":"Golden Idol","player_choice":"Lose Max HP","floor":2.0,"gold_loss":0.0,"damage_taken":0.0,"relics_obtained":["Golden Idol"]},{"damage_healed":22.0,"max_hp_gain":0.0,"max_hp_loss":0.0,"gold_gain":0.0,"event_name":"Big Fish","player_choice":"Banana","floor":5.0,"gold_loss":0.0,"damage_taken":0.0},{"damage_healed":0.0,"max_hp_gain":0.0,"max_hp_loss":0.0,"gold_gain":0.0,"event_name":"Liars Game","player_choice":"Ignored","floor":14.0,"gold_loss":0.0,"damage_taken":0.0},{"damage_healed":0.0,"max_hp_gain":0.0,"max_hp_loss":0.0,"gold_gain":100.0,"event_name":"The Joust","player_choice":"Bet on Murderer","floor":21.0,"gold_loss":50.0,"damage_taken":0.0},{"damage_healed":0.0,"max_hp_gain":0.0,"max_hp_loss":0.0,"gold_gain":0.0,"cards_transformed":["Strike_R","Strike_R"],"event_name":"Drug Dealer","player_choice":"Became Test Subject","floor":24.0,"gold_loss":0.0,"damage_taken":0.0,"cards_obtained":["Bludgeon","Feed"]},{"damage_healed":0.0,"max_hp_gain":0.0,"max_hp_loss":0.0,"gold_gain":0.0,"event_name":"Wheel of Change","player_choice":"Cursed","floor":28.0,"gold_loss":0.0,"damage_taken":0.0,"cards_obtained":["Decay"]}],"is_beta":false,"boss_relics":[{"not_picked":["Empty Cage","Black Blood"],"picked":"Calling Bell"}],"items_purged_floors":[20],"is_endless":false,"potions_floor_spawned":[11,12,13,16,19,27,30],"killed_by":"Champ","ascension_level":20}}