{"host":"or7h59boalwd0rey","time":1608640496,"event":{"mods":["ATMod(°¢èªMod)","Act Like it!","BaseMod","Colored Powertips","Downfall","Gensokyo","Minty Spire (QoL Compilation)","Relic Stats","Replay The Spire","RumiaBox-Â¶Ã×æ«µÄÉñÃØºÐ×Ó","StSLib","vexMod","¡¾ÒÅÎï¿¨ÅÆ¡¿REMEMod"],"gold_per_floor":[112,112,287,219,238,271,289,309,333,389,389,389,401,401,9,25,25,126,126,138,388,388,16,35,35,13,13,40,40,57,3,3,3,3,98,98,116,136,91,102,152,152,172,183,210,210,210,236,250,269,269,269],"floor_reached":53,"playtime":2541,"items_purged":["Doubt"],"score":912,"play_id":"ebce088c-8791-4e6e-87d9-bd6d9b282820","local_time":"20201222203456","is_ascension_mode":false,"campfire_choices":[{"floor":14.0,"key":"REST"},{"floor":17.0,"key":"REST"},{"data":"sneckomod:UnknownRareAttack","floor":25.0,"key":"SMITH"},{"floor":34.0,"key":"REST"},{"data":"AT_ShadowStep","floor":42.0,"key":"SMITH"},{"floor":51,"key":"REST"}],"circlet_count":0,"master_deck":["AT_ShadowStep+1","sneckomod:UnknownRareAttack+1","Defragment","Hologram","AT_WarpDrive","Gash","REME_Compress","Cold Snap","Scrape","Coolheaded","Creative AI","Defragment","Turbo+1","Beam Cell","Gensokyo:MenInBlack","Ball Lightning+1","ReplayRNGCard+1","ReplayRNGCard","Hyperbeam","REME_Shoggoth","Hyperbeam","Machine Learning","Biased Cognition","Mirror Shield","Mirror Shield","Turbo","Gash","Hologram","AT_EMC2+1","BasicCrystalCard+1","AT_HeatAcrobatics","BootSequence+1","Skim+1","Turbo","REME_Compress","AT_ThunderBolt+1","ReplaySort+1","Scrape","ReplayTheSpireMod:Calculation Training+1","AT_HeatAcrobatics+1","Consume"],"relics":["Cracked Core","REME_ComplimentaryCards","AT_ATBox","NeowsBlessing","AT_SunfireAegis","Vajra","Juzu Bracelet","Oddly Smooth Stone","AT_BellowingDragoncrestRing","Replay:Frozen Program","Sozu","Gensokyo:ChorusOfJoy","AT_LudenTempest","SSSystem","SumBook","Philosopher\u0027s Stone","Dead Branch","Prayer Wheel","Prayer Wheel","Prayer Wheel","Prayer Wheel","Replay:Wax Seal","Pet Ghost"],"acts_visited":["Exordium","Exordium","TheBeyond"],"potions_floor_usage":[],"damage_taken":[{"damage":0.0,"enemies":"Small Slimes","floor":1.0,"turns":1.0},{"damage":0.0,"enemies":"Cultist","floor":5.0,"turns":1.0},{"damage":0.0,"enemies":"3 Sentries","floor":6.0,"turns":1.0},{"damage":6.0,"enemies":"Jaw Worm","floor":7.0,"turns":2.0},{"damage":22.0,"enemies":"Exordium Thugs","floor":8.0,"turns":3.0},{"damage":21.0,"enemies":"3 Sentries","floor":10.0,"turns":5.0},{"damage":0.0,"enemies":"2 Fungi Beasts","floor":13.0,"turns":3.0},{"damage":0.0,"enemies":"Blue Slaver","floor":16.0,"turns":1.0},{"damage":35.0,"enemies":"The Guardian","floor":18.0,"turns":8.0},{"damage":17.0,"enemies":"Gensokyo:AngelMirror","floor":20.0,"turns":4.0},{"damage":6.0,"enemies":"Gensokyo:Chomper","floor":24.0,"turns":3.0},{"damage":4.0,"enemies":"Gensokyo:Slime_Group","floor":30.0,"turns":3.0},{"damage":0.0,"enemies":"Gensokyo:Eiki","floor":35.0,"turns":4.0},{"damage":3.0,"enemies":"3 Darklings","floor":37.0,"turns":2.0},{"damage":0.0,"enemies":"Orb Walker","floor":38.0,"turns":1.0},{"damage":1.0,"enemies":"Jaw Worm Horde","floor":40.0,"turns":3.0},{"damage":0.0,"enemies":"Mind Bloom Boss Battle","floor":41.0,"turns":5.0},{"damage":0.0,"enemies":"Maw","floor":43.0,"turns":5.0},{"damage":25.0,"enemies":"Spire Growth","floor":44.0,"turns":4.0},{"damage":0,"enemies":"Giant Head","floor":48,"turns":1},{"damage":0,"enemies":"3 Darklings","floor":49,"turns":2},{"damage":3,"enemies":"Sphere and 2 Shapes","floor":50,"turns":1},{"damage":38,"enemies":"Time Eater","floor":52,"turns":8}],"seed_played":"273742377499109023","potions_obtained":[{"floor":6.0,"key":"Fire Potion"},{"floor":7.0,"key":"ColorlessPotion"},{"floor":8.0,"key":"Fire Potion"},{"floor":10.0,"key":"Elixir"},{"floor":16.0,"key":"FairyPotion"},{"floor":18.0,"key":"LiquidBronze"}],"is_trial":false,"path_per_floor":["M","?","?","?","M","E","M","M","T","?","PTL","PTL","M","R","$","M","R","B",null,"M","?","?","$","M","R","$","?","T","?","M","$","T","?","R","B",null,"M","M","$","M","?","R","M","M","T","?","?","E","M","M","R","B",null],"character_chosen":"DEFECT","items_purchased":["AT_BellowingDragoncrestRing","Replay:Frozen Program","AT_LudenTempest","Beam Cell","Gash","Hologram"],"campfire_rested":4,"item_purchase_floors":[15,15,23,26,31,39],"current_hp_per_floor":[75,75,75,75,75,75,69,47,47,26,26,26,26,48,48,48,70,35,75,58,58,58,58,52,52,52,52,52,52,48,48,48,48,64,64,64,61,61,61,60,60,60,60,35,35,35,35,35,35,32,51,13],"gold":269,"neow_bonus":"THREE_ENEMY_KILL","is_daily":false,"chose_seed":false,"campfire_upgraded":2,"win_rate":0.0,"timestamp":1608640496,"path_taken":["M","?","?","?","?","E","M","M","T","?","PTL","PTL","M","R","$","M","R","BOSS","M","?","?","$","M","R","$","?","T","?","M","?","?","?","R","BOSS","M","M","?","M","?","R","M","M","T","?","?","E","M","M","R","BOSS"],"items_purchased_type":["Relic","Relic","Relic","Card","Card","Card"],"build_version":"2020-12-13","purchased_purges":1,"victory":true,"max_hp_per_floor":[75,75,75,75,75,75,75,75,75,75,75,75,75,75,75,75,75,75,75,75,71,71,71,71,71,71,71,71,64,64,64,64,64,64,64,64,64,64,64,64,64,64,64,64,64,64,64,64,64,64,64,64],"relic_stats":{"Sozu":5,"counters":[23,71],"Dead Branch":[54],"Prayer Wheel":4,"Juzu Bracelet":2,"obtain_stats":[{"Gensokyo:ChorusOfJoy":22,"AT_ATBox":0,"NeowsBlessing":0,"Dead Branch":41,"Vajra":6,"Oddly Smooth Stone":10,"SSSystem":28,"Juzu Bracelet":9,"Pet Ghost":48,"Sozu":19,"AT_LudenTempest":23,"AT_BellowingDragoncrestRing":15,"Replay:Frozen Program":15,"Philosopher\u0027s Stone":36,"Prayer Wheel":43,"AT_SunfireAegis":4,"Replay:Wax Seal":45,"Cracked Core":0,"REME_ComplimentaryCards":0,"SumBook":32},{"Gensokyo:ChorusOfJoy":10,"AT_ATBox":0,"NeowsBlessing":0,"Dead Branch":17,"Vajra":3,"Oddly Smooth Stone":6,"SSSystem":11,"Juzu Bracelet":5,"Pet Ghost":20,"Sozu":9,"AT_LudenTempest":10,"AT_BellowingDragoncrestRing":7,"Replay:Frozen Program":7,"Philosopher\u0027s Stone":13,"Prayer Wheel":18,"AT_SunfireAegis":1,"Replay:Wax Seal":19,"Cracked Core":0,"REME_ComplimentaryCards":0,"SumBook":12},{"Gensokyo:ChorusOfJoy":29,"AT_ATBox":0,"NeowsBlessing":0,"Dead Branch":50,"Vajra":3,"Oddly Smooth Stone":13,"SSSystem":32,"Juzu Bracelet":8,"Pet Ghost":60,"Sozu":25,"AT_LudenTempest":29,"AT_BellowingDragoncrestRing":16,"Replay:Frozen Program":16,"Philosopher\u0027s Stone":39,"Prayer Wheel":54,"AT_SunfireAegis":1,"Replay:Wax Seal":59,"Cracked Core":0,"REME_ComplimentaryCards":0,"SumBook":35}]},"card_choices":[{"not_picked":["Stack","Darkness"],"picked":"Defragment","floor":1.0},{"not_picked":["Conserve Battery","Sunder"],"picked":"Hologram","floor":5.0},{"not_picked":["Fusion","Go for the Eyes"],"picked":"AT_WarpDrive","floor":6.0},{"not_picked":["Conserve Battery","Force Field"],"picked":"Gash","floor":7.0},{"not_picked":["Rebound","Leap"],"picked":"REME_Compress","floor":8.0},{"not_picked":["Rebound","Blizzard"],"picked":"Cold Snap","floor":10.0},{"not_picked":["Barrage","Leap"],"picked":"Scrape","floor":13.0},{"not_picked":["Cold Snap","Conserve Battery"],"picked":"Coolheaded","floor":16.0},{"not_picked":["AT_RightCognition","Electrodynamics"],"picked":"Creative AI","floor":18.0},{"not_picked":["Panic Button","Go for the Eyes"],"picked":"Defragment","floor":20.0},{"not_picked":["Blizzard","Redo"],"picked":"Turbo+1","floor":24.0},{"not_picked":["Gensokyo:SpontaneousHumanCombustion","Gensokyo:GapWoman"],"picked":"Gensokyo:MenInBlack","floor":29.0},{"not_picked":["Sweeping Beam","Streamline"],"picked":"Ball Lightning+1","floor":30.0},{"not_picked":["Creative AI","ReplayTheSpireMod:Omega Cannon"],"picked":"ReplayTheSpireMod:Fabricate Wheel","floor":35.0},{"not_picked":["Go for the Eyes","Cold Snap+1"],"picked":"Turbo","floor":37.0},{"not_picked":["Chaos","Steam+1"],"picked":"Gash","floor":38.0},{"not_picked":["Leap","Conserve Battery+1"],"picked":"AT_EMC2+1","floor":40.0},{"not_picked":["Conserve Battery+1","Chill+1"],"picked":"BasicCrystalCard+1","floor":41.0},{"not_picked":["AT_EMC2","Beam Cell"],"picked":"AT_HeatAcrobatics","floor":43.0},{"not_picked":["Compile Driver+1","Biased Cognition","Beam Cell+1"],"picked":"SKIP","floor":43.0},{"not_picked":["Rebound","Auto Shields+1","Leap+1"],"picked":"SKIP","floor":43.0},{"not_picked":["ReplayTheSpireMod:Repulse","Conserve Battery+1","Hologram"],"picked":"SKIP","floor":43.0},{"not_picked":["Conserve Battery","Compile Driver+1","Go for the Eyes"],"picked":"SKIP","floor":43.0},{"not_picked":["Beam Cell+1","Compile Driver"],"picked":"BootSequence+1","floor":44.0},{"not_picked":["AT_HeatAcrobatics","Rebound+1"],"picked":"Skim+1","floor":44.0},{"not_picked":["Coolheaded","Rebound"],"picked":"Turbo","floor":44.0},{"not_picked":["Chaos+1","Hologram","ReplayGash"],"picked":"SKIP","floor":44.0},{"not_picked":["Ball Lightning","Steam Power","Coolheaded+1"],"picked":"SKIP","floor":44.0},{"not_picked":["Meteor Strike","Barrage+1"],"picked":"AT_ThunderBolt+1","floor":48},{"not_picked":["Streamline","Rebound+1"],"picked":"ReplaySort+1","floor":49},{"not_picked":["Hologram+1","REME_Compress"],"picked":"Scrape","floor":49},{"not_picked":["Fusion+1","Reinforced Body+1","REME_Compress"],"picked":"SKIP","floor":49},{"not_picked":["Barrage","Streamline+1","Compile Driver+1"],"picked":"SKIP","floor":49},{"not_picked":["Loop+1","Sunder","Cold Snap"],"picked":"SKIP","floor":49},{"not_picked":["AT_ThunderBolt","Compile Driver+1"],"picked":"ReplayTheSpireMod:Calculation Training+1","floor":50},{"not_picked":["Go for the Eyes","Panic Button"],"picked":"AT_HeatAcrobatics+1","floor":50},{"not_picked":["Coolheaded+1","Conserve Battery"],"picked":"Consume","floor":50},{"not_picked":["Panic Button+1","Rebound+1","Beam Cell+1"],"picked":"SKIP","floor":50},{"not_picked":["Hologram","Meteor Strike","Auto Shields+1"],"picked":"SKIP","floor":50}],"player_experience":57500,"relics_obtained":[{"floor":6.0,"key":"Vajra"},{"floor":9.0,"key":"Juzu Bracelet"},{"floor":10.0,"key":"Oddly Smooth Stone"},{"floor":28.0,"key":"SSSystem"},{"floor":32.0,"key":"SumBook"},{"floor":41.0,"key":"Dead Branch"},{"floor":45.0,"key":"Replay:Wax Seal"},{"floor":48,"key":"Pet Ghost"}],"event_choices":[{"damage_healed":0.0,"max_hp_gain":0.0,"max_hp_loss":0.0,"gold_gain":0.0,"event_name":"The Cleric","player_choice":"Leave","floor":2.0,"gold_loss":0.0,"damage_taken":0.0},{"damage_healed":0.0,"max_hp_gain":0.0,"max_hp_loss":0.0,"gold_gain":175.0,"event_name":"Liars Game","player_choice":"AGREE","floor":3.0,"gold_loss":0.0,"damage_taken":0.0,"cards_obtained":["Doubt"]},{"damage_healed":0.0,"max_hp_gain":0.0,"max_hp_loss":0.0,"gold_gain":0.0,"event_name":"WeMeetAgain","player_choice":"Paid Gold","floor":4.0,"gold_loss":68.0,"damage_taken":0.0,"relics_obtained":["AT_SunfireAegis"]},{"damage_healed":0.0,"max_hp_gain":0.0,"max_hp_loss":0.0,"gold_gain":0.0,"event_name":"Dead Adventurer","player_choice":"Searched \u00271\u0027 times","floor":10.0,"gold_loss":0.0,"damage_taken":0.0},{"damage_healed":0.0,"max_hp_gain":0.0,"max_hp_loss":0.0,"gold_gain":0.0,"event_name":"MindBloom","player_choice":"Fight","floor":41.0,"gold_loss":0.0,"damage_taken":0.0},{"cards_removed":["Gash"],"damage_healed":0.0,"max_hp_gain":0.0,"max_hp_loss":0.0,"gold_gain":0.0,"event_name":"Falling","player_choice":"Removed Attack","floor":46.0,"gold_loss":0.0,"damage_taken":0.0},{"damage_healed":0,"gold_gain":0,"cards_transformed":["Biased Cognition"],"player_choice":"Transformed","damage_taken":0,"max_hp_gain":0,"max_hp_loss":0,"event_name":"Transmorgrifier","floor":47,"gold_loss":0,"cards_obtained":["REME_Compress"]}],"is_beta":false,"boss_relics":[{"not_picked":["Coffee Dripper","SlaversCollar"],"picked":"Sozu"},{"not_picked":["vexMod:BigBerry","vexMod:ImprovementManual"],"picked":"Philosopher\u0027s Stone"}],"items_purged_floors":[23],"is_endless":false,"potions_floor_spawned":[6,7,8,10,16,18,30,35,37,40,43],"ascension_level":0}}