{"host":"6999i8eg5ewbhdiq","time":1608663936,"event":{"mods":["AchievementEnabler","BaseMod","Colored Map","Colored Powertips","Highlight Path","Minty Spire (QoL Compilation)"],"gold_per_floor":[115,290,305,305,31,31,57,57,134,153,184,184,199,216,216,321,321,301,320,70,89,9,9,39,39,39,55,55,85,85,85,85,187,187,205,205,220,1219,1219,1219,1219,1252,1264,472,472,483,483,74,74,74,74],"floor_reached":50,"playtime":3110,"items_purged":["Strike_G","Clumsy","Defend_G","Pain"],"score":640,"play_id":"917a72f9-96fd-4ef2-84c0-bd61167d0825","local_time":"20201222200536","is_ascension_mode":true,"campfire_choices":[{"data":"Neutralize","floor":6.0,"key":"SMITH"},{"data":"After Image","floor":8.0,"key":"SMITH"},{"floor":15.0,"key":"REST"},{"data":"Footwork","floor":23.0,"key":"SMITH"},{"floor":28.0,"key":"REST"},{"floor":32.0,"key":"REST"},{"floor":40.0,"key":"REST"},{"floor":45.0,"key":"REST"},{"data":"Secret Technique","floor":49.0,"key":"SMITH"}],"circlet_count":0,"master_deck":["Strike_G+1","Defend_G","Defend_G","Defend_G","Survivor","Neutralize+1","Blade Dance","Blade Dance","After Image+1","Slice","Storm of Steel+1","Quick Slash+1","Leg Sweep+1","Choke","Bandage Up","Footwork+1","Quick Slash+1","Blade Dance","Adrenaline","Dagger Spray","Blade Dance+1","Secret Technique+1","Pain","Regret"],"relics":["Cursed Key","Whetstone","Juzu Bracelet","Meat on the Bone","Matryoshka","Astrolabe","Pen Nib","Dream Catcher","Omamori","Pear","WristBlade","MawBank","Smiling Mask","Pantograph","Mango","Mercury Hourglass","OrangePellets","Eternal Feather","Unceasing Top"],"acts_visited":["Exordium","TheCity","TheBeyond"],"potions_floor_usage":[50,50],"damage_taken":[{"damage":0.0,"enemies":"2 Louse","floor":1.0,"turns":2.0},{"damage":3.0,"enemies":"Small Slimes","floor":3.0,"turns":3.0},{"damage":17.0,"enemies":"Gremlin Nob","floor":7.0,"turns":4.0},{"damage":4.0,"enemies":"Cultist","floor":10.0,"turns":4.0},{"damage":7.0,"enemies":"3 Sentries","floor":11.0,"turns":10.0},{"damage":14.0,"enemies":"Lots of Slimes","floor":13.0,"turns":3.0},{"damage":0.0,"enemies":"Blue Slaver","floor":14.0,"turns":4.0},{"damage":34.0,"enemies":"The Guardian","floor":16.0,"turns":16.0},{"damage":8.0,"enemies":"2 Thieves","floor":18.0,"turns":4.0},{"damage":8.0,"enemies":"Spheric Guardian","floor":19.0,"turns":4.0},{"damage":4.0,"enemies":"Snake Plant","floor":21.0,"turns":5.0},{"damage":27.0,"enemies":"Gremlin Leader","floor":24.0,"turns":5.0},{"damage":7.0,"enemies":"Centurion and Healer","floor":27.0,"turns":5.0},{"damage":18.0,"enemies":"Book of Stabbing","floor":29.0,"turns":7.0},{"damage":61.0,"enemies":"Champ","floor":33.0,"turns":14.0},{"damage":20.0,"enemies":"3 Shapes","floor":35.0,"turns":3.0},{"damage":16.0,"enemies":"Orb Walker","floor":37.0,"turns":2.0},{"damage":31.0,"enemies":"Reptomancer","floor":42.0,"turns":5.0},{"damage":16.0,"enemies":"Transient","floor":46.0,"turns":5.0},{"damage":65,"enemies":"Time Eater","floor":50,"turns":8}],"seed_played":"8025809498134435966","potions_obtained":[{"floor":3.0,"key":"SkillPotion"},{"floor":10.0,"key":"Energy Potion"},{"floor":11.0,"key":"Block Potion"},{"floor":19.0,"key":"Dexterity Potion"},{"floor":24.0,"key":"SteroidPotion"},{"floor":29.0,"key":"FairyPotion"},{"floor":42.0,"key":"PowerPotion"},{"floor":46.0,"key":"Swift Potion"}],"is_trial":false,"path_per_floor":["M","?","M","?","$","R","E","R","T","M","E","?","M","M","R","B",null,"M","M","$","M","$","R","E","$","T","M","R","E","?","?","R","B",null,"M","?","M","?","?","R","?","E","T","$","R","M","T","$","R","B"],"character_chosen":"THE_SILENT","items_purchased":["Blade Dance","Whetstone","Choke","Bandage Up","Footwork","Mango","Mercury Hourglass","OrangePellets","AttackPotion","Unceasing Top","BlessingOfTheForge"],"campfire_rested":5,"item_purchase_floors":[5,5,20,20,22,44,44,44,44,48,48],"current_hp_per_floor":[70,70,67,67,67,67,50,50,50,46,39,39,37,37,58,36,70,62,54,54,54,54,54,43,43,43,40,61,57,57,57,80,34,80,64,64,52,52,52,76,76,49,49,63,91,78,78,78,90,33,33],"gold":74,"neow_bonus":"BOSS_RELIC","is_daily":false,"chose_seed":false,"campfire_upgraded":4,"win_rate":0.0,"timestamp":1608663936,"path_taken":["M","?","M","?","$","R","E","R","T","M","E","?","M","M","R","BOSS","M","M","$","M","?","R","E","$","T","M","R","E","?","?","R","BOSS","M","?","M","?","?","R","?","E","T","$","R","M","?","?","R","BOSS"],"items_purchased_type":["Card","Relic","Card","Card","Card","Relic","Relic","Relic","Potion","Relic","Potion"],"build_version":"2020-12-13","purchased_purges":4,"victory":false,"max_hp_per_floor":[70,70,70,70,70,70,70,70,70,70,70,70,70,70,70,70,70,70,70,70,70,70,70,70,70,70,70,70,80,80,80,80,80,80,80,80,80,80,80,80,80,80,80,94,94,94,94,94,94,94,94],"card_choices":[{"not_picked":["Poisoned Stab","Tactician"],"picked":"Blade Dance","floor":1.0},{"not_picked":["PiercingWail","Prepared","Skewer"],"picked":"SKIP","floor":3.0},{"not_picked":["Quick Slash","Underhanded Strike"],"picked":"After Image","floor":7.0},{"not_picked":["Leg Sweep","Quick Slash"],"picked":"Slice","floor":10.0},{"not_picked":["Bane","Burst"],"picked":"Storm of Steel","floor":11.0},{"not_picked":["Cloak And Dagger","Poisoned Stab","Dagger Throw"],"picked":"SKIP","floor":13.0},{"not_picked":["Backflip","Deadly Poison","Dagger Spray"],"picked":"SKIP","floor":14.0},{"not_picked":["Slice+1","Deflect","Dagger Throw"],"picked":"SKIP","floor":18.0},{"not_picked":["Bouncing Flask","Dodge and Roll","Prepared"],"picked":"SKIP","floor":19.0},{"not_picked":["Calculated Gamble","Deadly Poison","Underhanded Strike+1"],"picked":"SKIP","floor":21.0},{"not_picked":["Calculated Gamble+1","Dodge and Roll","Doppelganger"],"picked":"SKIP","floor":24.0},{"not_picked":["Dodge and Roll","Acrobatics"],"picked":"Quick Slash+1","floor":27.0},{"not_picked":["Grand Finale","Noxious Fumes+1","Underhanded Strike+1"],"picked":"SKIP","floor":29.0},{"not_picked":["Phantasmal Killer","Corpse Explosion"],"picked":"Adrenaline","floor":33.0},{"not_picked":["Acrobatics+1","Slice"],"picked":"Dagger Spray","floor":35.0},{"not_picked":["Endless Agony+1","Acrobatics","Dagger Spray+1"],"picked":"SKIP","floor":37.0},{"not_picked":["Riddle With Holes","Terror"],"picked":"Blade Dance+1","floor":40.0},{"not_picked":["Violence","Forethought"],"picked":"Secret Technique","floor":41.0},{"not_picked":["Leg Sweep","Noxious Fumes","Bane"],"picked":"SKIP","floor":42.0},{"not_picked":["Slice","Prepared+1","Deflect+1"],"picked":"SKIP","floor":46.0}],"player_experience":86009,"relics_obtained":[{"floor":7.0,"key":"Juzu Bracelet"},{"floor":9.0,"key":"Meat on the Bone"},{"floor":11.0,"key":"Matryoshka"},{"floor":24.0,"key":"Pen Nib"},{"floor":26.0,"key":"Dream Catcher"},{"floor":26.0,"key":"Omamori"},{"floor":29.0,"key":"Pear"},{"floor":42.0,"key":"MawBank"},{"floor":43.0,"key":"Smiling Mask"},{"floor":43.0,"key":"Pantograph"},{"floor":47.0,"key":"Eternal Feather"}],"event_choices":[{"damage_healed":0.0,"max_hp_gain":0.0,"max_hp_loss":0.0,"gold_gain":175.0,"event_name":"Liars Game","player_choice":"AGREE","floor":2.0,"gold_loss":0.0,"damage_taken":0.0,"cards_obtained":["Doubt"]},{"cards_removed":["Doubt"],"damage_healed":0.0,"max_hp_gain":0.0,"max_hp_loss":0.0,"gold_gain":0.0,"event_name":"Fountain of Cleansing","player_choice":"Removed Curses","floor":4.0,"gold_loss":0.0,"damage_taken":0.0},{"damage_healed":0.0,"max_hp_gain":0.0,"max_hp_loss":0.0,"gold_gain":0.0,"event_name":"Upgrade Shrine","player_choice":"Upgraded","floor":12.0,"gold_loss":0.0,"damage_taken":0.0,"cards_upgraded":["Storm of Steel"]},{"damage_healed":0.0,"max_hp_gain":0.0,"max_hp_loss":0.0,"gold_gain":0.0,"event_name":"The Library","player_choice":"Read","floor":30.0,"gold_loss":0.0,"damage_taken":0.0,"cards_obtained":["Blade Dance"]},{"cards_removed":["Strike_G"],"damage_healed":0.0,"max_hp_gain":0.0,"max_hp_loss":0.0,"gold_gain":0.0,"event_name":"Bonfire Elementals","player_choice":"Offered Basic","floor":31.0,"gold_loss":0.0,"damage_taken":0.0},{"damage_healed":0.0,"max_hp_gain":0.0,"max_hp_loss":0.0,"gold_gain":0.0,"event_name":"Tomb of Lord Red Mask","player_choice":"Ignored","floor":36.0,"gold_loss":0.0,"damage_taken":0.0},{"damage_healed":0.0,"max_hp_gain":0.0,"max_hp_loss":0.0,"gold_gain":999.0,"event_name":"MindBloom","player_choice":"Gold","floor":38.0,"gold_loss":0.0,"damage_taken":0.0,"cards_obtained":["Normality","Normality"]},{"cards_removed":["Defend_G"],"damage_healed":0.0,"max_hp_gain":0.0,"max_hp_loss":0.0,"gold_gain":0.0,"event_name":"Falling","player_choice":"Removed Skill","floor":39.0,"gold_loss":0.0,"damage_taken":0.0},{"damage_healed":0.0,"max_hp_gain":0.0,"max_hp_loss":0.0,"gold_gain":0.0,"event_name":"SensoryStone","player_choice":"Memory 1","floor":41.0,"gold_loss":0.0,"damage_taken":0.0}],"is_beta":false,"boss_relics":[{"not_picked":["SlaversCollar","Fusion Hammer"],"picked":"Astrolabe"},{"not_picked":["Sozu","SacredBark"],"picked":"WristBlade"}],"items_purged_floors":[5,20,44,48],"is_endless":false,"potions_floor_spawned":[3,10,11,19,24,29,42,46],"killed_by":"Time Eater","ascension_level":2}}