{"host":"6pgtslebjnyv5xmi","time":1608626501,"event":{"mods":["AchievementEnabler","BaseMod","Colored Map","Minty Spire (QoL Compilation)","Rare Cards Sparkle","SuperFastMode","everything is the same but u backflip on backflip"],"gold_per_floor":[118,130,130,130,155,196,196,227,227,192,192,217,217,230,230,353,353,367,467,50,68,68,68,92,17,87,87,105,105,148,162,162,288,288,301,324,224,224,248,281,281,319,319,13,71,0,0,23,23,23,23,23,23,58,58,58],"floor_reached":55,"playtime":4052,"items_purged":["Strike_R+1","Strike_R+1","Bash"],"score":935,"play_id":"91473e58-5251-45dd-88cf-1de46ca0230c","local_time":"20201222174141","is_ascension_mode":true,"campfire_choices":[{"data":"Spot Weakness","floor":7,"key":"SMITH"},{"floor":11,"key":"REST"},{"data":"Flex","floor":13,"key":"SMITH"},{"data":"Flex","floor":15,"key":"SMITH"},{"data":"Sword Boomerang","floor":23,"key":"SMITH"},{"data":"Sword Boomerang","floor":27,"key":"SMITH"},{"floor":32,"key":"RECALL"},{"floor":41,"key":"REST"},{"floor":47,"key":"REST"},{"floor":49,"key":"REST"},{"data":"Demon Form","floor":52,"key":"SMITH"}],"circlet_count":0,"master_deck":["Strike_R+1","Strike_R+1","Strike_R+1","Defend_R+1","Defend_R+1","Defend_R+1","Defend_R+1","Spot Weakness+1","Battle Trance","Flex+1","Intimidate","Flex+1","Sword Boomerang+1","Reaper","Sword Boomerang+1","Heavy Blade+1","Offering","Demon Form+1","Seeing Red","Enlightenment","Armaments+1","Uppercut","Dual Wield","Dual Wield+1"],"relics":["Burning Blood","Golden Idol","Anchor","Kunai","Orichalcum","Black Star","Vajra","Question Card","Sundial","Pen Nib","HornCleat","SlaversCollar","Prayer Wheel","Smiling Mask","Blue Candle","Magic Flower","Bottled Tornado","Ginger","Red Mask","Bag of Marbles","Oddly Smooth Stone"],"acts_visited":["Exordium","TheCity","TheBeyond","TheEnding"],"potions_floor_usage":[6,8,16,16,30,42,50],"damage_taken":[{"damage":6,"enemies":"Small Slimes","floor":1,"turns":4},{"damage":7,"enemies":"Jaw Worm","floor":2,"turns":3},{"damage":1,"enemies":"Cultist","floor":5,"turns":3},{"damage":70,"enemies":"Lagavulin","floor":6,"turns":8},{"damage":35,"enemies":"3 Sentries","floor":8,"turns":10},{"damage":6,"enemies":"Exordium Thugs","floor":12,"turns":4},{"damage":1,"enemies":"Looter","floor":14,"turns":2},{"damage":24,"enemies":"Hexaghost","floor":16,"turns":5},{"damage":2,"enemies":"Chosen","floor":18,"turns":3},{"damage":6,"enemies":"2 Thieves","floor":21,"turns":4},{"damage":12,"enemies":"Snake Plant","floor":24,"turns":3},{"damage":14,"enemies":"Chosen and Byrds","floor":28,"turns":5},{"damage":15,"enemies":"Book of Stabbing","floor":30,"turns":4},{"damage":6,"enemies":"Centurion and Healer","floor":31,"turns":4},{"damage":23,"enemies":"Collector","floor":33,"turns":6},{"damage":16,"enemies":"3 Shapes","floor":35,"turns":3},{"damage":5,"enemies":"Orb Walker","floor":36,"turns":3},{"damage":40,"enemies":"Spire Growth","floor":39,"turns":4},{"damage":37,"enemies":"Giant Head","floor":40,"turns":6},{"damage":48,"enemies":"Nemesis","floor":42,"turns":5},{"damage":28,"enemies":"2 Orb Walkers","floor":45,"turns":4},{"damage":39,"enemies":"Sphere and 2 Shapes","floor":48,"turns":4},{"damage":46,"enemies":"Time Eater","floor":50,"turns":6},{"damage":65,"enemies":"Shield and Spear","floor":54,"turns":5},{"damage":85,"enemies":"The Heart","floor":55,"turns":3}],"seed_played":"-7628507628899330578","potions_obtained":[{"floor":5,"key":"BloodPotion"},{"floor":6,"key":"BloodPotion"},{"floor":12,"key":"SpeedPotion"},{"floor":14,"key":"FearPotion"},{"floor":24,"key":"Energy Potion"},{"floor":28,"key":"ElixirPotion"},{"floor":35,"key":"LiquidMemories"},{"floor":48,"key":"PowerPotion"}],"is_trial":false,"path_per_floor":["M","M","?","?","M","E","R","E","T","?","R","M","R","M","R","B",null,"M","?","$","M","?","R","M","$","T","R","M","?","E","M","R","B",null,"M","M","$","?","M","E","R","E","T","$","?","?","R","M","R","B",null,"R","$","E","B"],"character_chosen":"IRONCLAD","items_purchased":["Vajra","Question Card","Bottled Tornado"],"campfire_rested":4,"item_purchase_floors":[20,20,44],"current_hp_per_floor":[80,79,84,63,68,21,21,9,9,30,55,55,55,60,60,42,74,85,85,85,85,85,85,79,79,79,79,77,77,76,85,85,68,81,85,85,85,85,51,43,68,36,36,36,46,46,71,55,80,85,85,85,85,29,0,0],"gold":58,"neow_bonus":"THREE_CARDS","is_daily":false,"chose_seed":false,"campfire_upgraded":6,"win_rate":0.0,"timestamp":1608626501,"path_taken":["M","M","?","?","?","E","R","E","T","?","R","M","R","M","R","BOSS","M","?","?","?","?","R","M","$","T","R","M","?","E","M","R","BOSS","M","M","$","?","M","E","R","E","T","$","?","?","R","M","R","BOSS","R","$","E","BOSS"],"items_purchased_type":["Relic","Relic","Relic"],"build_version":"2020-12-13","purchased_purges":3,"victory":false,"max_hp_per_floor":[80,80,85,85,85,85,85,85,85,85,85,85,85,85,85,85,85,85,85,85,85,85,85,85,85,85,85,85,85,85,85,85,85,85,85,85,85,85,85,85,85,85,85,85,85,85,85,85,85,85,85,85,85,85,85,85],"card_choices":[{"not_picked":["Sword Boomerang","Headbutt"],"picked":"Spot Weakness","floor":0},{"not_picked":["Pommel Strike","Perfected Strike"],"picked":"Battle Trance","floor":1},{"not_picked":["Headbutt","Hemokinesis"],"picked":"Flex","floor":2},{"not_picked":["Iron Wave","Cleave","Body Slam"],"picked":"SKIP","floor":5},{"not_picked":["True Grit","Immolate"],"picked":"Intimidate","floor":6},{"not_picked":["Armaments","Thunderclap"],"picked":"Flex","floor":8},{"not_picked":["Second Wind","True Grit","Armaments"],"picked":"SKIP","floor":12},{"not_picked":["Flame Barrier","Cleave"],"picked":"Sword Boomerang","floor":14},{"not_picked":["Bludgeon","Offering"],"picked":"Reaper","floor":16},{"not_picked":["Havoc","Power Through+1","Rampage+1"],"picked":"SKIP","floor":18},{"not_picked":["Armaments","Sever Soul+1","Wild Strike"],"picked":"Sword Boomerang","floor":21},{"not_picked":["Searing Blow","Rampage","Evolve+1"],"picked":"Heavy Blade+1","floor":24},{"not_picked":["Combust","Havoc","Anger+1","Uppercut+1"],"picked":"SKIP","floor":28},{"not_picked":["Clash+1","Armaments+1","Whirlwind"],"picked":"Offering","floor":30},{"not_picked":["Havoc","Headbutt","Shrug It Off","Armaments"],"picked":"SKIP","floor":31},{"not_picked":["Corruption","Fiend Fire","Reaper"],"picked":"Demon Form","floor":33},{"not_picked":["Clothesline+1","Thunderclap","Burning Pact"],"picked":"Seeing Red","floor":35},{"not_picked":["Anger","Shrug It Off","Cleave","Feel No Pain"],"picked":"SKIP","floor":36},{"not_picked":["Panache","Secret Technique","Good Instincts"],"picked":"Enlightenment","floor":38},{"not_picked":["Flame Barrier","Seeing Red","Sentinel","Battle Trance"],"picked":"SKIP","floor":39},{"not_picked":["Pommel Strike","Fiend Fire","Immolate"],"picked":"Armaments+1","floor":40},{"not_picked":["Dropkick+1","Armaments","Evolve+1"],"picked":"Uppercut","floor":42},{"not_picked":["Anger+1","Armaments+1","Headbutt+1"],"picked":"Dual Wield","floor":48},{"not_picked":["Havoc","Anger","True Grit","Pommel Strike"],"picked":"SKIP","floor":48},{"not_picked":["Flex","Hemokinesis+1","Whirlwind+1"],"picked":"Dual Wield+1","floor":54}],"player_experience":366369,"relics_obtained":[{"floor":6,"key":"Anchor"},{"floor":8,"key":"Kunai"},{"floor":9,"key":"Orichalcum"},{"floor":26,"key":"Sundial"},{"floor":30,"key":"Pen Nib"},{"floor":30,"key":"HornCleat"},{"floor":40,"key":"Prayer Wheel"},{"floor":40,"key":"Smiling Mask"},{"floor":42,"key":"Blue Candle"},{"floor":42,"key":"Magic Flower"},{"floor":45,"key":"Ginger"},{"floor":54,"key":"Bag of Marbles"},{"floor":54,"key":"Oddly Smooth Stone"}],"event_choices":[{"damage_healed":0,"gold_gain":0,"player_choice":"Donut","damage_taken":0,"max_hp_gain":5,"max_hp_loss":0,"event_name":"Big Fish","floor":3,"gold_loss":0},{"damage_healed":0,"gold_gain":0,"player_choice":"Take Damage","damage_taken":21,"relics_obtained":["Golden Idol"],"max_hp_gain":0,"max_hp_loss":0,"event_name":"Golden Idol","floor":4,"gold_loss":0},{"damage_healed":21,"gold_gain":0,"player_choice":"Healed","damage_taken":0,"max_hp_gain":0,"max_hp_loss":0,"event_name":"The Cleric","floor":10,"gold_loss":35},{"damage_healed":0,"gold_gain":100,"player_choice":"Pray","damage_taken":0,"max_hp_gain":0,"max_hp_loss":0,"event_name":"Golden Shrine","floor":19,"gold_loss":0},{"damage_healed":0,"gold_gain":0,"player_choice":"Simplicity","damage_taken":0,"max_hp_gain":0,"max_hp_loss":0,"event_name":"Back to Basics","floor":22,"gold_loss":0,"cards_upgraded":["Strike_R","Strike_R","Strike_R","Strike_R","Strike_R","Defend_R","Defend_R","Defend_R","Defend_R"]},{"damage_healed":0,"gold_gain":0,"player_choice":"Ignored","damage_taken":0,"max_hp_gain":0,"max_hp_loss":0,"event_name":"Vampires","floor":29,"gold_loss":0},{"damage_healed":0,"gold_gain":0,"player_choice":"Memory 1","damage_taken":0,"max_hp_gain":0,"max_hp_loss":0,"event_name":"SensoryStone","floor":38,"gold_loss":0},{"damage_healed":0,"gold_gain":0,"player_choice":"Fight","damage_taken":0,"max_hp_gain":0,"max_hp_loss":0,"event_name":"Mysterious Sphere","floor":45,"gold_loss":0},{"damage_healed":0,"gold_gain":0,"player_choice":"Paid","damage_taken":0,"relics_obtained":["Red Mask"],"max_hp_gain":0,"max_hp_loss":0,"event_name":"Tomb of Lord Red Mask","floor":46,"gold_loss":71}],"is_beta":false,"boss_relics":[{"not_picked":["Snecko Eye","Ectoplasm"],"picked":"Black Star"},{"not_picked":["Sozu","Runic Cube"],"picked":"SlaversCollar"}],"items_purged_floors":[25,37,44],"is_endless":false,"potions_floor_spawned":[5,6,12,14,24,28,35,48],"killed_by":"The Heart","ascension_level":5}}