{"host":"ztvj8pbgeibgztw6","time":1608619364,"event":{"mods":["ATMod(阿瑾Mod)","BaseMod","Colored Map","Dota2Spire","Downfall","Luminous","Marisa（F雨　魔理沙）","Minty Spire (QoL Compilation)","Remilia（蕾米莉亚）","Replay The Spire","Shop Mod","StSLib","The Cursed","The Servant 0.9.4","【东方二次创作】八云紫mod"],"gold_per_floor":[114,126,126,146,146,172,172,187,261,436,436,436,453,467,467,55,55,257,257,274,6,16,26,26,26,37,37,37,50,63,63,2,20,114,317,317,332,18,293,308,39,39,55,69,92,3,23,23,73,90,90,190],"floor_reached":53,"playtime":3458,"items_purged":["Pain"],"score":813,"play_id":"778c62d5-e874-4787-bfd4-923e5b5c5730","local_time":"20201222144244","is_ascension_mode":false,"campfire_choices":[{"floor":7,"key":"REST"},{"floor":17,"key":"REST"},{"floor":25,"key":"REST"},{"floor":27,"key":"REST"},{"floor":31,"key":"REST"},{"data":"expansioncontent:CaCaw","floor":42,"key":"SMITH"},{"floor":48,"key":"REST"},{"floor":51,"key":"REST"}],"circlet_count":0,"master_deck":["Strike_S","Strike_S+1","Strike_S+1","Strike_S","Defend_S","Defend_S","Defend_S","Defend_S+1","KidneyShot","Exchange","AT_FamilyPortrait+1","FastForward","Starlight","Rearm","StarChef","Doubt","FanOfKnives","BestPractice","SilverBlades+1","Revamp","KillingDoll","GearUp","RealityMarble","expansioncontent:DonusPower","Rewind","Ricochet","ReturningBlade","SilverBlades","BottledTime+1","Read+1","Defy","Alleviate","Sabotage","BestPractice+1","Sunlight","CommonCold","Slimebound:Icky","Delirium","DoubleEdge","Regret","Spin+1","expansioncontent:CaCaw+1","PendulumOfEternity","SpecialFormula","ShatteredReality","Revamp+1","Potential+1","Snipe+1"],"relics":["Uniform","AT_ATBox","NeowsBlessing","AT_TheCollector","Iron Hammer","Strange Spoon","Dota2Spire:ArcaneBoots","Painkiller Herb","Membership Card","WarpedTongs","Kunai","Replay:Ancient Bell","AT_ChloranthyRing","Meat on the Bone","Durian","Dota2Spire:MonkeyKingBar","HandDrill","Nunchaku","Dota2Spire:PhaseBoots","Lee\u0027s Waffle","MerchantsRug","Whetstone","AT_BladeRuinedKing","Dota2Spire:HeartOfTarrasque"],"acts_visited":["Exordium","TheCity","TheBeyond"],"potions_floor_usage":[18,18,22,35,43,47,52,52,52,52,52,52],"damage_taken":[{"damage":0,"enemies":"2 Louse","floor":1,"turns":1},{"damage":0,"enemies":"Cultist","floor":2,"turns":1},{"damage":0,"enemies":"Jaw Worm","floor":4,"turns":1},{"damage":28,"enemies":"Replay:BlueRogue","floor":6,"turns":6},{"damage":0,"enemies":"2 Fungi Beasts","floor":8,"turns":1},{"damage":4,"enemies":"Blue Slaver","floor":13,"turns":4},{"damage":0,"enemies":"Exordium Thugs","floor":14,"turns":1},{"damage":36,"enemies":"Hexaghost","floor":18,"turns":8},{"damage":23,"enemies":"Shell Parasite","floor":20,"turns":5},{"damage":0,"enemies":"Spheric Guardian","floor":22,"turns":3},{"damage":18,"enemies":"3 Cultists","floor":23,"turns":3},{"damage":17,"enemies":"Centurion and Healer","floor":26,"turns":4},{"damage":3,"enemies":"Chosen and Byrds","floor":29,"turns":3},{"damage":25,"enemies":"Snake Plant","floor":30,"turns":6},{"damage":2,"enemies":"Shelled Parasite and Fungi","floor":33,"turns":6},{"damage":7,"enemies":"Champ","floor":35,"turns":7},{"damage":9,"enemies":"3 Shapes","floor":37,"turns":4},{"damage":20,"enemies":"Orb Walker","floor":40,"turns":4},{"damage":8,"enemies":"Jaw Worm Horde","floor":43,"turns":2},{"damage":18,"enemies":"4 Shapes","floor":44,"turns":6},{"damage":17,"enemies":"3 Darklings","floor":47,"turns":3},{"damage":10,"enemies":"Mind Bloom Boss Battle","floor":49,"turns":6},{"damage":0,"enemies":"Sphere and 2 Shapes","floor":50,"turns":3},{"damage":39,"enemies":"Time Eater","floor":52,"turns":6}],"seed_played":"-4015147936347889794","potions_obtained":[{"floor":2,"key":"SmokeBomb"},{"floor":6,"key":"Dota2Spire:HealingSalve"},{"floor":8,"key":"ColorlessPotion"},{"floor":18,"key":"LiquidMemories"},{"floor":20,"key":"LiquidMemories"},{"floor":22,"key":"DuplicationPotion"},{"floor":26,"key":"hexamod:EctoCoolerPotion"},{"floor":40,"key":"EntropicBrew"},{"floor":43,"key":"champ:CounterPotion"},{"floor":49,"key":"Fire Potion"}],"is_trial":false,"path_per_floor":["M","M","?","M","?","E","R","M","T","?","PTL","PTL","M","M","?","$","R","B",null,"?","T","?","?","?","T","?","T","T","?","?","T","T","?","T","B",null,"?","T","?","?","T","T","?","?","T","T","?","T","?","?","T","B",null],"character_chosen":"THE_SERVANT","items_purchased":["Strange Spoon","SilverBlades+1","Dota2Spire:ArcaneBoots","Revamp","Membership Card","RealityMarble","expansioncontent:DonusPower","Rewind","Ricochet","Alleviate","Sabotage","Dota2Spire:MonkeyKingBar","HandDrill","Nunchaku","Dota2Spire:PhaseBoots","Lee\u0027s Waffle","MerchantsRug","expansioncontent:CaCaw","AT_BladeRuinedKing","ShatteredReality"],"campfire_rested":7,"item_purchase_floors":[16,16,16,16,21,21,21,21,21,32,32,38,38,38,41,41,41,41,46,46],"current_hp_per_floor":[65,65,65,65,65,37,56,56,56,56,56,56,52,52,52,52,65,41,65,42,42,42,24,24,43,26,45,45,42,17,36,36,34,34,27,70,61,61,61,41,77,77,69,51,51,51,42,65,63,71,85,60],"gold":190,"neow_bonus":"THREE_ENEMY_KILL","is_daily":false,"chose_seed":false,"campfire_upgraded":1,"win_rate":0.0,"timestamp":1608619364,"path_taken":["M","M","?","M","?","E","R","?","T","?","PTL","PTL","M","M","?","$","R","BOSS","?","T","?","?","?","T","?","T","T","?","?","T","?","?","T","BOSS","?","T","?","?","T","T","?","?","T","?","?","T","?","?","T","BOSS"],"items_purchased_type":["Relic","Card","Relic","Card","Relic","Card","Card","Card","Card","Card","Card","Relic","Relic","Relic","Relic","Relic","Relic","Card","Relic","Card"],"build_version":"2020-12-13","purchased_purges":1,"victory":true,"max_hp_per_floor":[65,65,65,65,65,65,65,65,65,65,65,65,65,65,65,65,65,65,65,65,65,65,65,65,65,65,65,65,65,65,65,65,65,65,65,70,70,70,70,70,77,77,77,77,77,77,77,77,85,85,85,85],"card_choices":[{"not_picked":["TimeWarp","Spin"],"picked":"FastForward","floor":1},{"not_picked":["Hightail","FastForward"],"picked":"Starlight","floor":2},{"not_picked":["Rewind","ShiftingGears"],"picked":"MoonPhase","floor":4},{"not_picked":["PendulumOfEternity","Barrier"],"picked":"Rearm","floor":6},{"not_picked":["DoubleEdge","Spin"],"picked":"StarChef","floor":8},{"not_picked":["Alleviate","BottledTime"],"picked":"FanOfKnives","floor":13},{"not_picked":["Hightail","Ricochet"],"picked":"BestPractice","floor":14},{"not_picked":["Solidify","Dilation"],"picked":"KillingDoll","floor":18},{"not_picked":["Revamp","DoubleEdge"],"picked":"GearUp","floor":20},{"not_picked":["ShatteredReality+1","TimeWarp+1"],"picked":"ReturningBlade","floor":22},{"not_picked":["Ricochet","ShatteredReality+1"],"picked":"SilverBlades","floor":23},{"not_picked":["Sabotage","ShatteredReality+1"],"picked":"BottledTime+1","floor":26},{"not_picked":["Replace+1","FastForward+1"],"picked":"Read+1","floor":29},{"not_picked":["BottledTime","TimeWarp"],"picked":"Defy","floor":30},{"not_picked":["Starlight","Defy"],"picked":"BestPractice+1","floor":33},{"not_picked":["PendulumOfEternity","KillingDoll"],"picked":"Sunlight","floor":35},{"not_picked":["ReplayTheSpireMod:IOU","ReplayTheSpireMod:Restless Dread"],"picked":"CommonCold","floor":36},{"not_picked":["Shame","Greed_TH"],"picked":"Slimebound:Icky","floor":36},{"not_picked":["Parasite","Writhe"],"picked":"Delirium","floor":36},{"not_picked":["Rewind","Rearm+1"],"picked":"DoubleEdge","floor":37},{"not_picked":["Contraction","Starlight+1"],"picked":"Spin+1","floor":40},{"not_picked":["Spin+1","Unruled"],"picked":"PendulumOfEternity","floor":43},{"not_picked":["Reset","FastForward+1"],"picked":"SpecialFormula","floor":44},{"not_picked":["TimeWarp","Defy"],"picked":"Revamp+1","floor":47},{"not_picked":["Rewind","Read+1"],"picked":"Potential+1","floor":49},{"not_picked":["Rewind+1","Potential+1"],"picked":"Snipe+1","floor":50}],"player_experience":238966,"relics_obtained":[{"floor":6,"key":"AT_TheCollector"},{"floor":9,"key":"Iron Hammer"},{"floor":28,"key":"Kunai"},{"floor":45,"key":"Whetstone"},{"floor":49,"key":"Dota2Spire:HeartOfTarrasque"}],"event_choices":[{"damage_healed":0,"gold_gain":0,"player_choice":"Grow","damage_taken":0,"max_hp_gain":0,"max_hp_loss":0,"event_name":"Living Wall","floor":3,"gold_loss":0,"cards_upgraded":["AT_FamilyPortrait"]},{"cards_removed":["MoonPhase"],"damage_healed":0,"gold_gain":0,"player_choice":"Card Removal","damage_taken":0,"max_hp_gain":0,"max_hp_loss":0,"event_name":"Wheel of Change","floor":5,"gold_loss":0},{"damage_healed":0,"gold_gain":175,"player_choice":"AGREE","damage_taken":0,"max_hp_gain":0,"max_hp_loss":0,"event_name":"Liars Game","floor":10,"gold_loss":0,"cards_obtained":["Doubt"]},{"damage_healed":0,"gold_gain":0,"player_choice":"Rummage","damage_taken":0,"relics_obtained":["WarpedTongs"],"max_hp_gain":0,"max_hp_loss":0,"event_name":"Accursed Blacksmith","floor":24,"gold_loss":0,"cards_obtained":["Pain"]},{"damage_healed":0,"gold_gain":275,"player_choice":"Desecrate","damage_taken":0,"max_hp_gain":0,"max_hp_loss":0,"event_name":"Golden Shrine","floor":39,"gold_loss":0,"cards_obtained":["Regret"]},{"damage_healed":0,"gold_gain":0,"player_choice":"Fight","damage_taken":0,"max_hp_gain":0,"max_hp_loss":0,"event_name":"MindBloom","floor":49,"gold_loss":0}],"is_beta":false,"boss_relics":[{"not_picked":["Runic Dome","Replay:Wanted Poster"],"picked":"Painkiller Herb"},{"not_picked":["AT_TrinityForce","Tiny House"],"picked":"Replay:Ancient Bell"},{"not_picked":["Bag of Preparation","Dota2Spire:MagicBottle"],"picked":"AT_ChloranthyRing"},{"not_picked":["Mirror","Ornamental Fan"],"picked":"Meat on the Bone"},{"not_picked":["Dota2Spire:AssaultCuirass","FossilizedHelix"],"picked":"Durian"}],"items_purged_floors":[38],"is_endless":false,"potions_floor_spawned":[2,6,8,18,20,22,26,33,40,43,49],"ascension_level":0}}