{"host":"s8k08j4eybfen9r6","time":1608611305,"event":{"mods":["Ascension Reborn","Aspiration","BaseMod","Better Altar","Better Match","Better Note","Better Sensory Stone","Better Skull","Better Third Choice","BetterRewards","Downfall","Hubris","Marisa????????","Minty Spire (QoL Compilation)","MostiFishMod","READ ME - Snecko Mod","Rare Cards Sparkle","Reworked Bosses","Shade Mod","Shop Mod","Spicy Shops","StSLib","The Alterego","The Animator","The Cursed","The Necromancer","The Servant 0.9.4"],"gold_per_floor":[117,131,149,159,179,179,207,99,99,115,115,146,159,192,192,295,295,308,47,57,74,24,57,72,103,103,130,149,149,168,188,188,286,286,302,321,34,34,53,87,117,117,143,159,159,159,185,195,195,195,195,195,17,44,44],"floor_reached":56,"playtime":3043,"items_purged":["Strike_S"],"score":1773,"play_id":"750472fd-1e91-42a9-871d-af0658e47d61","local_time":"20201222142825","is_ascension_mode":true,"campfire_choices":[{"data":"Shuttle","floor":6,"key":"SMITH"},{"data":"KidneyShot","floor":11,"key":"SMITH"},{"data":"TheWorld","floor":15,"key":"SMITH"},{"data":"Rearm","floor":29,"key":"SMITH"},{"data":"ReturningBlade","floor":32,"key":"SMITH"},{"floor":42,"key":"RECALL"},{"data":"Apotheosis","floor":45,"key":"SMITH"},{"data":"ReturningBlade+1","floor":49,"key":"SMITH"},{"data":"Desolation","floor":52,"key":"SMITH"}],"circlet_count":0,"master_deck":["Strike_S","Strike_S","Strike_S","Defend_S+1","Defend_S","Defend_S","Defend_S","KidneyShot+1","Exchange","Starlight","Rearm+1","Shuttle+1","Sunlight","Misdirection+1","TheWorld+1","InstantArmor","Snipe","FastForward","Moonlight","Desolation+1","MurderousAura+1","FastForward+1","BottledTime","GearUp","TimeWarp","Revamp+1","Ricochet+1","Rewind","WasteNot+1","Comet","SilverBlades+1","ReturningBlade+2","MurderousAura+1","MoonPhase+1","Apotheosis+1","SilverBlades+1","Ricochet+1","Rearm+1","PendulumOfEternity","DoubleEdge+1"],"relics":["Uniform","DaveBox","BionicSphere","NeowsBlessing","Question Card","Oddly Smooth Stone","Shuriken","Frozen Egg 2","WingedGreaves","ImportantClient","FeatherPendant","aspiration:Nostalgia","animator:PurgingStone","Mercury Hourglass","aspiration:Stabinomicon","Bag of Marbles","aspiration:ChemicalBlood","aspiration:SecretTechniqueScroll","Toolbox","War Paint","hubris:CuriousFeather","DaCapo","Vajra","Gremlin Horn","Lantern","hubris:SphereOfDissonance"],"acts_visited":["Exordium","TheCity","TheBeyond","TheEnding"],"potions_floor_usage":[27],"damage_taken":[{"damage":0,"enemies":"Jaw Worm","floor":1,"turns":1},{"damage":0,"enemies":"2 Louse","floor":2,"turns":1},{"damage":0,"enemies":"Cultist","floor":3,"turns":1},{"damage":0,"enemies":"2 Fungi Beasts","floor":4,"turns":5},{"damage":0,"enemies":"3 Louse","floor":5,"turns":3},{"damage":22,"enemies":"3 Sentries","floor":7,"turns":9},{"damage":0,"enemies":"Exordium Wildlife","floor":10,"turns":3},{"damage":38,"enemies":"Gremlin Nob","floor":12,"turns":8},{"damage":0,"enemies":"Large Slime","floor":13,"turns":6},{"damage":0,"enemies":"3 Sentries","floor":14,"turns":7},{"damage":0,"enemies":"Slime Boss","floor":16,"turns":11},{"damage":0,"enemies":"Spheric Guardian","floor":18,"turns":3},{"damage":0,"enemies":"Chosen","floor":20,"turns":3},{"damage":0,"enemies":"Centurion and Healer","floor":21,"turns":4},{"damage":0,"enemies":"Book of Stabbing","floor":23,"turns":2},{"damage":0,"enemies":"Cultist and Chosen","floor":24,"turns":3},{"damage":0,"enemies":"Gremlin Leader","floor":25,"turns":2},{"damage":0,"enemies":"Slavers","floor":27,"turns":4},{"damage":0,"enemies":"Shelled Parasite and Fungi","floor":28,"turns":2},{"damage":0,"enemies":"Snecko","floor":30,"turns":2},{"damage":0,"enemies":"Snake Plant","floor":31,"turns":2},{"damage":0,"enemies":"bossMod:newChamp","floor":33,"turns":4},{"damage":0,"enemies":"Orb Walker","floor":35,"turns":2},{"damage":0,"enemies":"3 Shapes","floor":36,"turns":3},{"damage":0,"enemies":"Transient","floor":39,"turns":5},{"damage":0,"enemies":"Giant Head","floor":40,"turns":2},{"damage":0,"enemies":"Reptomancer","floor":41,"turns":5},{"damage":0,"enemies":"Jaw Worm Horde","floor":44,"turns":3},{"damage":0,"enemies":"Giant Head","floor":47,"turns":2},{"damage":0,"enemies":"3 Darklings","floor":48,"turns":2},{"damage":0,"enemies":"bossMod:newAwakened","floor":50,"turns":5},{"damage":13,"enemies":"Shield and Spear","floor":54,"turns":3},{"damage":0,"enemies":"The Heart","floor":55,"turns":6}],"seed_played":"3953985529048723293","potions_obtained":[{"floor":2,"key":"BlessingOfTheForge"},{"floor":5,"key":"Dexterity Potion"},{"floor":27,"key":"Fruit Juice"},{"floor":28,"key":"Fire Potion"},{"floor":39,"key":"LiquidMemories"}],"is_trial":false,"path_per_floor":["M","M","M","M","M","R","E","$","T","M","R","E","M","E","R","B",null,"M","$","M","M","?","E","M","E","T","E","M","R","M","M","R","B",null,"M","M","$","?","M","E","E","R","T","M","R","?","E","M","R","B",null,"R","$","E","B",null],"character_chosen":"THE_SERVANT","items_purchased":["InstantArmor","Snipe","aspiration:Nostalgia","Mercury Hourglass","BottledTime","Apotheosis","Toolbox","SilverBlades+1","Lantern"],"campfire_rested":0,"item_purchase_floors":[8,8,19,19,19,37,37,37,53],"current_hp_per_floor":[65,65,65,65,65,65,43,43,43,43,43,5,5,5,5,5,65,65,65,65,65,65,65,65,65,65,70,70,70,70,70,70,70,70,70,70,70,70,70,70,70,70,70,70,70,66,66,66,66,66,66,66,66,53,53],"gold":44,"neow_bonus":"THREE_ENEMY_KILL","is_daily":false,"chose_seed":false,"campfire_upgraded":8,"win_rate":0.0,"timestamp":1608611305,"path_taken":["M","M","M","M","M","R","E","$","T","M","R","E","M","E","R","BOSS","M","$","M","M","?","E","M","E","T","E","M","R","M","M","R","BOSS","M","M","$","?","?","E","E","R","T","M","R","?","E","M","R","BOSS","R","$","E","BOSS"],"items_purchased_type":["Card","Card","Relic","Relic","Card","Card","Relic","Card","Relic"],"build_version":"2020-12-13","purchased_purges":1,"victory":true,"max_hp_per_floor":[65,65,65,65,65,65,65,65,65,65,65,65,65,65,65,65,65,65,65,65,65,65,65,65,65,65,70,70,70,70,70,70,70,70,70,70,70,70,70,70,70,70,70,70,70,66,66,66,66,66,66,66,66,66,66],"card_choices":[{"not_picked":["BottledTime","TimeWarp"],"picked":"Starlight","floor":1},{"not_picked":["Potential","BottledTime","Rewind"],"picked":"Rearm","floor":2},{"not_picked":["TimeWarp","Alleviate","Unruled"],"picked":"Shuttle","floor":3},{"not_picked":["Snipe","Defy","FastForward"],"picked":"Sunlight","floor":4},{"not_picked":["Sabotage","TimeWarp","ShatteredReality"],"picked":"Misdirection","floor":5},{"not_picked":["Potential","Shuttle","DoubleEdge"],"picked":"TheWorld","floor":7},{"not_picked":["Unruled","Foresight","Alleviate"],"picked":"FastForward","floor":10},{"not_picked":["Comet","FanOfKnives","ForgedInTime"],"picked":"Moonlight","floor":12},{"not_picked":["Shuttle","TimeWarp","Read","Unruled"],"picked":"SKIP","floor":13},{"not_picked":["TimeWarp","StarChef+1","FastForward"],"picked":"Desolation","floor":14},{"not_picked":["Initiator","ForgedInTime","LightFlow"],"picked":"MurderousAura+1","floor":16},{"not_picked":["Hightail","SpecialFormula","DoubleEdge"],"picked":"FastForward+1","floor":18},{"not_picked":["BottledTime","ShatteredReality","Spin+1"],"picked":"GearUp","floor":20},{"not_picked":["Replace","Rearm","ShiftingGears"],"picked":"TimeWarp","floor":21},{"not_picked":["Rearm","Snipe+1","Spin"],"picked":"Revamp+1","floor":23},{"not_picked":["Sunlight","FastForward","ShatteredReality"],"picked":"Ricochet+1","floor":24},{"not_picked":["SoulSculpture","DualDimension+1","Read"],"picked":"Rewind","floor":25},{"not_picked":["Replace","FastForward+1","TimeWarp+1"],"picked":"WasteNot+1","floor":27},{"not_picked":["Reset+1","Revamp","GearUp"],"picked":"Comet","floor":28},{"not_picked":["MoonPhase+1","ShatteredReality+1","Misdirection"],"picked":"SilverBlades+1","floor":30},{"not_picked":["Advance","Moonlight","Alleviate+1"],"picked":"ReturningBlade","floor":31},{"not_picked":["Deny","FloweringNight+1","FlawlessForm+1"],"picked":"MurderousAura+1","floor":33},{"not_picked":["FastForward+1","InstantArmor","SpecialFormula+1","Moonlight"],"picked":"SKIP","floor":35},{"not_picked":["FastForward+1","Spin+1","Replace"],"picked":"MoonPhase+1","floor":36},{"not_picked":["ReturningBlade+1","Replace+1","Starlight"],"picked":"Ricochet+1","floor":39},{"not_picked":["Alleviate","BottledTime","Solidify","Potential"],"picked":"SKIP","floor":40},{"not_picked":["InstantArmor","ShatteredReality+1","LightFlow"],"picked":"Rearm+1","floor":41},{"not_picked":["Starlight","MoonPhase+1","RealityMarble+1","Alleviate"],"picked":"SKIP","floor":44},{"not_picked":["Replace+1","TimeWarp","Moonlight+1"],"picked":"PendulumOfEternity","floor":47},{"not_picked":["FanOfKnives","ShatteredReality+1","Replace","Unruled+1"],"picked":"SKIP","floor":48},{"not_picked":["SpecialFormula","Starlight","ShatteredReality"],"picked":"DoubleEdge+1","floor":54}],"player_experience":377208,"relics_obtained":[{"floor":1,"key":"Question Card"},{"floor":7,"key":"Oddly Smooth Stone"},{"floor":9,"key":"Shuriken"},{"floor":12,"key":"Frozen Egg 2"},{"floor":14,"key":"WingedGreaves"},{"floor":16,"key":"ImportantClient"},{"floor":23,"key":"aspiration:Stabinomicon"},{"floor":25,"key":"Bag of Marbles"},{"floor":27,"key":"aspiration:ChemicalBlood"},{"floor":40,"key":"hubris:CuriousFeather"},{"floor":41,"key":"DaCapo"},{"floor":43,"key":"Vajra"},{"floor":47,"key":"Gremlin Horn"},{"floor":54,"key":"hubris:SphereOfDissonance"}],"event_choices":[{"damage_healed":0,"gold_gain":0,"player_choice":"Bet on Owner","damage_taken":0,"max_hp_gain":0,"max_hp_loss":0,"event_name":"The Joust","floor":22,"gold_loss":50},{"damage_healed":0,"gold_gain":0,"player_choice":"Gave Potion","damage_taken":0,"relics_obtained":["War Paint"],"max_hp_gain":0,"max_hp_loss":0,"event_name":"WeMeetAgain","floor":38,"gold_loss":0},{"damage_healed":0,"gold_gain":0,"player_choice":"Max HP","damage_taken":0,"max_hp_gain":0,"max_hp_loss":4,"event_name":"Winding Halls","floor":46,"gold_loss":0}],"is_beta":false,"boss_relics":[{"not_picked":["aspiration:RitualDagger","hubris:Backtick"],"picked":"FeatherPendant"},{"not_picked":["hubris:RunicObelisk","aspiration:IroncladSkillbook"],"picked":"aspiration:SecretTechniqueScroll"}],"items_purged_floors":[53],"is_endless":false,"potions_floor_spawned":[2,5,10,13,16,20,21,27,28,30,33,35,39,44,47],"ascension_level":0}}