{"host":"vvaf77k5q4hdboei","time":1608623910,"event":{"mods":["BaseMod","Block Reminder","Curses Come First","DeckTracker","Marisa????????","Minty Spire (QoL Compilation)","Quick Restart","Rare Cards Sparkle","Replay The Spire","StSLib","The Cursed","The Servant 0.9.4"],"gold_per_floor":[118,138,138,186,196,223,1,0,51,51,51,64,64,76,251,94,94,197,197,217,217,117,216,233,263,263,275,301,301,301],"floor_reached":29,"playtime":2774,"items_purged":["Strike_S","Doubt"],"score":291,"play_id":"e12965b4-af05-469b-abbd-a9512ce8fad3","local_time":"20201222055830","is_ascension_mode":false,"campfire_choices":[{"data":"SilverBlades","floor":17,"key":"SMITH"},{"floor":26,"key":"REST"}],"circlet_count":0,"master_deck":["Strike_S","Strike_S","Strike_S","Defend_S","Defend_S","Defend_S","Defend_S","KidneyShot","Exchange","Starlight+1","Reset","Rewind","Rearm","Ricochet","Rearm","FloweringNight","SilverBlades+1","Read","Initiator","Starlight+1","Ricochet","Solidify","Pot Of Greed","Pot Of Greed"],"relics":["Uniform","NeowsBlessing","Shuriken","Nunchaku","MealTicket","ReplayTheSpireMod:TigerMarble","Ring of Chaos","Bag of Marbles","Grinning Jar"],"acts_visited":["Exordium","TheCity"],"potions_floor_usage":[6,18,20,27],"damage_taken":[{"damage":0,"enemies":"Cultist","floor":1,"turns":1},{"damage":0,"enemies":"Jaw Worm","floor":2,"turns":1},{"damage":0,"enemies":"2 Louse","floor":5,"turns":1},{"damage":22,"enemies":"Lagavulin","floor":6,"turns":10},{"damage":9,"enemies":"2 Fungi Beasts","floor":12,"turns":2},{"damage":12,"enemies":"Blue Slaver","floor":14,"turns":4},{"damage":0,"enemies":"Fading Forest","floor":18,"turns":11},{"damage":23,"enemies":"2 Thieves","floor":20,"turns":4},{"damage":20,"enemies":"Shell Parasite","floor":24,"turns":5},{"damage":35,"enemies":"Gremlin Leader","floor":25,"turns":5},{"damage":2,"enemies":"Snecko","floor":27,"turns":5},{"damage":24,"enemies":"Replay:Snechameleon","floor":29,"turns":5}],"seed_played":"6026449276454307399","potions_obtained":[{"floor":5,"key":"EssenceOfSteel"},{"floor":6,"key":"SpeedPotion"},{"floor":12,"key":"LifebloodPotion"},{"floor":18,"key":"SteroidPotion"},{"floor":25,"key":"Swift Potion"},{"floor":27,"key":"FearPotion"}],"is_trial":false,"path_per_floor":["M","M","?","?","M","E","$","?","T","PTL","PTL","M","$","M","?","$","R","B",null,"M","?","$","?","M","E","R","M","T","E"],"character_chosen":"THE_SERVANT","items_purchased":["FloweringNight","ReplayTheSpireMod:TigerMarble"],"campfire_rested":1,"item_purchase_floors":[7,16],"current_hp_per_floor":[65,65,65,65,65,43,43,43,43,43,43,34,49,37,37,52,52,64,65,42,42,57,57,37,2,21,24,24,0,0],"gold":301,"neow_bonus":"THREE_ENEMY_KILL","is_daily":false,"chose_seed":false,"campfire_upgraded":1,"win_rate":0.0,"timestamp":1608623910,"path_taken":["M","?","?","?","M","E","$","?","T","PTL","PTL","M","?","M","?","$","R","BOSS","M","?","$","?","M","E","R","M","T","E"],"items_purchased_type":["Card","Relic"],"build_version":"2020-12-13","purchased_purges":2,"victory":false,"max_hp_per_floor":[65,65,65,65,65,65,65,65,65,65,65,65,65,65,65,65,65,65,65,65,65,65,65,65,65,65,65,65,65,65],"card_choices":[{"not_picked":["Potential","Shuttle"],"picked":"Starlight","floor":1},{"not_picked":["Sabotage","Comet"],"picked":"Reset","floor":2},{"not_picked":["Starlight","DoubleEdge"],"picked":"Rewind","floor":4},{"not_picked":["ShiftingGears","Read"],"picked":"Rearm","floor":4},{"not_picked":["FastForward","ShatteredReality"],"picked":"Ricochet","floor":5},{"not_picked":["Spin","Foresight"],"picked":"Rearm","floor":6},{"not_picked":["Starlight","Initiator"],"picked":"SilverBlades","floor":12},{"not_picked":["Alleviate","Gouge"],"picked":"Read","floor":14},{"not_picked":["FloweringNight","SoulSculpture"],"picked":"Initiator","floor":18},{"not_picked":["Luminosity+1","Advance"],"picked":"Starlight+1","floor":20},{"not_picked":["Potential","ReturningBlade"],"picked":"Ricochet","floor":24},{"not_picked":["Sabotage","FastForward+1"],"picked":"Solidify","floor":25},{"not_picked":["Collapse","Spin","FastForward+1"],"picked":"SKIP","floor":27}],"player_experience":2151,"relics_obtained":[{"floor":4,"key":"Shuriken"},{"floor":6,"key":"Nunchaku"},{"floor":9,"key":"MealTicket"},{"floor":25,"key":"Bag of Marbles"},{"floor":28,"key":"Grinning Jar"}],"event_choices":[{"damage_healed":0,"gold_gain":0,"player_choice":"Grow","damage_taken":0,"max_hp_gain":0,"max_hp_loss":0,"event_name":"Living Wall","floor":3,"gold_loss":0,"cards_upgraded":["Starlight"]},{"damage_healed":0,"gold_gain":0,"player_choice":"Left Gold","damage_taken":0,"max_hp_gain":0,"max_hp_loss":0,"event_name":"World of Goop","floor":8,"gold_loss":1},{"damage_healed":0,"gold_gain":175,"player_choice":"AGREE","damage_taken":0,"max_hp_gain":0,"max_hp_loss":0,"event_name":"Liars Game","floor":15,"gold_loss":0,"cards_obtained":["Doubt"]},{"damage_healed":0,"gold_gain":0,"player_choice":"Ignored","damage_taken":0,"max_hp_gain":0,"max_hp_loss":0,"event_name":"Beggar","floor":21,"gold_loss":0},{"damage_healed":0,"gold_gain":99,"player_choice":"Stole From Cult","damage_taken":0,"max_hp_gain":0,"max_hp_loss":0,"event_name":"Nest","floor":23,"gold_loss":0}],"is_beta":false,"boss_relics":[{"not_picked":["Replay:Wanted Poster","Empty Cage"],"picked":"Ring of Chaos"}],"items_purged_floors":[7,22],"is_endless":false,"potions_floor_spawned":[5,6,12,18,25,27],"killed_by":"Replay:Snechameleon","ascension_level":0}}