{"host":"2461dio7vetlq1z3","time":1608602124,"event":{"mods":["2.2 Compatiblity","AchievementEnabler","BaseMod","Better Third Choice","Hermit","Minty Spire (QoL Compilation)","Relic Stats","Replay The Spire","Spicy Shops","StSLib","Waifu the Spire"],"gold_per_floor":[111,123,138,157,157,157,171,171,195,230,330,330,343,373,373,446,446,494,494],"floor_reached":18,"playtime":832,"items_purged":[],"score":296,"play_id":"dd8693ca-88b9-4e28-928f-f44357132ff3","local_time":"20201222025524","is_ascension_mode":true,"campfire_choices":[{"data":"Eruption","floor":6,"key":"SMITH"},{"data":"FollowUp","floor":8,"key":"SMITH"},{"data":"FollowUp","floor":12,"key":"SMITH"},{"data":"Wish","floor":15,"key":"SMITH"}],"circlet_count":0,"master_deck":["AscendersBane","Strike_P","Strike_P","Strike_P","Defend_P","Defend_P","Defend_P","Defend_P","Eruption+1","Vigilance","Replay:BluntJabs","Halt","FollowUp+1","FollowUp+1","FearNoEvil","EmptyMind","ThirdEye","EmptyFist","Wish+1","Scrawl"],"relics":["Replay:M_StaffOfTheSnake","Bag of Preparation","Smiling Mask","Replay:Mystery Machine","ReplayTheSpireMod:DimensionalGlitch"],"acts_visited":["Exordium","TheCity"],"potions_floor_usage":[14],"damage_taken":[{"damage":2,"enemies":"2 Louse","floor":1,"turns":2},{"damage":0,"enemies":"Cultist","floor":2,"turns":3},{"damage":0,"enemies":"Small Slimes","floor":3,"turns":4},{"damage":2,"enemies":"2 Fungi Beasts","floor":4,"turns":5},{"damage":1,"enemies":"Red Slaver","floor":7,"turns":2},{"damage":8,"enemies":"3 Sentries","floor":10,"turns":5},{"damage":0,"enemies":"Blue Slaver","floor":13,"turns":2},{"damage":8,"enemies":"Gremlin Nob","floor":14,"turns":3},{"damage":39,"enemies":"The Guardian","floor":16,"turns":8},{"damage":22,"enemies":"3 Byrds","floor":18,"turns":6}],"seed_played":"-8506641657657887384","potions_obtained":[{"floor":4,"key":"Swift Potion"},{"floor":10,"key":"SpeedPotion"},{"floor":16,"key":"Elixir"}],"is_trial":false,"path_per_floor":["M","M","M","M","?","R","M","R","T","E","?","R","M","E","R","B",null,"M"],"character_chosen":"WATCHER","items_purchased":[],"campfire_rested":0,"item_purchase_floors":[],"current_hp_per_floor":[59,59,59,57,57,57,56,56,56,48,48,48,48,40,40,1,51,29,29],"gold":494,"neow_bonus":"TRANSFORM_CARD","is_daily":false,"chose_seed":false,"campfire_upgraded":4,"win_rate":0.0,"timestamp":1608602124,"path_taken":["M","M","M","M","?","R","M","R","T","E","?","R","?","E","R","BOSS","M"],"items_purchased_type":[],"build_version":"2020-12-13","purchased_purges":0,"victory":false,"max_hp_per_floor":[68,68,68,68,68,68,68,68,68,68,68,68,68,68,68,68,68,68,68],"relic_stats":{"counters":[10,40],"Bag of Preparation":[10],"Smiling Mask":0,"obtain_stats":[{"Replay:M_StaffOfTheSnake":5,"Bag of Preparation":9,"PureWater":0,"Replay:Mystery Machine":14,"Smiling Mask":10,"ReplayTheSpireMod:DimensionalGlitch":17},{"Replay:M_StaffOfTheSnake":4,"Bag of Preparation":5,"PureWater":0,"Replay:Mystery Machine":8,"Smiling Mask":6,"ReplayTheSpireMod:DimensionalGlitch":9},{"Replay:M_StaffOfTheSnake":14,"Bag of Preparation":16,"PureWater":0,"Replay:Mystery Machine":26,"Smiling Mask":21,"ReplayTheSpireMod:DimensionalGlitch":34}]},"card_choices":[{"not_picked":["Prostrate","JustLucky"],"picked":"Halt","floor":1},{"not_picked":["EmptyBody","Consecrate"],"picked":"FollowUp","floor":2},{"not_picked":["Replay:Hum","Crescendo"],"picked":"FollowUp","floor":3},{"not_picked":["Replay:Hum","Evaluate"],"picked":"FearNoEvil","floor":4},{"not_picked":["Prostrate","SandsOfTime"],"picked":"EmptyMind","floor":7},{"not_picked":["ConjureBlade","JustLucky"],"picked":"ThirdEye","floor":10},{"not_picked":["Flying Knee","FollowUp"],"picked":"EmptyFist","floor":13},{"not_picked":["CutThroughFate","Crescendo"],"picked":"Wish","floor":14},{"not_picked":["Brilliance","ConjureBlade"],"picked":"Scrawl","floor":16}],"player_experience":828353,"relics_obtained":[{"floor":9,"key":"Bag of Preparation"},{"floor":10,"key":"Smiling Mask"},{"floor":14,"key":"Replay:Mystery Machine"}],"event_choices":[{"damage_healed":0,"gold_gain":100,"player_choice":"Pray","damage_taken":0,"max_hp_gain":0,"max_hp_loss":0,"event_name":"Golden Shrine","floor":11,"gold_loss":0}],"is_beta":false,"boss_relics":[{"not_picked":["VioletLotus","Honey Jar"],"picked":"ReplayTheSpireMod:DimensionalGlitch"}],"items_purged_floors":[],"is_endless":false,"potions_floor_spawned":[4,10,16],"killed_by":"3 Byrds","ascension_level":14}}