{"host":"vhvm1b4sel61ztfv","time":1608649897,"event":{"mods":["BaseMod","Minty Spire (QoL Compilation)","Replay The Spire","StSLib"],"gold_per_floor":[14,27,27,37,107,107,118,133,157,157,188,198,218,234,234,234,234],"floor_reached":16,"playtime":850,"items_purged":[],"score":106,"play_id":"0d647e68-bfcd-4f10-8a7a-7e78025b5070","local_time":"20201222101137","is_ascension_mode":false,"campfire_choices":[{"data":"ReplayTheSpireMod:Limb From Limb","floor":6,"key":"SMITH"},{"floor":10,"key":"REST"},{"floor":15,"key":"REST"}],"circlet_count":0,"master_deck":["Strike_R","Strike_R","Strike_R+1","Strike_R","Strike_R","Defend_R","Defend_R","Defend_R","Defend_R","Bash","Replay:Many Hands","Intimidate","ReplayTheSpireMod:Limb From Limb+1","Inflame","Hemokinesis","Shrug It Off","Headbutt","Flex","Fire Breathing"],"relics":["Burning Blood","Replay:Rubber Ducky","Anchor"],"acts_visited":["Exordium"],"potions_floor_usage":[4,8,13],"damage_taken":[{"damage":11,"enemies":"Jaw Worm","floor":1,"turns":4},{"damage":1,"enemies":"2 Louse","floor":2,"turns":4},{"damage":17,"enemies":"Small Slimes","floor":4,"turns":3},{"damage":17,"enemies":"Red Slaver","floor":7,"turns":3},{"damage":11,"enemies":"Blue Slaver","floor":8,"turns":4},{"damage":41,"enemies":"Gremlin Nob","floor":11,"turns":5},{"damage":0,"enemies":"Looter","floor":12,"turns":2},{"damage":3,"enemies":"Exordium Thugs","floor":13,"turns":4},{"damage":18,"enemies":"Large Slime","floor":14,"turns":5},{"damage":65,"enemies":"Hexaghost","floor":16,"turns":11}],"seed_played":"-3269237312600097012","potions_obtained":[{"floor":1,"key":"LiquidBronze"},{"floor":7,"key":"BlessingOfTheForge"},{"floor":12,"key":"GamblersBrew"}],"is_trial":false,"path_per_floor":["M","M","?","M","?","R","M","M","T","R","E","M","M","M","R","B"],"character_chosen":"IRONCLAD","items_purchased":[],"campfire_rested":2,"item_purchase_floors":[],"current_hp_per_floor":[75,80,80,69,69,69,58,53,53,77,42,48,51,39,63,0,0],"gold":234,"neow_bonus":"THREE_RARE_CARDS","is_daily":false,"chose_seed":false,"campfire_upgraded":1,"win_rate":0.0,"timestamp":1608649897,"path_taken":["M","M","?","M","?","R","M","M","T","R","E","M","M","M","R","BOSS"],"items_purchased_type":[],"build_version":"2020-12-13","purchased_purges":0,"victory":false,"max_hp_per_floor":[80,80,80,80,80,80,80,80,80,80,80,80,80,80,80,80,80],"card_choices":[{"not_picked":["Barricade","Offering"],"picked":"Replay:Many Hands","floor":0},{"not_picked":["Sentinel","True Grit"],"picked":"Intimidate","floor":1},{"not_picked":["Warcry","Twin Strike"],"picked":"ReplayTheSpireMod:Limb From Limb","floor":2},{"not_picked":["Heavy Blade","Disarm"],"picked":"Inflame","floor":4},{"not_picked":["Armaments","Disarm","Dual Wield"],"picked":"SKIP","floor":7},{"not_picked":["Disarm","Run Through"],"picked":"Hemokinesis","floor":8},{"not_picked":["Dark Embrace","Searing Blow"],"picked":"Shrug It Off","floor":11},{"not_picked":["Run Through","Metallicize"],"picked":"Headbutt","floor":12},{"not_picked":["Bludgeon","Twin Strike"],"picked":"Flex","floor":13},{"not_picked":["Headbutt","Heavy Blade"],"picked":"Fire Breathing","floor":14}],"player_experience":55524,"relics_obtained":[{"floor":9,"key":"Replay:Rubber Ducky"},{"floor":11,"key":"Anchor"}],"event_choices":[{"damage_healed":0,"gold_gain":70,"player_choice":"Gained Gold","damage_taken":0,"max_hp_gain":0,"max_hp_loss":0,"event_name":"Golden Wing","floor":5,"gold_loss":0}],"is_beta":false,"boss_relics":[],"items_purged_floors":[],"is_endless":false,"potions_floor_spawned":[1,7,12],"killed_by":"Hexaghost","ascension_level":0}}