{"host":"fjaupvxe7fzqrf4j","time":1608615384,"event":{"mods":["BaseMod","Minty Spire (QoL Compilation)","StSLib"],"gold_per_floor":[114,39,114,186,23,55,55,90,167,199,199,243,287,307,307,401,401,416,151,189,189,189,228,228,266,338,374,405,405,440,231,231,330,330,350,350,206,206,206,240,284,322,347,385,385,419,257,297,297,297,297,297,297,35,74,74],"floor_reached":57,"playtime":2967,"items_purged":["Cold Snap+1"],"score":3846,"play_id":"30b48b66-83e4-4d64-8b04-30c7042113fd","local_time":"20201222133624","daily_mods":["SealedDeck","Heirloom","Time Dilation","Flight","Elite Swarm"],"is_ascension_mode":true,"campfire_choices":[{"data":"Coolheaded","floor":7.0,"key":"SMITH"},{"floor":15.0,"key":"REST"},{"data":"Recycle","floor":24.0,"key":"SMITH"},{"data":"Defragment","floor":29.0,"key":"SMITH"},{"data":"Biased Cognition","floor":32.0,"key":"SMITH"},{"data":"Buffer","floor":45.0,"key":"SMITH"},{"floor":49.0,"key":"RECALL"},{"floor":53.0,"key":"REST"}],"circlet_count":0,"master_deck":["AscendersBane","Streamline+1","Recycle+1","Ball Lightning+1","Beam Cell+1","Double Energy+1","Coolheaded+1","Coolheaded+1","Defragment+1","Fission+1","Seek+1","Echo Form+1","Electrodynamics+1","Glacier+1","Creative AI+1","Turbo+1","Panacea+1","Core Surge+1","Core Surge+1","Biased Cognition+1","Biased Cognition+1","Biased Cognition+1","Defragment+1","Seek+1","Fission+1","Buffer+1","Capacitor+1"],"relics":["Cracked Core","Calipers","Medical Kit","Toxic Egg 2","Boot","Question Card","Lizard Tail","Golden Idol","Orichalcum","Mummified Hand","Inserter","Bag of Preparation","Red Mask","DataDisk","Omamori","Ginger","CaptainsWheel","White Beast Statue","Membership Card","Busted Crown","Mark of the Bloom","Letter Opener","Regal Pillow","Ancient Tea Set","Bag of Marbles","Blood Vial","Frozen Egg 2","OrangePellets","Potion Belt","Shuriken","Symbiotic Virus","War Paint"],"acts_visited":["Exordium","TheCity","TheBeyond","TheEnding"],"potions_floor_usage":[56,56,56,56],"damage_taken":[{"damage":0.0,"enemies":"2 Louse","floor":1.0,"turns":1.0},{"damage":22.0,"enemies":"Lagavulin","floor":6.0,"turns":4.0},{"damage":7.0,"enemies":"3 Sentries","floor":8.0,"turns":5.0},{"damage":0.0,"enemies":"Lagavulin","floor":10.0,"turns":3.0},{"damage":4.0,"enemies":"3 Sentries","floor":12.0,"turns":5.0},{"damage":0.0,"enemies":"Lagavulin","floor":13.0,"turns":2.0},{"damage":6.0,"enemies":"Small Slimes","floor":14.0,"turns":2.0},{"damage":2.0,"enemies":"The Guardian","floor":16.0,"turns":5.0},{"damage":13.0,"enemies":"Chosen","floor":18.0,"turns":4.0},{"damage":0.0,"enemies":"Masked Bandits","floor":20.0,"turns":3.0},{"damage":2.0,"enemies":"Book of Stabbing","floor":23.0,"turns":4.0},{"damage":2.0,"enemies":"Slavers","floor":25.0,"turns":4.0},{"damage":4.0,"enemies":"Book of Stabbing","floor":27.0,"turns":2.0},{"damage":0.0,"enemies":"Slavers","floor":28.0,"turns":4.0},{"damage":0.0,"enemies":"Gremlin Leader","floor":30.0,"turns":4.0},{"damage":0.0,"enemies":"Champ","floor":33.0,"turns":6.0},{"damage":0.0,"enemies":"Orb Walker","floor":35.0,"turns":2.0},{"damage":0.0,"enemies":"Reptomancer","floor":40.0,"turns":3.0},{"damage":0.0,"enemies":"Nemesis","floor":41.0,"turns":1.0},{"damage":0.0,"enemies":"Reptomancer","floor":42.0,"turns":4.0},{"damage":3.0,"enemies":"Giant Head","floor":44.0,"turns":4.0},{"damage":0.0,"enemies":"Nemesis","floor":46.0,"turns":3.0},{"damage":0.0,"enemies":"Giant Head","floor":48.0,"turns":4.0},{"damage":3.0,"enemies":"Awakened One","floor":50.0,"turns":6.0},{"damage":0.0,"enemies":"Donu and Deca","floor":51.0,"turns":3.0},{"damage":0,"enemies":"Shield and Spear","floor":55,"turns":4},{"damage":14,"enemies":"The Heart","floor":56,"turns":18}],"seed_played":"7305480906605248898","potions_obtained":[{"floor":8.0,"key":"FearPotion"},{"floor":13.0,"key":"BlessingOfTheForge"},{"floor":14.0,"key":"FairyPotion"},{"floor":33.0,"key":"DuplicationPotion"},{"floor":35.0,"key":"PowerPotion"},{"floor":44.0,"key":"LiquidMemories"},{"floor":48.0,"key":"SkillPotion"}],"is_trial":true,"path_per_floor":["M","?","?","?","$","E","R","E","T","E","?","E","E","M","R","B",null,"M","$","?","$","?","E","R","E","T","E","E","R","E","$","R","B",null,"M","?","$","?","$","E","E","E","T","E","R","E","$","E","R","B","B",null,"R","$","E","B",null],"character_chosen":"DEFECT","items_purchased":["Medical Kit","Bag of Preparation","Panacea+1","Membership Card","Defragment","Letter Opener","OrangePellets","Potion Belt","Capacitor+1","PotionOfCapacity","Symbiotic Virus"],"campfire_rested":2,"item_purchase_floors":[5,19,19,31,31,37,47,47,54,54,54],"current_hp_per_floor":[64,64,53,53,53,31,31,24,24,24,24,20,20,14,33,31,56,43,43,43,43,43,41,41,39,39,35,35,35,35,35,35,35,57,57,57,57,57,57,57,57,57,57,54,54,54,54,54,54,51,51,51,51,51,51,37],"gold":74,"neow_bonus":"","is_daily":false,"chose_seed":false,"campfire_upgraded":5,"win_rate":0.0,"timestamp":1608615384,"path_taken":["M","?","?","?","$","E","R","E","T","E","?","E","E","?","R","BOSS","M","$","?","$","?","E","R","E","T","E","E","R","E","$","R","BOSS","M","?","$","?","$","E","E","E","T","E","R","E","$","E","R","BOSS","BOSS","R","$","E","BOSS"],"items_purchased_type":["Relic","Relic","Card","Relic","Card","Relic","Relic","Relic","Card","Potion","Relic"],"build_version":"2020-12-13","purchased_purges":1,"victory":true,"max_hp_per_floor":[71,71,71,71,71,71,71,71,71,71,64,64,64,64,64,64,64,64,64,64,64,64,64,64,64,64,64,64,64,64,64,64,64,64,64,64,64,64,64,64,64,64,64,64,64,64,64,64,64,64,64,64,64,64,64,64],"card_choices":[{"not_picked":["Coolheaded","Undo","Auto Shields"],"picked":"SKIP","floor":1.0},{"not_picked":["Echo Form","Meteor Strike"],"picked":"Fission+1","floor":6.0},{"not_picked":["Thunder Strike","Hyperbeam"],"picked":"Seek+1","floor":8.0},{"not_picked":["Machine Learning","Amplify+1","Thunder Strike","Seek+1"],"picked":"SKIP","floor":10.0},{"not_picked":["Rainbow+1","Reboot+1","Creative AI"],"picked":"Echo Form","floor":12.0},{"not_picked":["Seek+1","Echo Form","Thunder Strike"],"picked":"Electrodynamics","floor":13.0},{"not_picked":["Go for the Eyes","Rebound","Compile Driver"],"picked":"Glacier+1","floor":14.0},{"not_picked":["Buffer","Machine Learning","Electrodynamics"],"picked":"Creative AI","floor":16.0},{"not_picked":["Redo+1","Barrage","Gash"],"picked":"Turbo+1","floor":18.0},{"not_picked":["Creative AI","Fission+1","Rainbow+1"],"picked":"Core Surge","floor":23.0},{"not_picked":["All For One","Hyperbeam","Machine Learning"],"picked":"Core Surge","floor":25.0},{"not_picked":["Machine Learning","Multi-Cast+1","Meteor Strike"],"picked":"Biased Cognition","floor":27.0},{"not_picked":["Electrodynamics","Fission+1","Echo Form"],"picked":"Biased Cognition","floor":28.0},{"not_picked":["Rainbow+1","Electrodynamics","Hyperbeam"],"picked":"Biased Cognition","floor":30.0},{"not_picked":["Fission+1","Biased Cognition","Rainbow+1"],"picked":"Seek+1","floor":33.0},{"not_picked":["Chill+1","Compile Driver+1"],"picked":"SKIP","floor":35.0},{"not_picked":["All For One","Meteor Strike"],"picked":"SKIP","floor":40.0},{"not_picked":["Hyperbeam","Fission+1"],"picked":"SKIP","floor":41.0},{"not_picked":["Echo Form"],"picked":"Fission+1","floor":42.0},{"not_picked":["Electrodynamics"],"picked":"Buffer","floor":44.0},{"not_picked":["Electrodynamics+1","Core Surge"],"picked":"SKIP","floor":46.0},{"not_picked":["Thunder Strike","Buffer+1"],"picked":"SKIP","floor":48.0},{"not_picked":["Hyperbeam","Thunder Strike"],"picked":"SKIP","floor":55}],"player_experience":236309,"relics_obtained":[{"floor":6.0,"key":"Toxic Egg 2"},{"floor":8.0,"key":"Boot"},{"floor":9.0,"key":"Question Card"},{"floor":10.0,"key":"Lizard Tail"},{"floor":12.0,"key":"Orichalcum"},{"floor":13.0,"key":"Mummified Hand"},{"floor":20.0,"key":"Red Mask"},{"floor":23.0,"key":"DataDisk"},{"floor":25.0,"key":"Omamori"},{"floor":27.0,"key":"Ginger"},{"floor":28.0,"key":"CaptainsWheel"},{"floor":30.0,"key":"White Beast Statue"},{"floor":40.0,"key":"Regal Pillow"},{"floor":41.0,"key":"Ancient Tea Set"},{"floor":42.0,"key":"Bag of Marbles"},{"floor":43.0,"key":"Blood Vial"},{"floor":46.0,"key":"Frozen Egg 2"},{"floor":48.0,"key":"Shuriken"},{"floor":55,"key":"War Paint"}],"event_choices":[{"cards_removed":["Sunder"],"damage_healed":0.0,"max_hp_gain":0.0,"max_hp_loss":0.0,"gold_gain":0.0,"event_name":"The Cleric","player_choice":"Card Removal","floor":2.0,"gold_loss":75.0,"damage_taken":0.0},{"damage_healed":0.0,"max_hp_gain":0.0,"max_hp_loss":0.0,"gold_gain":75.0,"event_name":"World of Goop","player_choice":"Gather Gold","floor":3.0,"gold_loss":0.0,"damage_taken":11.0},{"damage_healed":0.0,"max_hp_gain":0.0,"max_hp_loss":0.0,"gold_gain":72.0,"event_name":"Golden Wing","player_choice":"Gained Gold","floor":4.0,"gold_loss":0.0,"damage_taken":0.0},{"damage_healed":0.0,"max_hp_gain":0.0,"max_hp_loss":7.0,"gold_gain":0.0,"event_name":"Golden Idol","player_choice":"Lose Max HP","floor":11.0,"gold_loss":0.0,"damage_taken":0.0,"relics_obtained":["Golden Idol"]},{"damage_healed":0.0,"max_hp_gain":0.0,"max_hp_loss":0.0,"gold_gain":0.0,"event_name":"Masked Bandits","player_choice":"Fought Bandits","floor":20.0,"gold_loss":0.0,"damage_taken":0.0},{"damage_healed":0.0,"max_hp_gain":0.0,"max_hp_loss":0.0,"gold_gain":0.0,"event_name":"Vampires","player_choice":"Ignored","floor":22.0,"gold_loss":0.0,"damage_taken":0.0},{"damage_healed":0.0,"max_hp_gain":0.0,"max_hp_loss":0.0,"gold_gain":0.0,"event_name":"MindBloom","player_choice":"Upgrade","floor":36.0,"gold_loss":0.0,"damage_taken":0.0,"cards_upgraded":["Streamline","Cold Snap","Ball Lightning","Beam Cell","Double Energy","Coolheaded","Echo Form","Electrodynamics","Creative AI","Core Surge","Core Surge","Biased Cognition","Biased Cognition","Defragment"],"relics_obtained":["Mark of the Bloom"]},{"damage_healed":0.0,"max_hp_gain":0.0,"max_hp_loss":0.0,"gold_gain":0.0,"event_name":"Match and Keep!","player_choice":"0 cards matched","floor":38.0,"gold_loss":0.0,"damage_taken":0.0,"cards_obtained":[]}],"is_beta":false,"boss_relics":[{"not_picked":["Ectoplasm","FrozenCore"],"picked":"Inserter"},{"not_picked":["Velvet Choker","Empty Cage"],"picked":"Busted Crown"}],"items_purged_floors":[54],"is_endless":false,"potions_floor_spawned":[8,13,14,16,18,30,33,35,40,41,42,44,46,48,55],"ascension_level":20}}