{"host":"81h68oe4mr04pk3r","time":1608624981,"event":{"mods":["Act Like it!","Aspiration","BaseMod","BetterRewards","Colored Map","Colored Powertips","Conspire","Downfall","Hermit","Hubris","Infinite Spire","Jorbs\u0027s Wanderer Trilogy","Koishi","Lobotomy","LobotomyExtend","Marisa????????","Minty Spire (QoL Compilation)","Quick Restart","Reimu??????","Remilia??????","Replay The Spire","StSLib","The Bug Knight","The Construct","The Cursed","The Disciple","The Servant 0.9.4"],"gold_per_floor":[112,112,112,123,83,83,118,134,161,192,204,290,322,348,360,467,479,480,492,504,516,528,540,584,165,191,191,201,201,126,126,126,229,229,245,298,298,298,298],"floor_reached":39,"playtime":1719,"items_purged":["GravityBeat","ShatteredReality+1"],"score":343,"play_id":"49c4e6aa-78cc-4637-bc0c-7c17bd372765","local_time":"20201222001621","is_ascension_mode":false,"campfire_choices":[{"data":"Koishi:BloodcurdlingScream","floor":6,"key":"SMITH"},{"data":"Koishi:ImGoingToCallYouNow","floor":23,"key":"SMITH"},{"floor":32,"key":"REST"}],"circlet_count":0,"master_deck":["Koishi:BasicStrike","Koishi:BasicStrike","Koishi:BasicStrike","Koishi:BasicStrike","Koishi:BasicDefend","Koishi:BasicDefend","Koishi:BasicDefend","Koishi:BasicDefend","Koishi:Provoke","Koishi:HauntingSlash","Koishi:ParalyzingFear+1","Koishi:BloodcurdlingScream+1","Koishi:StingingMind","Koishi:ParalyzingFear","Koishi:ImGoingToCallYouNow+1","AsteroidBelt","PowerUp","DarkMatter","hubris:Fate","hubris:Fate","ForecastOfChange","Koishi:PredatoryInstincts","Consecrate+1"],"relics":["Koishi:ImaginaryFriend","NeowsBlessing","LetterFromLob","PaintedHorse:ReiMu","Thread and Needle","MawBank","aspiration:FetidBarrel","aspiration:MarisaSkillbook","construct:WeddingRing","Pocketwatch","PrismaticShard","aspiration:FrozenJewel","hubris:GlazedTorus","Juzu Bracelet","RedLine:ReiMu","hubris:Teleporter","conspire:TreasureMap"],"acts_visited":["Exordium","TheCity","TheBeyond"],"potions_floor_usage":[16,16,24,24,24],"damage_taken":[{"damage":0,"enemies":"Cultist","floor":1,"turns":1},{"damage":0,"enemies":"Small Slimes","floor":4,"turns":1},{"damage":0,"enemies":"Gremlin Nob","floor":7,"turns":1},{"damage":0,"enemies":"2 Louse","floor":8,"turns":3},{"damage":6,"enemies":"Looter","floor":10,"turns":3},{"damage":1,"enemies":"3 Louse","floor":13,"turns":3},{"damage":5,"enemies":"Large Slime","floor":14,"turns":5},{"damage":33,"enemies":"The Guardian","floor":16,"turns":10},{"damage":15,"enemies":"2 Thieves","floor":18,"turns":4},{"damage":27,"enemies":"Book of Stabbing","floor":24,"turns":5},{"damage":0,"enemies":"Spheric Guardian","floor":28,"turns":3},{"damage":9,"enemies":"hubris:MusketHawk","floor":33,"turns":3},{"damage":1,"enemies":"Orb Walker","floor":35,"turns":2},{"damage":5,"enemies":"2 Orb Walkers","floor":36,"turns":4}],"seed_played":"-5886066553789141074","potions_obtained":[{"floor":1,"key":"LiquidMemories"},{"floor":7,"key":"FearPotion"},{"floor":13,"key":"Adrenaline Potion"},{"floor":16,"key":"ColorlessPotion"}],"is_trial":false,"path_per_floor":["M","?","?","M","?","R","E","M","T","M","?","T","M","M","R_BF","B",null,"M","?","AVR","?","?","R","E","$","T","?","M","?","$","?","R","B",null,"M","?","AVR","M"],"character_chosen":"KOISHI","items_purchased":["PowerUp","DarkMatter","hubris:GlazedTorus"],"campfire_rested":1,"item_purchase_floors":[25,25,25],"current_hp_per_floor":[60,60,60,60,60,60,60,60,60,59,59,59,58,54,60,38,60,49,49,49,41,60,60,60,60,60,45,60,50,50,50,65,56,65,64,65,65,64,64],"gold":298,"neow_bonus":"THREE_ENEMY_KILL","is_daily":false,"chose_seed":false,"campfire_upgraded":2,"win_rate":0.0,"timestamp":1608624981,"path_taken":["M","?","?","M","?","R","E","M","T","M","?","?","?","M","R_BF","BOSS","M","?","AVR","?","?","R","E","$","T","?","M","?","$","?","R","BOSS","M","?","AVR","M"],"items_purchased_type":["Card","Card","Relic"],"build_version":"2020-12-13","purchased_purges":2,"victory":false,"max_hp_per_floor":[60,60,60,60,60,60,60,60,60,60,60,60,60,60,60,60,60,60,60,60,60,60,60,60,60,60,60,60,65,65,65,65,65,65,65,65,65,65,65],"card_choices":[{"not_picked":["Koishi:HeartfeltFancy","Koishi:PredatoryInstincts"],"picked":"Koishi:ParalyzingFear","floor":1},{"not_picked":["Koishi:FleetingPhantom","Koishi:PhilosophyOfTheDespised"],"picked":"Koishi:BloodcurdlingScream","floor":4},{"not_picked":["Koishi:PredatoryInstincts","Koishi:UnansweredLove"],"picked":"Koishi:StingingMind","floor":7},{"not_picked":["Koishi:Jaunt","Koishi:Vanish"],"picked":"Koishi:ParalyzingFear","floor":8},{"not_picked":["Koishi:MassHysteria","Koishi:FleetingPhantom","Koishi:HeartfeltFancy"],"picked":"SKIP","floor":10},{"not_picked":["Koishi:VengefulSpirit","Koishi:UnansweredLove"],"picked":"Koishi:DNAsFlaw","floor":13},{"not_picked":["Koishi:FleetingPhantom","Koishi:Bloodlust","Koishi:SubterraneanRose"],"picked":"SKIP","floor":14},{"not_picked":["Koishi:SilentAndRestless","Koishi:RoseHell"],"picked":"Koishi:ImGoingToCallYouNow","floor":16},{"not_picked":["Koishi:RacingHeart+1","LuminesStrike","Koishi:FleetingPhantom"],"picked":"GravityBeat","floor":18},{"not_picked":["Acceleration","Robbery","GravityBeat"],"picked":"AsteroidBelt","floor":21},{"not_picked":["Hypocrisy","Analog+1","construct:HeavyBolt"],"picked":"ShatteredReality+1","floor":24},{"not_picked":["infinitespire:TheBestDefense","infinitespire:Menacing"],"picked":"hubris:Fate","floor":27},{"not_picked":["HollowMod:CornifersMapStart+1","Glacier","construct:ScrapCannon+1","Occultation"],"picked":"SKIP","floor":28},{"not_picked":["ReplayTheSpireMod:Brewmster","Replay:Bag of Tricks","Poisoned Strike"],"picked":"ForecastOfChange","floor":33},{"not_picked":["conspire:Charge","Guardian:ChargeUp+1","Slimebound:SplitAcid"],"picked":"Koishi:PredatoryInstincts","floor":35},{"not_picked":["champ:ViciousMockery+1","Slimebound:HauntingLick","Swivel"],"picked":"Consecrate+1","floor":36}],"player_experience":159375,"relics_obtained":[{"floor":1,"key":"LetterFromLob"},{"floor":7,"key":"Thread and Needle"},{"floor":9,"key":"MawBank"},{"floor":12,"key":"aspiration:FetidBarrel"},{"floor":21,"key":"PrismaticShard"},{"floor":24,"key":"aspiration:FrozenJewel"},{"floor":26,"key":"Juzu Bracelet"},{"floor":36,"key":"hubris:Teleporter"}],"event_choices":[{"damage_healed":0,"gold_gain":0,"player_choice":"Ignored","damage_taken":0,"max_hp_gain":0,"max_hp_loss":0,"event_name":"Golden Idol","floor":2,"gold_loss":0},{"damage_healed":0,"gold_gain":0,"player_choice":"Donate","damage_taken":0,"relics_obtained":["PaintedHorse:ReiMu"],"max_hp_gain":0,"max_hp_loss":0,"event_name":"yidonshenshe","floor":5,"gold_loss":40},{"damage_healed":0,"gold_gain":0,"player_choice":"Ignored","damage_taken":0,"max_hp_gain":0,"max_hp_loss":0,"event_name":"Cursed Tome","floor":19,"gold_loss":0},{"cards_removed":["Koishi:DNAsFlaw"],"damage_healed":19,"gold_gain":0,"player_choice":"Offered Uncommon","damage_taken":0,"max_hp_gain":0,"max_hp_loss":0,"event_name":"Bonfire Elementals","floor":22,"gold_loss":0},{"damage_healed":0,"gold_gain":0,"player_choice":"Shed Blood","damage_taken":15,"max_hp_gain":5,"max_hp_loss":0,"event_name":"Forgotten Altar","floor":29,"gold_loss":0},{"damage_healed":0,"gold_gain":0,"player_choice":"Copied","damage_taken":0,"max_hp_gain":0,"max_hp_loss":0,"event_name":"Duplicator","floor":31,"gold_loss":0,"cards_obtained":["hubris:Fate"]},{"damage_healed":0,"gold_gain":0,"player_choice":"Fight","damage_taken":0,"max_hp_gain":0,"max_hp_loss":0,"event_name":"Mysterious Sphere","floor":36,"gold_loss":0}],"is_beta":false,"boss_relics":[{"not_picked":["Honey Jar","hubris:VirtuousBlindfold"],"picked":"aspiration:MarisaSkillbook"},{"not_picked":["Replay:Wanted Poster","Calling Bell"],"picked":"RedLine:ReiMu"}],"items_purged_floors":[20,30],"is_endless":false,"potions_floor_spawned":[1,7,13,16,28],"killed_by":"3 Darklings","ascension_level":0}}