{"host":"daa8jqyg4gqfaysm","time":1608639042,"event":{"mods":["BaseMod","Colored Powertips","Minty Spire (QoL Compilation)","StSLib"],"gold_per_floor":[112,131,147,69,82,110,126,126,200,200,230,244,244,270,270,270,270],"floor_reached":16,"playtime":395,"items_purged":[],"score":244,"play_id":"506f6ae9-b772-4fa3-bc9a-084dceb4ef6d","local_time":"20201222201042","is_ascension_mode":true,"campfire_choices":[{"floor":8,"key":"REST"},{"floor":13,"key":"REST"},{"floor":15,"key":"RECALL"}],"circlet_count":0,"master_deck":["AscendersBane","Strike_G","Strike_G","Strike_G","Strike_G","Strike_G","Defend_G","Defend_G","Defend_G","Defend_G","Defend_G","Survivor","Neutralize","Bane","Dagger Throw","Deadly Poison","Backstab","Wraith Form v2","Dagger Spray","Quick Slash","Dash","Escape Plan","PiercingWail"],"relics":["Fusion Hammer","Blood Vial","Question Card","Dead Branch","Snake Skull"],"acts_visited":["Exordium"],"potions_floor_usage":[12,16],"damage_taken":[{"damage":0,"enemies":"2 Louse","floor":1,"turns":3},{"damage":7,"enemies":"Jaw Worm","floor":2,"turns":5},{"damage":0,"enemies":"Cultist","floor":3,"turns":3},{"damage":2,"enemies":"2 Fungi Beasts","floor":5,"turns":4},{"damage":18,"enemies":"Lagavulin","floor":6,"turns":8},{"damage":0,"enemies":"Blue Slaver","floor":7,"turns":2},{"damage":12,"enemies":"3 Sentries","floor":11,"turns":8},{"damage":12,"enemies":"Exordium Thugs","floor":12,"turns":4},{"damage":7,"enemies":"Lagavulin","floor":14,"turns":8},{"damage":47,"enemies":"The Guardian","floor":16,"turns":5}],"seed_played":"6783215055699113526","potions_obtained":[{"floor":1,"key":"Explosive Potion"},{"floor":3,"key":"Strength Potion"},{"floor":12,"key":"Poison Potion"}],"is_trial":false,"path_per_floor":["M","M","M","$","M","E","M","R","T","?","E","M","R","E","R","B"],"character_chosen":"THE_SILENT","items_purchased":["Backstab"],"campfire_rested":2,"item_purchase_floors":[4],"current_hp_per_floor":[59,52,52,52,50,32,34,53,53,53,43,33,52,47,47,2,2],"gold":270,"neow_bonus":"BOSS_RELIC","is_daily":false,"chose_seed":false,"campfire_upgraded":0,"win_rate":0.0,"timestamp":1608639042,"path_taken":["M","M","M","$","M","E","M","R","T","?","E","M","R","E","R","BOSS"],"items_purchased_type":["Card"],"build_version":"2020-12-13","purchased_purges":0,"victory":false,"max_hp_per_floor":[66,66,66,66,66,66,66,66,66,66,66,66,66,66,66,66,66],"card_choices":[{"not_picked":["Reflex","Heel Hook"],"picked":"Bane","floor":1},{"not_picked":["Deflect","Heel Hook"],"picked":"Dagger Throw","floor":2},{"not_picked":["Underhanded Strike","Cloak And Dagger"],"picked":"Deadly Poison","floor":3},{"not_picked":["Dash","Quick Slash"],"picked":"Wraith Form v2","floor":5},{"not_picked":["Cloak And Dagger","Dagger Throw"],"picked":"Dagger Spray","floor":6},{"not_picked":["Flying Knee","Setup"],"picked":"Quick Slash","floor":7},{"not_picked":["Dagger Throw","A Thousand Cuts","Cloak And Dagger"],"picked":"Dash","floor":11},{"not_picked":["Dodge and Roll","Poisoned Stab","Prepared"],"picked":"Escape Plan","floor":12},{"not_picked":["Accuracy","Caltrops","Dodge and Roll"],"picked":"PiercingWail","floor":14}],"player_experience":716824,"relics_obtained":[{"floor":6,"key":"Blood Vial"},{"floor":9,"key":"Question Card"},{"floor":11,"key":"Dead Branch"},{"floor":14,"key":"Snake Skull"}],"event_choices":[{"damage_healed":0,"gold_gain":0,"player_choice":"Ignored","damage_taken":0,"max_hp_gain":0,"max_hp_loss":0,"event_name":"Liars Game","floor":10,"gold_loss":0}],"is_beta":false,"boss_relics":[],"items_purged_floors":[],"is_endless":false,"potions_floor_spawned":[1,3,7,12],"killed_by":"The Guardian","ascension_level":20}}