{"host":"sbc312dehzkmua2p","time":1608613420,"event":{"mods":["Act Like it!","Aspiration","Bard","BaseMod","Beaked The Cultist","CatGirl Mod","Conspire","Downfall","Friendly Minions","Gensokyo","Hermit","Hubris","Infinite Spire","Jorbs\u0027s Wanderer Trilogy","Kiyohime????","Koishi","Lobotomy","Marisa????????","Minty Spire (QoL Compilation)","Quick Restart","READ ME - Guardian Mod","Reimu??????","Replay The Spire","StSLib","The Construct","The Disciple","The Druid","The Factory","The Gatherer","The Hierophant","The Judge","The Jungle","The Mystic","The Necromancer","The Runesmith","The Senshi","The Servant 0.9.4","TheBandit","thorton"],"gold_per_floor":[110,110,38,53,53,53,53,53,80,12,73,128,128,148,148,248,248,293,293],"floor_reached":18,"playtime":1053,"items_purged":[],"score":150,"play_id":"3345014a-fdfa-451b-b88f-e1828563b960","local_time":"20201221230340","is_ascension_mode":false,"campfire_choices":[{"data":"Starlight","floor":6,"key":"SMITH"},{"data":"SilverBlades","floor":8,"key":"SMITH"},{"floor":13,"key":"REST"},{"floor":15,"key":"RECALL"}],"circlet_count":0,"master_deck":["Strike_S","Strike_S","Strike_S","Strike_S","Defend_S","Defend_S","Defend_S","Defend_S","KidneyShot+1","Exchange","Bloodbath","TimeWarp","SilverBlades+1","Starlight+1","Injury","Sickly","WasteNot","VoidDream","Starlight","BlackSwan","TrueSight","BigBadWolf","Manipulate","PunishingBird","FloweringNight"],"relics":["Uniform","CogitoBucket","Happy Flower","Ring of Peace","ReplayTheSpireMod:Ring of Challenge","conspire:RunicOctahedron"],"acts_visited":["Gensokyo:Gensokyo","Gensokyo:Gensokyoer"],"potions_floor_usage":[12],"damage_taken":[{"damage":11,"enemies":"Gensokyo:3_Fairies","floor":1,"turns":6},{"damage":6,"enemies":"Gensokyo:Gryphon","floor":4,"turns":5},{"damage":22,"enemies":"Gensokyo:2_Kodama","floor":11,"turns":6},{"damage":0,"enemies":"Gensokyo:LivingMonolith","floor":12,"turns":4},{"damage":8,"enemies":"Gensokyo:Gryphon_and_Rabbit","floor":14,"turns":5},{"damage":27,"enemies":"Gensokyo:Reimu","floor":16,"turns":12},{"damage":122,"enemies":"Gensokyo:CosmicMonolith","floor":18,"turns":4}],"seed_played":"-4468004392391193220","potions_obtained":[{"floor":11,"key":"Elixir"},{"floor":12,"key":"SteroidPotion"}],"is_trial":false,"path_per_floor":["M","?","$","M","?","R","?","R","T","$","M","M","R","M","R","B",null,"M"],"character_chosen":"THE_SERVANT","items_purchased":["SilverBlades","WasteNot"],"campfire_rested":1,"item_purchase_floors":[3,10],"current_hp_per_floor":[54,54,54,50,50,50,50,50,50,50,41,48,65,63,63,41,65,0,0],"gold":293,"neow_bonus":"","is_daily":false,"chose_seed":false,"campfire_upgraded":2,"win_rate":0.0,"timestamp":1608613420,"path_taken":["M","?","$","M","?","R","?","R","T","?","M","M","R","?","R","BOSS","M"],"items_purchased_type":["Card","Card"],"build_version":"2020-12-13","purchased_purges":0,"victory":false,"max_hp_per_floor":[65,65,65,65,65,65,65,65,65,65,65,65,65,65,65,65,65,65,65],"card_choices":[{"not_picked":["HeroicMonk","SpiderBud"],"picked":"Bloodbath","floor":1},{"not_picked":["Rewind","Replace"],"picked":"TimeWarp","floor":1},{"not_picked":["SpiderBud","PunishingBird"],"picked":"QueenOfHatred","floor":4},{"not_picked":["BottledTime","TimeWarp"],"picked":"Starlight","floor":4},{"not_picked":["Variant","WallGazer"],"picked":"VoidDream","floor":11},{"not_picked":["Unruled","Shuttle"],"picked":"Starlight","floor":11},{"not_picked":["WallGazer","Scorched","ShyLook"],"picked":"Singing Bowl","floor":12},{"not_picked":["UniverseFragment","CrumblingArmor"],"picked":"BlackSwan","floor":12},{"not_picked":["Defy","Replace"],"picked":"TrueSight","floor":12},{"not_picked":["CherryBlossoms","Murderer"],"picked":"BigBadWolf","floor":14},{"not_picked":["Spin","Desolation"],"picked":"Manipulate","floor":14},{"not_picked":["BodiesMountain","Laetitia"],"picked":"PunishingBird","floor":16},{"not_picked":["Duplication","TheWorld"],"picked":"FloweringNight","floor":16}],"player_experience":836952,"relics_obtained":[{"floor":7,"key":"Ring of Peace"},{"floor":7,"key":"ReplayTheSpireMod:Ring of Challenge"}],"event_choices":[],"is_beta":false,"boss_relics":[{"not_picked":["Runesmith:UraniumAnvil","beaked:SacredDeck"],"picked":"conspire:RunicOctahedron"}],"items_purged_floors":[],"is_endless":false,"potions_floor_spawned":[11,12],"killed_by":"Gensokyo:CosmicMonolith","ascension_level":0}}