{"host":"f7mgfv1rcbv6ir5v","time":1608625230,"event":{"mods":["BaseMod","Bestiary","Colored Map","Colored Powertips","Highlight Path","Minty Spire (QoL Compilation)","Relic Stats","StSLib"],"gold_per_floor":[109,109,124,143,93,119,119,129,129,129,156,184,62,75,75,171,171,186,186,30,43,63,63,96,113,113,113,113],"floor_reached":27,"playtime":1851,"items_purged":["Strike_P"],"score":362,"play_id":"6206e8f6-b4f8-4d50-a259-34dac7d79537","local_time":"20201222002030","is_ascension_mode":true,"campfire_choices":[{"floor":7,"key":"REST"},{"floor":10,"key":"RECALL"},{"floor":15,"key":"REST"},{"floor":23,"key":"REST"}],"circlet_count":0,"master_deck":["Strike_P","Strike_P+1","Defend_P+1","Defend_P","Defend_P","Defend_P","Eruption","Vigilance","CarveReality","Wallop","EmptyFist","Pray","Tantrum","Prostrate","Adaptation","DevaForm","CrushJoints","MentalFortress","Wireheading","BowlingBash+1","Establishment"],"relics":["Fusion Hammer","TeardropLocket","Kunai","Mummified Hand","Odd Mushroom","Runic Pyramid","Pantograph","Nunchaku"],"acts_visited":["Exordium","TheCity"],"potions_floor_usage":[11,27],"damage_taken":[{"damage":0,"enemies":"2 Louse","floor":1,"turns":1},{"damage":0,"enemies":"Small Slimes","floor":3,"turns":3},{"damage":0,"enemies":"Jaw Worm","floor":4,"turns":2},{"damage":6,"enemies":"3 Sentries","floor":6,"turns":4},{"damage":0,"enemies":"Blue Slaver","floor":8,"turns":3},{"damage":1,"enemies":"Lagavulin","floor":11,"turns":5},{"damage":12,"enemies":"The Mushroom Lair","floor":12,"turns":2},{"damage":11,"enemies":"Exordium Thugs","floor":14,"turns":5},{"damage":27,"enemies":"Hexaghost","floor":16,"turns":5},{"damage":0,"enemies":"Chosen","floor":18,"turns":4},{"damage":9,"enemies":"Shell Parasite","floor":21,"turns":4},{"damage":31,"enemies":"Snake Plant","floor":22,"turns":5},{"damage":0,"enemies":"Gremlin Leader","floor":24,"turns":5},{"damage":5,"enemies":"3 Cultists","floor":25,"turns":4},{"damage":51,"enemies":"Slavers","floor":27,"turns":3}],"seed_played":"4581430084045041499","potions_obtained":[{"floor":3,"key":"Weak Potion"},{"floor":11,"key":"LiquidBronze"},{"floor":14,"key":"Block Potion"},{"floor":16,"key":"Block Potion"},{"floor":24,"key":"CultistPotion"}],"is_trial":false,"path_per_floor":["M","?","M","M","?","E","R","M","T","R","E","?","$","M","R","B",null,"M","?","$","M","M","R","E","M","T","E"],"character_chosen":"WATCHER","items_purchased":["Prostrate","Adaptation","MentalFortress"],"campfire_rested":3,"item_purchase_floors":[13,13,20],"current_hp_per_floor":[65,51,51,51,51,45,66,66,66,66,65,53,53,42,63,36,63,63,63,63,54,23,44,44,39,39,0,0],"gold":113,"neow_bonus":"BOSS_RELIC","is_daily":false,"chose_seed":false,"campfire_upgraded":0,"win_rate":0.0,"timestamp":1608625230,"path_taken":["M","?","M","M","?","E","R","M","T","R","E","?","?","M","R","BOSS","M","?","?","M","M","R","E","M","T","E"],"items_purchased_type":["Card","Card","Card"],"build_version":"2020-12-13","purchased_purges":1,"victory":false,"max_hp_per_floor":[72,72,72,72,72,72,72,72,72,72,72,72,72,72,72,72,72,72,72,72,72,72,72,72,72,72,72,72],"relic_stats":{"Nunchaku":[0],"counters":[15,55],"Mummified Hand":[26],"Pantograph":0,"Kunai":[19],"obtain_stats":[{"Nunchaku":26,"Mummified Hand":11,"Pantograph":24,"Fusion Hammer":0,"TeardropLocket":6,"Kunai":9,"PureWater":0,"Odd Mushroom":12,"Runic Pyramid":17},{"Nunchaku":14,"Mummified Hand":6,"Pantograph":13,"Fusion Hammer":0,"TeardropLocket":4,"Kunai":5,"PureWater":0,"Odd Mushroom":7,"Runic Pyramid":9},{"Nunchaku":52,"Mummified Hand":18,"Pantograph":48,"Fusion Hammer":0,"TeardropLocket":10,"Kunai":13,"PureWater":0,"Odd Mushroom":20,"Runic Pyramid":30}]},"card_choices":[{"not_picked":["EmptyBody","EmptyMind"],"picked":"CarveReality","floor":1},{"not_picked":["JustLucky","WindmillStrike"],"picked":"Wallop","floor":3},{"not_picked":["JustLucky","FlyingSleeves"],"picked":"EmptyFist","floor":4},{"not_picked":["Fasting2","FlurryOfBlows"],"picked":"Pray","floor":6},{"not_picked":["BowlingBash","FearNoEvil"],"picked":"Tantrum","floor":8},{"not_picked":["ClearTheMind","FlyingSleeves","JustLucky"],"picked":"SKIP","floor":11},{"not_picked":["Prostrate","BowlingBash","EmptyMind"],"picked":"SKIP","floor":14},{"not_picked":["MasterReality","Alpha"],"picked":"DevaForm","floor":16},{"not_picked":["Weave","ClearTheMind"],"picked":"CrushJoints","floor":18},{"not_picked":["ClearTheMind","PathToVictory","Weave"],"picked":"SKIP","floor":21},{"not_picked":["FollowUp","EmptyBody"],"picked":"Wireheading","floor":22},{"not_picked":["FlyingSleeves","Sanctity"],"picked":"BowlingBash+1","floor":24},{"not_picked":["Study","ForeignInfluence"],"picked":"Establishment","floor":25}],"player_experience":363763,"relics_obtained":[{"floor":6,"key":"TeardropLocket"},{"floor":9,"key":"Kunai"},{"floor":11,"key":"Mummified Hand"},{"floor":12,"key":"Odd Mushroom"},{"floor":24,"key":"Pantograph"},{"floor":26,"key":"Nunchaku"}],"event_choices":[{"damage_healed":0,"gold_gain":0,"player_choice":"Entered Light","damage_taken":14,"max_hp_gain":0,"max_hp_loss":0,"event_name":"Shining Light","floor":2,"gold_loss":0,"cards_upgraded":["Defend_P","Strike_P"]},{"cards_removed":["Strike_P"],"damage_healed":0,"gold_gain":0,"player_choice":"Card Removal","damage_taken":0,"max_hp_gain":0,"max_hp_loss":0,"event_name":"The Cleric","floor":5,"gold_loss":50},{"damage_healed":0,"gold_gain":0,"player_choice":"Fought Mushrooms","damage_taken":0,"max_hp_gain":0,"max_hp_loss":0,"event_name":"Mushrooms","floor":12,"gold_loss":0},{"damage_healed":0,"gold_gain":0,"player_choice":"Bought 0 Potions","damage_taken":0,"max_hp_gain":0,"max_hp_loss":0,"event_name":"The Woman in Blue","floor":19,"gold_loss":0}],"is_beta":false,"boss_relics":[{"not_picked":["Cursed Key","Snecko Eye"],"picked":"Runic Pyramid"}],"items_purged_floors":[20],"is_endless":false,"potions_floor_spawned":[3,11,14,16,22,24],"killed_by":"Slavers","ascension_level":7}}