{"host":"fm9e0lfunjlbhzxv","time":1608605117,"event":{"mods":["2.2 Compatiblity","Astrologer","BaseMod","Colored Map","Colored Powertips","Energized Spire","Gremlin Mod","Key Reminder","Minty Spire (QoL Compilation)","Permanent Neow","Rare Cards Sparkle","Relic Stats","StSLib","The Administrix","The Disciple","The Mystic","The Vixen","TheBandit","slay the spire mod where everything is the same but ironclad has a cowboy hat"],"gold_per_floor":[115,131,81,98,98,123,123,123,150,51,51,85,105,138,138,138,138],"floor_reached":16,"playtime":1078,"items_purged":["AdministrixMod:Defend_Administrix"],"score":142,"play_id":"a91449c1-667e-4d51-b81e-d3092eff9bc8","local_time":"20201221184517","is_ascension_mode":true,"campfire_choices":[{"data":"AdministrixMod:GuanyinBlessing","floor":7,"key":"SMITH"},{"data":"AdministrixMod:CosmosControl","floor":11,"key":"SMITH"},{"data":"AdministrixMod:RebukeDesires","floor":15,"key":"SMITH"}],"circlet_count":0,"master_deck":["AdministrixMod:Strike_Administrix","AdministrixMod:Strike_Administrix+1","AdministrixMod:Strike_Administrix","AdministrixMod:RedCloak","AdministrixMod:Defend_Administrix","AdministrixMod:Defend_Administrix","AdministrixMod:Defend_Administrix","AdministrixMod:BlueCloak+1","AdministrixMod:GuanyinBlessing+1","AdministrixMod:RisingSunPrince","AdministrixMod:ImmortalPurity","AdministrixMod:CosmosControl+1","AdministrixMod:LightOfYourLife","AdministrixMod:CastOffRegrets","AdministrixMod:BloodBargain","AdministrixMod:RebukeDesires+1"],"relics":["AdministrixMod:ConductorRitualBaton","Oddly Smooth Stone","Whetstone","Strawberry","CaptainsWheel","HornCleat"],"acts_visited":["Exordium"],"potions_floor_usage":[],"damage_taken":[{"damage":0,"enemies":"Small Slimes","floor":1,"turns":3},{"damage":1,"enemies":"2 Louse","floor":2,"turns":3},{"damage":1,"enemies":"Jaw Worm","floor":4,"turns":2},{"damage":6,"enemies":"3 Sentries","floor":6,"turns":11},{"damage":25,"enemies":"Gremlin Nob","floor":12,"turns":5},{"damage":0,"enemies":"Large Slime","floor":13,"turns":4},{"damage":5,"enemies":"3 Sentries","floor":14,"turns":7},{"damage":50,"enemies":"Slime Boss","floor":16,"turns":9}],"seed_played":"-2981455090714348025","potions_obtained":[{"floor":1,"key":"Energy Potion"},{"floor":2,"key":"Strength Potion"},{"floor":12,"key":"EssenceOfSteel"}],"is_trial":false,"path_per_floor":["M","M","?","M","?","E","R","?","T","$","R","E","M","E","R","B"],"character_chosen":"TheAdministrix","items_purchased":["AdministrixMod:LightOfYourLife"],"campfire_rested":0,"item_purchase_floors":[10],"current_hp_per_floor":[65,64,64,63,63,57,57,62,69,69,69,44,44,39,39,0,0],"gold":138,"neow_bonus":"RANDOM_COMMON_RELIC","is_daily":false,"chose_seed":false,"campfire_upgraded":3,"win_rate":0.0,"timestamp":1608605117,"path_taken":["M","M","?","M","?","E","R","?","T","?","R","E","M","E","R","BOSS"],"items_purchased_type":["Card"],"build_version":"2020-12-13","purchased_purges":1,"victory":false,"max_hp_per_floor":[65,65,65,65,65,65,65,70,77,77,77,77,77,77,77,77,77],"relic_stats":{"counters":[8,44],"Whetstone":["AdministrixMod:Strike_Administrix","AdministrixMod:BlueCloak"],"obtain_stats":[{"CaptainsWheel":12,"HornCleat":14,"Strawberry":9,"Oddly Smooth Stone":0,"AdministrixMod:ConductorRitualBaton":0,"Whetstone":6},{"CaptainsWheel":5,"HornCleat":7,"Strawberry":4,"Oddly Smooth Stone":0,"AdministrixMod:ConductorRitualBaton":0,"Whetstone":4},{"CaptainsWheel":24,"HornCleat":35,"Strawberry":19,"Oddly Smooth Stone":0,"AdministrixMod:ConductorRitualBaton":0,"Whetstone":19}]},"card_choices":[{"not_picked":["AdministrixMod:HarmonicReverence","AdministrixMod:HiddenPower"],"picked":"AdministrixMod:GuanyinBlessing","floor":1},{"not_picked":["AdministrixMod:LightOfYourLife","AdministrixMod:XianArts"],"picked":"AdministrixMod:RisingSunPrince","floor":2},{"not_picked":["AdministrixMod:SealAway","AdministrixMod:SipOfSparks"],"picked":"AdministrixMod:ImmortalPurity","floor":4},{"not_picked":["AdministrixMod:ImmortalGrace","AdministrixMod:Wuji"],"picked":"AdministrixMod:CosmosControl","floor":6},{"not_picked":["AdministrixMod:NoblePath","AdministrixMod:SealAway"],"picked":"AdministrixMod:CastOffRegrets","floor":12},{"not_picked":["AdministrixMod:RebukeDesires","AdministrixMod:ExtolVirtue"],"picked":"AdministrixMod:BloodBargain","floor":13},{"not_picked":["AdministrixMod:CrackingPangu","AdministrixMod:DiversionaryTactic"],"picked":"AdministrixMod:RebukeDesires","floor":14}],"player_experience":570988,"relics_obtained":[{"floor":6,"key":"Whetstone"},{"floor":9,"key":"Strawberry"},{"floor":12,"key":"CaptainsWheel"},{"floor":14,"key":"HornCleat"}],"event_choices":[{"cards_removed":["AdministrixMod:Strike_Administrix"],"damage_healed":0,"gold_gain":0,"player_choice":"Card Removal","damage_taken":0,"max_hp_gain":0,"max_hp_loss":0,"event_name":"The Cleric","floor":3,"gold_loss":50},{"damage_healed":0,"gold_gain":0,"player_choice":"Ignored","damage_taken":0,"max_hp_gain":0,"max_hp_loss":0,"event_name":"Liars Game","floor":5,"gold_loss":0},{"damage_healed":0,"gold_gain":0,"player_choice":"Donut","damage_taken":0,"max_hp_gain":5,"max_hp_loss":0,"event_name":"Big Fish","floor":8,"gold_loss":0}],"is_beta":false,"boss_relics":[],"items_purged_floors":[10],"is_endless":false,"potions_floor_spawned":[1,2,12,13],"killed_by":"Slime Boss","ascension_level":4}}