{"host":"wha9hktbkslqvblg","time":1608595864,"event":{"mods":["BaseMod","Colored Map","Minty Spire (QoL Compilation)","Relic Stats","SuperFastMode","everything is the same but u backflip on backflip"],"gold_per_floor":[113,113,132,207,132,157,176,195,195,80,106,106,6,25,25,25,25],"floor_reached":16,"playtime":261,"items_purged":["Strike_R","Strike_R"],"score":270,"play_id":"46d976f2-bed5-45f2-b512-d5ad2798eae6","local_time":"20201222091104","is_ascension_mode":true,"campfire_choices":[{"data":"Body Slam","floor":12,"key":"SMITH"},{"data":"Feel No Pain","floor":15,"key":"SMITH"}],"circlet_count":0,"master_deck":["AscendersBane","Strike_R","Strike_R","Defend_R","Defend_R","Defend_R","Defend_R","Bash","Shockwave","Body Slam+1","Offering","Evolve","Feel No Pain+1","Seeing Red"],"relics":["Burning Blood","NeowsBlessing","Nunchaku","Art of War","Blue Candle"],"acts_visited":["Exordium"],"potions_floor_usage":[11,11,16],"damage_taken":[{"damage":0,"enemies":"Small Slimes","floor":1,"turns":1},{"damage":0,"enemies":"Jaw Worm","floor":3,"turns":1},{"damage":0,"enemies":"3 Sentries","floor":6,"turns":2},{"damage":11,"enemies":"2 Louse","floor":7,"turns":3},{"damage":20,"enemies":"Exordium Wildlife","floor":8,"turns":5},{"damage":14,"enemies":"Gremlin Nob","floor":11,"turns":3},{"damage":18,"enemies":"3 Louse","floor":14,"turns":4},{"damage":22,"enemies":"Slime Boss","floor":16,"turns":9}],"seed_played":"3386105322458737871","potions_obtained":[{"floor":7,"key":"SteroidPotion"},{"floor":8,"key":"Ancient Potion"},{"floor":14,"key":"Weak Potion"}],"is_trial":false,"path_per_floor":["M","?","M","?","?","E","M","M","T","$","E","R","$","M","R","B"],"character_chosen":"IRONCLAD","items_purchased":["Evolve"],"campfire_rested":0,"item_purchase_floors":[10],"current_hp_per_floor":[74,79,80,69,69,75,70,56,56,56,48,48,48,36,36,14,14],"gold":25,"neow_bonus":"THREE_ENEMY_KILL","is_daily":false,"chose_seed":false,"campfire_upgraded":2,"win_rate":0.0,"timestamp":1608595864,"path_taken":["M","?","M","?","?","E","M","M","T","$","E","R","$","M","R","BOSS"],"items_purchased_type":["Card"],"build_version":"2020-12-13","purchased_purges":2,"victory":false,"max_hp_per_floor":[75,80,80,80,80,80,80,80,80,80,80,80,80,80,80,80,80],"relic_stats":{"Nunchaku":[3],"counters":[8,28],"Blue Candle":[1],"Art of War":[4],"obtain_stats":[{"Nunchaku":6,"NeowsBlessing":0,"Blue Candle":11,"Art of War":9,"Burning Blood":0},{"Nunchaku":3,"NeowsBlessing":0,"Blue Candle":6,"Art of War":5,"Burning Blood":0},{"Nunchaku":4,"NeowsBlessing":0,"Blue Candle":15,"Art of War":12,"Burning Blood":0}],"Burning Blood":37},"card_choices":[{"not_picked":["Flex","Sword Boomerang"],"picked":"Shockwave","floor":1},{"not_picked":["Clash","Cleave","Headbutt"],"picked":"SKIP","floor":3},{"not_picked":["Iron Wave","Headbutt","Clothesline"],"picked":"SKIP","floor":6},{"not_picked":["Pummel","Flex"],"picked":"Body Slam","floor":7},{"not_picked":["Pommel Strike","Battle Trance"],"picked":"Offering","floor":8},{"not_picked":["Dual Wield","Dark Embrace"],"picked":"Feel No Pain","floor":11},{"not_picked":["Headbutt","Twin Strike"],"picked":"Seeing Red","floor":14}],"player_experience":881813,"relics_obtained":[{"floor":6,"key":"Nunchaku"},{"floor":9,"key":"Art of War"},{"floor":11,"key":"Blue Candle"}],"event_choices":[{"damage_healed":0,"gold_gain":0,"player_choice":"Donut","damage_taken":0,"max_hp_gain":5,"max_hp_loss":0,"event_name":"Big Fish","floor":2,"gold_loss":0},{"damage_healed":0,"gold_gain":75,"player_choice":"Gather Gold","damage_taken":11,"max_hp_gain":0,"max_hp_loss":0,"event_name":"World of Goop","floor":4,"gold_loss":0},{"cards_removed":["Strike_R"],"damage_healed":0,"gold_gain":0,"player_choice":"Card Removal","damage_taken":0,"max_hp_gain":0,"max_hp_loss":0,"event_name":"The Cleric","floor":5,"gold_loss":75}],"is_beta":false,"boss_relics":[],"items_purged_floors":[10,13],"is_endless":false,"potions_floor_spawned":[7,8,14],"killed_by":"Slime Boss","ascension_level":20}}