{"host":"4nqeo0vu1vuav7gg","time":1608648550,"event":{"mods":["AchievementEnabler","BaseMod","Block Reminder","Colored Map","Colored Powertips","Highlight Path","Minty Spire (QoL Compilation)","Quick Restart","Rare Cards Sparkle","Relic Relevance Reorder","StSLib"],"gold_per_floor":[15,15,30,43,55,55,86,86,86,117,192,209,209,209,209,280,280,295,22,39,51,0,0,31,45,45,73,87,137,137,152,152,230,230,243,94,105,130,140,140,165,90,113,13,39,50,50,65,65,65],"floor_reached":51,"playtime":3944,"items_purged":["Steam","Auto Shields"],"score":1331,"play_id":"c225a6da-d53b-4e81-a408-2eecd0843b29","local_time":"20201222154910","is_ascension_mode":true,"campfire_choices":[{"data":"Defragment","floor":6.0,"key":"SMITH"},{"data":"Rainbow","floor":8.0,"key":"SMITH"},{"floor":15.0,"key":"REST"},{"floor":23.0,"key":"REST"},{"floor":32.0,"key":"REST"},{"data":"Echo Form","floor":40.0,"key":"SMITH"},{"floor":47,"key":"REST"},{"floor":49,"key":"REST"}],"circlet_count":0,"master_deck":["AscendersBane","Zap+1","Dualcast","Rainbow+1","Chill","Sunder","Auto Shields","Defragment+1","Tempest","Loop","Biased Cognition","Echo Form+1","Chill","Aggregate","Rebound","Conserve Battery","Compile Driver","Defragment+1","Creative AI","Coolheaded","Coolheaded+1","Redo+1","Coolheaded+1","Genetic Algorithm+1","Reboot+1","Force Field+1","Chill+1","Static Discharge","Force Field+1","BootSequence+1","Heatsinks+1","Coolheaded+1","Chill+1","Doom and Gloom"],"relics":["Cracked Core","Kunai","Art of War","Centennial Puzzle","Ice Cream","Turnip","Lizard Tail","Toy Ornithopter","Bronze Scales","Bottled Lightning","Bag of Preparation","Nuclear Battery","Toxic Egg 2","Dream Catcher","Pandora\u0027s Box","DollysMirror"],"acts_visited":["Exordium","TheCity","TheBeyond"],"potions_floor_usage":[46,46],"damage_taken":[{"damage":7.0,"enemies":"Jaw Worm","floor":1.0,"turns":2.0},{"damage":2.0,"enemies":"2 Louse","floor":3.0,"turns":2.0},{"damage":0.0,"enemies":"Cultist","floor":4.0,"turns":2.0},{"damage":0.0,"enemies":"Gremlin Gang","floor":5.0,"turns":3.0},{"damage":6.0,"enemies":"3 Sentries","floor":7.0,"turns":7.0},{"damage":18.0,"enemies":"Gremlin Nob","floor":10.0,"turns":3.0},{"damage":1.0,"enemies":"Looter","floor":12.0,"turns":3.0},{"damage":2.0,"enemies":"Hexaghost","floor":16.0,"turns":6.0},{"damage":12.0,"enemies":"3 Byrds","floor":18.0,"turns":3.0},{"damage":11.0,"enemies":"2 Thieves","floor":20.0,"turns":3.0},{"damage":0.0,"enemies":"Sentry and Sphere","floor":21.0,"turns":5.0},{"damage":0.0,"enemies":"Gremlin Leader","floor":24.0,"turns":8.0},{"damage":16.0,"enemies":"Centurion and Healer","floor":25.0,"turns":7.0},{"damage":2.0,"enemies":"Book of Stabbing","floor":27.0,"turns":4.0},{"damage":30.0,"enemies":"Snake Plant","floor":28.0,"turns":4.0},{"damage":0.0,"enemies":"Shelled Parasite and Fungi","floor":31.0,"turns":5.0},{"damage":61.0,"enemies":"Automaton","floor":33.0,"turns":15.0},{"damage":7.0,"enemies":"3 Darklings","floor":35.0,"turns":6.0},{"damage":0.0,"enemies":"3 Shapes","floor":37.0,"turns":5.0},{"damage":0.0,"enemies":"Mind Bloom Boss Battle","floor":38.0,"turns":5.0},{"damage":0.0,"enemies":"3 Darklings","floor":39.0,"turns":6.0},{"damage":24.0,"enemies":"Reptomancer","floor":41.0,"turns":7.0},{"damage":21.0,"enemies":"Nemesis","floor":45.0,"turns":9.0},{"damage":9,"enemies":"Transient","floor":46,"turns":5},{"damage":12,"enemies":"Spire Growth","floor":48,"turns":8},{"damage":51,"enemies":"Time Eater","floor":50,"turns":10}],"seed_played":"1910230645701120109","potions_obtained":[{"floor":1.0,"key":"PowerPotion"},{"floor":4.0,"key":"Energy Potion"},{"floor":16.0,"key":"EssenceOfSteel"},{"floor":18.0,"key":"DuplicationPotion"},{"floor":31.0,"key":"FairyPotion"},{"floor":33.0,"key":"Energy Potion"},{"floor":35.0,"key":"SpeedPotion"}],"is_trial":false,"path_per_floor":["M","?","M","M","M","R","E","R","T","E","?","M","?","?","R","B",null,"M","$","M","M","?","R","E","M","T","E","M","?","?","M","R","B",null,"M","$","M","?","M","R","E","?","T","$","E","M","R","M","R","B",null],"character_chosen":"DEFECT","items_purchased":["DollysMirror","FocusPotion","Chill+1","Static Discharge"],"campfire_rested":5,"item_purchase_floors":[19,19,36,36],"current_hp_per_floor":[57,57,55,55,55,55,49,49,49,31,20,19,19,1,22,20,58,46,46,35,35,35,56,56,40,40,38,8,8,8,8,29,21,59,52,52,52,52,52,52,28,28,28,28,7,8,29,17,38,35],"gold":65,"neow_bonus":"THREE_RARE_CARDS","is_daily":false,"chose_seed":false,"campfire_upgraded":3,"win_rate":0.0,"timestamp":1608648550,"path_taken":["M","?","M","M","M","R","E","R","T","E","?","M","?","?","R","BOSS","M","$","M","M","?","R","E","?","T","E","?","?","?","?","R","BOSS","M","$","M","?","M","R","E","?","T","$","E","?","R","M","R","BOSS"],"items_purchased_type":["Relic","Potion","Card","Card"],"build_version":"2020-12-13","purchased_purges":2,"victory":true,"max_hp_per_floor":[71,71,71,71,71,71,71,71,71,71,71,71,71,71,71,71,71,71,71,71,71,71,71,71,71,71,71,71,71,71,71,71,71,71,71,71,71,71,71,71,71,71,71,71,71,71,71,71,71,71],"card_choices":[{"not_picked":["All For One","Hyperbeam"],"picked":"Rainbow","floor":0.0},{"not_picked":["Chaos","Reprogram"],"picked":"Chill","floor":1.0},{"not_picked":["Rebound","Leap"],"picked":"Sunder","floor":3.0},{"not_picked":["Chaos","Gash"],"picked":"Auto Shields","floor":4.0},{"not_picked":["Consume","Loop"],"picked":"Defragment","floor":5.0},{"not_picked":["Gash","Beam Cell"],"picked":"Tempest","floor":7.0},{"not_picked":["Hologram","Barrage"],"picked":"Loop","floor":10.0},{"not_picked":["Hologram","Streamline"],"picked":"Biased Cognition","floor":12.0},{"not_picked":["Thunder Strike","Buffer"],"picked":"Echo Form","floor":16.0},{"not_picked":["Undo","Streamline","Go for the Eyes"],"picked":"SKIP","floor":18.0},{"not_picked":["Hologram","Heatsinks"],"picked":"Creative AI","floor":20.0},{"not_picked":["Loop","Stack"],"picked":"Coolheaded","floor":21.0},{"not_picked":["Storm","Hello World","Beam Cell+1"],"picked":"SKIP","floor":24.0},{"not_picked":["Ball Lightning","Conserve Battery"],"picked":"Coolheaded+1","floor":25.0},{"not_picked":["Go for the Eyes","Compile Driver"],"picked":"Redo+1","floor":27.0},{"not_picked":["Hello World","Rip and Tear","Stack+1"],"picked":"SKIP","floor":28.0},{"not_picked":["Stack+1","Reprogram+1"],"picked":"Coolheaded+1","floor":31.0},{"not_picked":["Lockon+1","Hologram+1"],"picked":"Genetic Algorithm+1","floor":32.0},{"not_picked":["Amplify+1","Multi-Cast+1"],"picked":"Reboot+1","floor":33.0},{"not_picked":["Ball Lightning","Rebound"],"picked":"Force Field+1","floor":35.0},{"not_picked":["Chaos+1","Steam+1"],"picked":"Force Field+1","floor":37.0},{"not_picked":["Go for the Eyes","Echo Form","Streamline"],"picked":"SKIP","floor":39.0},{"not_picked":["Static Discharge","Streamline"],"picked":"BootSequence+1","floor":41.0},{"not_picked":["Coolheaded+1","Steam+1","Creative AI"],"picked":"SKIP","floor":45.0},{"not_picked":["Auto Shields+1","Rip and Tear"],"picked":"Heatsinks+1","floor":46},{"not_picked":["Steam+1","Cold Snap"],"picked":"Coolheaded+1","floor":47},{"not_picked":["Stack+1","Conserve Battery+1"],"picked":"Chill+1","floor":48},{"not_picked":["Sunder+1","Ball Lightning"],"picked":"Doom and Gloom","floor":49}],"player_experience":976497,"relics_obtained":[{"floor":7.0,"key":"Centennial Puzzle"},{"floor":9.0,"key":"Kunai"},{"floor":10.0,"key":"Lizard Tail"},{"floor":24.0,"key":"Dream Catcher"},{"floor":26.0,"key":"Ice Cream"},{"floor":27.0,"key":"Toxic Egg 2"},{"floor":38.0,"key":"Turnip"},{"floor":41.0,"key":"Bottled Lightning"},{"floor":43.0,"key":"Toy Ornithopter"},{"floor":45.0,"key":"Art of War"}],"event_choices":[{"damage_healed":0.0,"max_hp_gain":0.0,"max_hp_loss":0.0,"gold_gain":0.0,"event_name":"Living Wall","player_choice":"Grow","floor":2.0,"gold_loss":0.0,"damage_taken":0.0,"cards_upgraded":["Zap"]},{"damage_healed":0.0,"max_hp_gain":0.0,"max_hp_loss":0.0,"gold_gain":75.0,"event_name":"World of Goop","player_choice":"Gather Gold","floor":11.0,"gold_loss":0.0,"damage_taken":11.0},{"damage_healed":0.0,"max_hp_gain":0.0,"max_hp_loss":0.0,"gold_gain":0.0,"event_name":"Dead Adventurer","player_choice":"Searched \u00272\u0027 times","floor":13.0,"gold_loss":0.0,"damage_taken":0.0,"relics_obtained":["Bronze Scales"]},{"damage_healed":0.0,"max_hp_gain":0.0,"max_hp_loss":0.0,"gold_gain":0.0,"event_name":"Scrap Ooze","player_choice":"Fled","floor":14.0,"gold_loss":0.0,"damage_taken":18.0},{"damage_healed":0.0,"max_hp_gain":0.0,"max_hp_loss":0.0,"gold_gain":0.0,"event_name":"WeMeetAgain","player_choice":"Paid Gold","floor":22.0,"gold_loss":51.0,"damage_taken":0.0,"relics_obtained":["Bag of Preparation"]},{"damage_healed":0.0,"max_hp_gain":0.0,"max_hp_loss":0.0,"gold_gain":50.0,"event_name":"Nest","player_choice":"Stole From Cult","floor":29.0,"gold_loss":0.0,"damage_taken":0.0},{"damage_healed":0.0,"max_hp_gain":0.0,"max_hp_loss":0.0,"gold_gain":0.0,"event_name":"Cursed Tome","player_choice":"Ignored","floor":30.0,"gold_loss":0.0,"damage_taken":0.0},{"damage_healed":0.0,"max_hp_gain":0.0,"max_hp_loss":0.0,"gold_gain":0.0,"event_name":"MindBloom","player_choice":"Fight","floor":38.0,"gold_loss":0.0,"damage_taken":0.0},{"cards_removed":["Heatsinks"],"damage_healed":0.0,"max_hp_gain":0.0,"max_hp_loss":0.0,"gold_gain":0.0,"event_name":"Designer","player_choice":"Single Remove","floor":42.0,"gold_loss":75.0,"damage_taken":0.0}],"is_beta":false,"boss_relics":[{"not_picked":["Philosopher\u0027s Stone","FrozenCore"],"picked":"Pandora\u0027s Box"},{"not_picked":["Busted Crown","Runic Pyramid"],"picked":"Nuclear Battery"}],"items_purged_floors":[19,44],"is_endless":false,"potions_floor_spawned":[1,4,5,12,16,18,21,24,31,33,35,39],"ascension_level":15}}