{"host":"mqhvlr3kpxebko0t","time":1608597443,"event":{"mods":["AchievementEnabler","BaseMod","Colored Map","Colored Powertips","Keyboard Shortcuts","Minty Spire (QoL Compilation)","StSLib","SuperFastMode"],"gold_per_floor":[109,163,163,181,77,77,108,108,108,8,39,54,69,83,83,83,83],"floor_reached":16,"playtime":147,"items_purged":["Strike_R","Strike_R"],"score":270,"play_id":"060a0023-4727-493a-b66b-60450467b0da","local_time":"20201222093723","is_ascension_mode":true,"campfire_choices":[{"data":"Sword Boomerang","floor":6,"key":"SMITH"},{"data":"1","floor":8,"key":"LIFT"},{"data":"Disarm","floor":15,"key":"SMITH"}],"circlet_count":0,"master_deck":["AscendersBane","Strike_R","Strike_R","Defend_R","Defend_R","Defend_R","Defend_R","Bash","Sword Boomerang+1","Dark Embrace","Headbutt","Shrug It Off","Rupture","Pommel Strike","Disarm+1","Wild Strike"],"relics":["Burning Blood","NeowsBlessing","Boot","Girya","Meat on the Bone","Happy Flower"],"acts_visited":["Exordium"],"potions_floor_usage":[],"damage_taken":[{"damage":0,"enemies":"Cultist","floor":1,"turns":1},{"damage":0,"enemies":"Small Slimes","floor":4,"turns":1},{"damage":0,"enemies":"3 Sentries","floor":7,"turns":2},{"damage":31,"enemies":"Gremlin Nob","floor":11,"turns":4},{"damage":0,"enemies":"2 Louse","floor":12,"turns":3},{"damage":18,"enemies":"Exordium Wildlife","floor":13,"turns":2},{"damage":13,"enemies":"Blue Slaver","floor":14,"turns":4},{"damage":28,"enemies":"The Guardian","floor":16,"turns":4}],"seed_played":"-4745923946824840535","potions_obtained":[{"floor":7,"key":"BlessingOfTheForge"},{"floor":12,"key":"Weak Potion"}],"is_trial":false,"path_per_floor":["M","T","?","M","$","R","E","R","T","$","E","M","M","M","R","B"],"character_chosen":"IRONCLAD","items_purchased":["Shrug It Off"],"campfire_rested":0,"item_purchase_floors":[5],"current_hp_per_floor":[74,74,74,75,75,75,75,75,75,75,50,56,44,49,49,21,21],"gold":83,"neow_bonus":"THREE_ENEMY_KILL","is_daily":false,"chose_seed":false,"campfire_upgraded":2,"win_rate":0.0,"timestamp":1608597443,"path_taken":["M","?","?","M","$","R","E","R","T","$","E","M","M","M","R","BOSS"],"items_purchased_type":["Card"],"build_version":"2020-12-13","purchased_purges":2,"victory":false,"max_hp_per_floor":[75,75,75,75,75,75,75,75,75,75,75,75,75,75,75,75,75],"card_choices":[{"not_picked":["Clash","Sentinel"],"picked":"Sword Boomerang","floor":1},{"not_picked":["Sword Boomerang","Dark Embrace"],"picked":"Headbutt","floor":4},{"not_picked":["Pummel","Hemokinesis"],"picked":"Rupture","floor":7},{"not_picked":["Clothesline","Pummel","Rampage"],"picked":"SKIP","floor":11},{"not_picked":["Clothesline","Heavy Blade"],"picked":"Pommel Strike","floor":12},{"not_picked":["Armaments","Burning Pact"],"picked":"Disarm","floor":13},{"not_picked":["Thunderclap","Dual Wield"],"picked":"Wild Strike","floor":14}],"player_experience":671614,"relics_obtained":[{"floor":2,"key":"Boot"},{"floor":7,"key":"Girya"},{"floor":9,"key":"Meat on the Bone"},{"floor":11,"key":"Happy Flower"}],"event_choices":[{"damage_healed":0,"gold_gain":0,"cards_transformed":["Strike_R"],"player_choice":"Change","damage_taken":0,"max_hp_gain":0,"max_hp_loss":0,"event_name":"Living Wall","floor":3,"gold_loss":0,"cards_obtained":["Dark Embrace"]}],"is_beta":false,"boss_relics":[],"items_purged_floors":[5,10],"is_endless":false,"potions_floor_spawned":[7,12,13],"killed_by":"The Guardian","ascension_level":20}}