{"host":"nzm1i0l8mrsm8hd2","time":1608641415,"event":{"mods":["Act Like it!","BaseMod","Better Third Choice","Conspire","Minty Spire (QoL Compilation)","Pale of the Ancients","Quick Restart","RumiaBox-露米娅的神秘盒子","Spicy Shops","StSLib","The Dragon Tamer","TheWitcher","Wandering Minibosses"],"gold_per_floor":[123,123,140,154,122,122,148,148,198,198,227,290,305,317,317,322,322],"floor_reached":16,"playtime":661,"items_purged":[],"score":135,"play_id":"429884f9-16c6-413f-8c0c-05ce9cffd648","local_time":"20201222205015","is_ascension_mode":false,"campfire_choices":[{"data":"SnafuTest:PowerCrimsonRitual","floor":6.0,"key":"SMITH"},{"data":"SnafuTest:BlackSunRise","floor":8.0,"key":"SMITH"},{"data":"SnafuTest:Meditation","floor":10.0,"key":"SMITH"},{"data":"SnafuTest:SignAard","floor":15,"key":"SMITH"}],"circlet_count":0,"master_deck":["SnafuTest:DefaultCommonAttack","SnafuTest:DefaultCommonAttack","SnafuTest:DefaultCommonAttack","SnafuTest:BountyHunt","SnafuTest:DefaultCommonSkill","SnafuTest:DefaultCommonSkill","SnafuTest:DefaultCommonSkill","SnafuTest:SignAard+1","SnafuTest:Meditation+1","SnafuTest:BlackSunRise+1","SnafuTest:PowerCrimsonRitual+1","conspire:NecroticWound","Shame"],"relics":["SnafuTest:PlaceholderRelic","NeowsBlessing","Baka2","betterThird:SlimedRelic","ZombieArmy","Pen Nib"],"acts_visited":["Exordium"],"potions_floor_usage":[13,16],"damage_taken":[{"damage":0.0,"enemies":"Small Slimes","floor":1.0,"turns":1.0},{"damage":0.0,"enemies":"Cultist","floor":3.0,"turns":1.0},{"damage":0.0,"enemies":"2 Louse","floor":4.0,"turns":1.0},{"damage":20.0,"enemies":"Gremlin Nob","floor":7.0,"turns":4.0},{"damage":28,"enemies":"Lagavulin","floor":11,"turns":6},{"damage":18,"enemies":"Exordium Wildlife","floor":13,"turns":6},{"damage":29,"enemies":"Blue Slaver","floor":14,"turns":5},{"damage":51,"enemies":"The Guardian","floor":16,"turns":2}],"seed_played":"-1855954445208511392","potions_obtained":[{"floor":1.0,"key":"GamblersBrew"},{"floor":2.0,"key":"Block Potion"},{"floor":2.0,"key":"conspire:TimeTravelPotion"},{"floor":2.0,"key":"Energy Potion"},{"floor":3.0,"key":"FairyPotion"},{"floor":11,"key":"Explosive Potion"},{"floor":14,"key":"PowerPotion"}],"is_trial":false,"path_per_floor":["M","?","M","M","?","R","E","R","T","R","E","?","M","M","R","B"],"character_chosen":"THE_WITCHER","items_purchased":[],"campfire_rested":0,"item_purchase_floors":[],"current_hp_per_floor":[75,75,75,81,70,70,50,50,50,50,22,22,22,17,17,0,0],"gold":322,"neow_bonus":"THREE_ENEMY_KILL","is_daily":false,"chose_seed":false,"campfire_upgraded":4,"win_rate":0.0,"timestamp":1608641415,"path_taken":["M","?","M","?","?","R","E","R","T","R","E","?","M","M","R","BOSS"],"items_purchased_type":[],"build_version":"2020-12-13","purchased_purges":0,"victory":false,"max_hp_per_floor":[75,75,75,81,81,81,81,81,81,81,81,81,81,81,81,81,81],"card_choices":[{"not_picked":["SnafuTest:DesperateRemediation","SnafuTest:BombMoonDust"],"picked":"SnafuTest:Meditation","floor":1.0},{"not_picked":["SnafuTest:MercilessReaper","SnafuTest:AncestralRitual"],"picked":"SnafuTest:BlackSunRise","floor":3.0},{"not_picked":["SnafuTest:MercilessReaper","SnafuTest:SwordDance"],"picked":"SnafuTest:PowerCrimsonRitual","floor":4.0},{"not_picked":["SnafuTest:ArmoredSortie","SnafuTest:SignIgni","SnafuTest:PayWeaponSmith"],"picked":"SKIP","floor":7.0},{"not_picked":["SnafuTest:ArmoredSortie","SnafuTest:SpellDispellingPush","SnafuTest:PowerCounterAttack"],"picked":"SKIP","floor":11},{"not_picked":["SnafuTest:Offering","SnafuTest:PowerVainGlory","SnafuTest:BattleCry"],"picked":"SKIP","floor":13},{"not_picked":["SnafuTest:BombSamum","SnafuTest:BombMoonDust","SnafuTest:PowerFireDamnation"],"picked":"SKIP","floor":14}],"player_experience":556607,"relics_obtained":[{"floor":1.0,"key":"Baka"},{"floor":3.0,"key":"Baka2"},{"floor":7.0,"key":"ZombieArmy"},{"floor":11,"key":"Pen Nib"}],"event_choices":[{"damage_healed":0.0,"max_hp_gain":0.0,"max_hp_loss":0.0,"gold_gain":0.0,"event_name":"Lab","player_choice":"Got Potions","floor":2.0,"gold_loss":0.0,"damage_taken":0.0},{"damage_healed":0.0,"max_hp_gain":0.0,"max_hp_loss":0.0,"gold_gain":0.0,"event_name":"betterThird:BetterGoop","player_choice":"Slimed","floor":5.0,"gold_loss":32.0,"damage_taken":11.0},{"damage_healed":0,"gold_gain":63,"player_choice":"Gained Gold","damage_taken":0,"max_hp_gain":0,"max_hp_loss":0,"event_name":"Golden Wing","floor":12,"gold_loss":0}],"is_beta":false,"boss_relics":[],"items_purged_floors":[],"is_endless":false,"potions_floor_spawned":[1,3,4,11,14],"killed_by":"The Guardian","ascension_level":0}}