{"host":"69rply1jf2d1wbmp","time":1608672342,"event":{"mods":["BaseMod","Minty Spire (QoL Compilation)","Quick Restart"],"gold_per_floor":[413,413,425,425,29,69,35,76,102,157,169,199,211,241,253,395,407,439,99,99,124,149,187,187,228,310,310,310,25,61,61,61,181,181,194,194,215,231,153,186,186,224,224,224,24,24,24,58,58,58],"floor_reached":51,"playtime":1539,"items_purged":[],"score":1005,"play_id":"eb3834be-f863-430f-844c-4631e8d8c158","local_time":"20201222162542","daily_mods":["SealedDeck","Heirloom","Flight"],"is_ascension_mode":false,"campfire_choices":[{"floor":11,"key":"REST"},{"data":"Mayhem","floor":13,"key":"SMITH"},{"data":"Terror","floor":15,"key":"SMITH"},{"data":"1","floor":24,"key":"LIFT"},{"floor":28,"key":"REST"},{"data":"2","floor":32,"key":"LIFT"},{"data":"3","floor":41,"key":"LIFT"},{"floor":49,"key":"DIG"}],"circlet_count":0,"master_deck":["Terror+1","Slice","Deflect","Slice","Deadly Poison","Slice","Backflip+1","Deflect","Footwork","Footwork","Infinite Blades","Mayhem+1","Deadly Poison+1","Accuracy","Die Die Die","Deflect","Die Die Die","Accuracy","Swift Strike","Footwork","Backflip","Noxious Fumes","Necronomicurse","Apotheosis","Infinite Blades","Bane","Corpse Explosion","Slice+1","Blade Dance+1","Dash+1","Blur"],"relics":["Ring of the Snake","Old Coin","Golden Idol","Membership Card","Ancient Tea Set","Mango","MawBank","War Paint","Sozu","Kunai","Girya","Orichalcum","Bag of Marbles","HornCleat","Necronomicon","PreservedInsect","Snake Skull","Shuriken","WristBlade","Blood Vial","Bottled Tornado","Question Card","Shovel","Medical Kit","Gremlin Horn","MealTicket","Bag of Preparation"],"acts_visited":["Exordium","TheCity","TheBeyond"],"potions_floor_usage":[25,25,33],"damage_taken":[{"damage":0,"enemies":"Jaw Worm","floor":1,"turns":2},{"damage":0,"enemies":"2 Louse","floor":3,"turns":2},{"damage":1,"enemies":"Lagavulin","floor":6,"turns":5},{"damage":23,"enemies":"3 Sentries","floor":8,"turns":7},{"damage":10,"enemies":"Lagavulin","floor":10,"turns":5},{"damage":0,"enemies":"Small Slimes","floor":12,"turns":2},{"damage":0,"enemies":"Blue Slaver","floor":14,"turns":3},{"damage":31,"enemies":"Slime Boss","floor":16,"turns":9},{"damage":16,"enemies":"2 Thieves","floor":18,"turns":3},{"damage":2,"enemies":"Chosen","floor":21,"turns":3},{"damage":3,"enemies":"Snecko","floor":22,"turns":4},{"damage":0,"enemies":"Gremlin Leader","floor":23,"turns":5},{"damage":13,"enemies":"Slavers","floor":25,"turns":4},{"damage":0,"enemies":"Book of Stabbing","floor":30,"turns":4},{"damage":23,"enemies":"Champ","floor":33,"turns":6},{"damage":0,"enemies":"3 Shapes","floor":35,"turns":3},{"damage":0,"enemies":"3 Darklings","floor":37,"turns":2},{"damage":9,"enemies":"Maw","floor":38,"turns":5},{"damage":0,"enemies":"Giant Head","floor":40,"turns":5},{"damage":26,"enemies":"Nemesis","floor":42,"turns":5},{"damage":0,"enemies":"Reptomancer","floor":48,"turns":2},{"damage":28,"enemies":"Time Eater","floor":50,"turns":7}],"seed_played":"-1526825435962558094","potions_obtained":[{"floor":8,"key":"Regen Potion"}],"is_trial":true,"path_per_floor":["M","?","M","?","$","E","$","E","T","E","R","M","R","M","R","B",null,"M","$","?","M","M","E","R","E","T","?","R","$","E","?","R","B",null,"M","?","M","M","$","E","R","E","T","?","$","?","$","E","R","B",null],"character_chosen":"THE_SILENT","items_purchased":["Membership Card","Infinite Blades","Mayhem","CunningPotion","EntropicBrew","Deadly Poison","Accuracy","Kunai","Accuracy","Girya","Swift Strike","Apotheosis","PreservedInsect","Snake Skull","Infinite Blades","Blood Vial","Medical Kit","Gremlin Horn"],"campfire_rested":2,"item_purchase_floors":[5,5,5,5,5,5,7,19,19,19,19,29,29,29,29,39,45,45],"current_hp_per_floor":[70,70,70,53,53,52,52,43,43,33,58,58,58,58,58,27,84,68,68,68,66,63,63,63,59,59,43,68,68,68,84,84,61,84,84,84,84,75,75,77,77,53,53,53,53,53,53,55,55,29],"gold":58,"neow_bonus":"","is_daily":false,"chose_seed":false,"campfire_upgraded":2,"win_rate":0.0,"timestamp":1608672342,"path_taken":["M","?","M","?","$","E","?","E","T","E","R","M","R","M","R","BOSS","M","$","?","M","M","E","R","E","T","?","R","$","E","?","R","BOSS","M","?","M","M","$","E","R","E","T","?","$","?","?","E","R","BOSS"],"items_purchased_type":["Relic","Card","Card","Potion","Potion","Card","Card","Relic","Card","Relic","Card","Card","Relic","Relic","Card","Relic","Relic","Relic"],"build_version":"2020-12-13","purchased_purges":0,"victory":true,"max_hp_per_floor":[70,70,70,70,70,70,70,84,84,84,84,84,84,84,84,84,84,84,84,84,84,84,84,84,84,84,84,84,84,84,84,84,84,84,84,84,84,84,84,84,84,84,84,84,84,84,84,84,84,84],"card_choices":[{"not_picked":["Setup","Backflip"],"picked":"Footwork","floor":1},{"not_picked":["Deadly Poison","Flying Knee","Endless Agony"],"picked":"SKIP","floor":3},{"not_picked":["Dagger Spray","Dodge and Roll","Sucker Punch"],"picked":"SKIP","floor":6},{"not_picked":["PiercingWail","Underhanded Strike"],"picked":"Die Die Die","floor":8},{"not_picked":["Deadly Poison","Bane","Terror"],"picked":"SKIP","floor":10},{"not_picked":["Calculated Gamble","Underhanded Strike"],"picked":"Deflect","floor":12},{"not_picked":["PiercingWail","Underhanded Strike","Leg Sweep"],"picked":"SKIP","floor":14},{"not_picked":["Glass Knife","Unload"],"picked":"Die Die Die","floor":16},{"not_picked":["Prepared","Underhanded Strike","Masterful Stab"],"picked":"SKIP","floor":18},{"not_picked":["Flying Knee+1","Heel Hook"],"picked":"Footwork","floor":21},{"not_picked":["Sucker Punch","Deflect"],"picked":"Backflip","floor":22},{"not_picked":["Malaise","Concentrate"],"picked":"Noxious Fumes","floor":23},{"not_picked":["Crippling Poison","Sucker Punch","Phantasmal Killer"],"picked":"SKIP","floor":25},{"not_picked":["Accuracy+1","Footwork"],"picked":"Bane","floor":30},{"not_picked":["Doppelganger","Night Terror"],"picked":"Corpse Explosion","floor":33},{"not_picked":["Leg Sweep","Sucker Punch+1"],"picked":"Slice+1","floor":35},{"not_picked":["Caltrops+1","Slice"],"picked":"Blade Dance+1","floor":37},{"not_picked":["Underhanded Strike+1","Calculated Gamble","Flying Knee"],"picked":"SKIP","floor":38},{"not_picked":["Dagger Spray","Dash+1","Riddle With Holes+1"],"picked":"SKIP","floor":40},{"not_picked":["Dagger Spray","Riddle With Holes+1"],"picked":"Dash+1","floor":40},{"not_picked":["Prepared","PiercingWail+1"],"picked":"Blur","floor":42},{"not_picked":["Caltrops","Underhanded Strike","Poisoned Stab+1","Cloak And Dagger"],"picked":"SKIP","floor":48}],"player_experience":387759,"relics_obtained":[{"floor":6,"key":"Ancient Tea Set"},{"floor":8,"key":"Mango"},{"floor":9,"key":"MawBank"},{"floor":10,"key":"War Paint"},{"floor":23,"key":"Orichalcum"},{"floor":25,"key":"Bag of Marbles"},{"floor":26,"key":"HornCleat"},{"floor":27,"key":"Necronomicon"},{"floor":30,"key":"Shuriken"},{"floor":40,"key":"Bottled Tornado"},{"floor":42,"key":"Question Card"},{"floor":43,"key":"Shovel"},{"floor":48,"key":"MealTicket"},{"floor":49,"key":"Bag of Preparation"}],"event_choices":[{"damage_healed":0,"gold_gain":0,"player_choice":"Ignored","damage_taken":0,"max_hp_gain":0,"max_hp_loss":0,"event_name":"Golden Wing","floor":2,"gold_loss":0},{"damage_healed":0,"gold_gain":0,"player_choice":"Take Damage","damage_taken":17,"relics_obtained":["Golden Idol"],"max_hp_gain":0,"max_hp_loss":0,"event_name":"Golden Idol","floor":4,"gold_loss":0},{"damage_healed":0,"gold_gain":0,"player_choice":"Ignored","damage_taken":0,"max_hp_gain":0,"max_hp_loss":0,"event_name":"Vampires","floor":20,"gold_loss":0},{"damage_healed":0,"gold_gain":0,"player_choice":"Obtained Book","damage_taken":16,"max_hp_gain":0,"max_hp_loss":0,"event_name":"Cursed Tome","floor":27,"gold_loss":0},{"damage_healed":28,"gold_gain":0,"player_choice":"Heal","damage_taken":0,"max_hp_gain":0,"max_hp_loss":0,"event_name":"The Library","floor":31,"gold_loss":0},{"damage_healed":0,"gold_gain":0,"player_choice":"Ignored","damage_taken":0,"max_hp_gain":0,"max_hp_loss":0,"event_name":"The Moai Head","floor":36,"gold_loss":0},{"cards_removed":["Dagger Spray"],"damage_healed":0,"gold_gain":0,"player_choice":"Removed Attack","damage_taken":0,"max_hp_gain":0,"max_hp_loss":0,"event_name":"Falling","floor":44,"gold_loss":0},{"damage_healed":0,"gold_gain":0,"player_choice":"Memory 1","damage_taken":0,"max_hp_gain":0,"max_hp_loss":0,"event_name":"SensoryStone","floor":46,"gold_loss":0}],"is_beta":false,"boss_relics":[{"not_picked":["Tiny House","HoveringKite"],"picked":"Sozu"},{"not_picked":["Philosopher\u0027s Stone","Astrolabe"],"picked":"WristBlade"}],"items_purged_floors":[],"is_endless":false,"potions_floor_spawned":[8,10,12,23,25,33,35,42],"ascension_level":0}}