{"host":"fdq5pmhluajjrf8d","time":1608660047,"event":{"mods":["BaseMod","Minty Spire (QoL Compilation)"],"gold_per_floor":[113,188,204,77,97,97,111,128,128,128,144,144,176,176,176,249,249,263,56,75,75,0,0,0],"floor_reached":23,"playtime":1148,"items_purged":["Decay","Pain"],"score":372,"play_id":"f64680ab-c299-4094-bf19-99615f1ed9b7","local_time":"20201222130047","is_ascension_mode":true,"campfire_choices":[{"data":"Cloak And Dagger","floor":6,"key":"SMITH"},{"floor":10,"key":"REST"},{"floor":12,"key":"REST"},{"floor":15,"key":"REST"}],"circlet_count":0,"master_deck":["AscendersBane","Strike_G","Strike_G","Strike_G","Strike_G","Strike_G","Defend_G","Defend_G","Defend_G","Defend_G","Defend_G","Survivor","Neutralize","After Image","Caltrops","Footwork","Cloak And Dagger+1","All Out Attack","Acrobatics","PiercingWail","Dagger Throw","A Thousand Cuts","CurseOfTheBell","Flash of Steel","PiercingWail"],"relics":["Ring of the Snake","Orichalcum","Akabeko","WarpedTongs","Calling Bell","Boot","Eternal Feather","WingedGreaves"],"acts_visited":["Exordium","TheCity"],"potions_floor_usage":[7,8,16,23],"damage_taken":[{"damage":2,"enemies":"Small Slimes","floor":1,"turns":5},{"damage":12,"enemies":"Jaw Worm","floor":3,"turns":8},{"damage":0,"enemies":"Cultist","floor":5,"turns":5},{"damage":12,"enemies":"Exordium Thugs","floor":7,"turns":4},{"damage":9,"enemies":"Large Slime","floor":8,"turns":8},{"damage":4,"enemies":"Blue Slaver","floor":11,"turns":6},{"damage":13,"enemies":"3 Sentries","floor":13,"turns":9},{"damage":18,"enemies":"The Guardian","floor":16,"turns":15},{"damage":26,"enemies":"3 Byrds","floor":18,"turns":4},{"damage":15,"enemies":"Shell Parasite","floor":20,"turns":8},{"damage":19,"enemies":"Book of Stabbing","floor":23,"turns":5}],"seed_played":"-7785226074958845662","potions_obtained":[{"floor":1,"key":"Weak Potion"},{"floor":5,"key":"SteroidPotion"},{"floor":8,"key":"CunningPotion"},{"floor":18,"key":"EssenceOfSteel"},{"floor":20,"key":"Fire Potion"}],"is_trial":false,"path_per_floor":["M","?","M","$","M","R","M","M","T","R","M","R","E","?","R","B",null,"M","$","M","?","?","E"],"character_chosen":"THE_SILENT","items_purchased":["Cloak And Dagger","Flash of Steel"],"campfire_rested":3,"item_purchase_floors":[4,19],"current_hp_per_floor":[57,46,34,34,34,34,22,13,13,32,28,47,34,34,53,35,58,32,32,17,17,17,0,0],"gold":0,"neow_bonus":"THREE_RARE_CARDS","is_daily":false,"chose_seed":false,"campfire_upgraded":1,"win_rate":0.0,"timestamp":1608660047,"path_taken":["M","?","M","?","M","R","M","?","T","R","M","R","E","?","R","BOSS","M","$","M","?","?","E"],"items_purchased_type":["Card","Card"],"build_version":"2020-12-13","purchased_purges":2,"victory":false,"max_hp_per_floor":[66,66,66,66,66,66,66,66,66,66,66,66,66,66,66,66,66,66,66,66,66,66,66,66],"card_choices":[{"not_picked":["Malaise","Grand Finale"],"picked":"After Image","floor":0},{"not_picked":["Deflect","Bane"],"picked":"Caltrops","floor":1},{"not_picked":["Flying Knee","Concentrate"],"picked":"Footwork","floor":3},{"not_picked":["Venomology","Dodge and Roll"],"picked":"All Out Attack","floor":5},{"not_picked":["Distraction","Flechettes"],"picked":"Acrobatics","floor":7},{"not_picked":["Deflect","Dodge and Roll"],"picked":"PiercingWail","floor":8},{"not_picked":["Caltrops","Bouncing Flask","Underhanded Strike"],"picked":"SKIP","floor":11},{"not_picked":["Deadly Poison","Bane"],"picked":"Dagger Throw","floor":13},{"not_picked":["Wraith Form v2","Grand Finale"],"picked":"A Thousand Cuts","floor":16},{"not_picked":["Underhanded Strike","Reflex","Dodge and Roll+1"],"picked":"SKIP","floor":18},{"not_picked":["Noxious Fumes","Outmaneuver"],"picked":"PiercingWail","floor":20}],"player_experience":1897495,"relics_obtained":[{"floor":9,"key":"Orichalcum"},{"floor":13,"key":"Akabeko"},{"floor":17,"key":"Boot"},{"floor":17,"key":"Eternal Feather"},{"floor":17,"key":"WingedGreaves"}],"event_choices":[{"damage_healed":0,"gold_gain":75,"player_choice":"Gather Gold","damage_taken":11,"max_hp_gain":0,"max_hp_loss":0,"event_name":"World of Goop","floor":2,"gold_loss":0},{"damage_healed":0,"gold_gain":0,"player_choice":"Rummage","damage_taken":0,"relics_obtained":["WarpedTongs"],"max_hp_gain":0,"max_hp_loss":0,"event_name":"Accursed Blacksmith","floor":14,"gold_loss":0,"cards_obtained":["Pain"]},{"damage_healed":0,"gold_gain":0,"player_choice":"Ignored","damage_taken":0,"max_hp_gain":0,"max_hp_loss":0,"event_name":"Ghosts","floor":21,"gold_loss":0},{"damage_healed":0,"gold_gain":0,"player_choice":"Paid Fearfully","damage_taken":0,"max_hp_gain":0,"max_hp_loss":0,"event_name":"Masked Bandits","floor":22,"gold_loss":75}],"is_beta":false,"boss_relics":[{"not_picked":["Runic Dome","Snecko Eye"],"picked":"Calling Bell"}],"items_purged_floors":[4,19],"is_endless":false,"potions_floor_spawned":[1,5,8,18,20],"killed_by":"Book of Stabbing","ascension_level":19}}