{"host":"rjx4accq0ysw8w2o","time":1608677599,"event":{"mods":["AchievementEnabler","BaseMod","Block Reminder","Colored Map","Colored Powertips","DeckTracker","Highlight Path","Minty Spire (QoL Compilation)","Quick Restart","Rare Cards Sparkle"],"gold_per_floor":[110,121,139,139,151,151,151,151,151,161,180,180,207,207,207,308,308,328,358,358,373,390,390,36,36,336,336,336,351,351,251,251,352,352,370,101,151,163,163,193,193,193,193,193,208,58,76,94,94,94,94],"floor_reached":50,"playtime":3405,"items_purged":["Zap","Strike_B","Recycle+1","Normality"],"score":542,"play_id":"83f73199-50c6-4a36-8c32-78832c8e8beb","local_time":"20201222235319","is_ascension_mode":true,"campfire_choices":[{"floor":6.0,"key":"RECALL"},{"data":"Electrodynamics","floor":8.0,"key":"SMITH"},{"data":"Dualcast","floor":12.0,"key":"SMITH"},{"floor":15.0,"key":"REST"},{"data":"Self Repair","floor":23.0,"key":"SMITH"},{"data":"Capacitor","floor":30.0,"key":"SMITH"},{"floor":32.0,"key":"REST"},{"floor":41.0,"key":"REST"},{"data":"Thunder Strike","floor":44.0,"key":"SMITH"},{"floor":49.0,"key":"REST"}],"circlet_count":0,"master_deck":["Strike_B","Defend_B","Defend_B","Zap","Dualcast+1","Chill+1","Hyperbeam+1","Melter+1","Conserve Battery","Electrodynamics+1","Leap","Seek","Thunder Strike+1","Self Repair+1","Capacitor+1","Parasite","Leap+1"],"relics":["Astrolabe","Mango","Omamori","Cursed Key","Red Mask","Nunchaku","Old Coin","MutagenicStrength","Nuclear Battery","Lantern","StoneCalendar","HornCleat","Shuriken"],"acts_visited":["Exordium","TheCity","TheBeyond"],"potions_floor_usage":[50],"damage_taken":[{"damage":0.0,"enemies":"Cultist","floor":1.0,"turns":2.0},{"damage":0.0,"enemies":"2 Louse","floor":2.0,"turns":2.0},{"damage":0.0,"enemies":"Small Slimes","floor":3.0,"turns":1.0},{"damage":3.0,"enemies":"Blue Slaver","floor":5.0,"turns":3.0},{"damage":0.0,"enemies":"3 Louse","floor":10.0,"turns":1.0},{"damage":7.0,"enemies":"Red Slaver","floor":11.0,"turns":2.0},{"damage":3.0,"enemies":"Lagavulin","floor":13.0,"turns":5.0},{"damage":30.0,"enemies":"Slime Boss","floor":16.0,"turns":7.0},{"damage":0.0,"enemies":"Spheric Guardian","floor":18.0,"turns":3.0},{"damage":0.0,"enemies":"Masked Bandits","floor":19.0,"turns":2.0},{"damage":8.0,"enemies":"3 Byrds","floor":21.0,"turns":4.0},{"damage":20.0,"enemies":"Snake Plant","floor":22.0,"turns":3.0},{"damage":9.0,"enemies":"Shelled Parasite and Fungi","floor":29.0,"turns":7.0},{"damage":81.0,"enemies":"Champ","floor":33.0,"turns":13.0},{"damage":16.0,"enemies":"3 Shapes","floor":35.0,"turns":3.0},{"damage":12.0,"enemies":"Mind Bloom Boss Battle","floor":37.0,"turns":6.0},{"damage":8.0,"enemies":"Orb Walker","floor":38.0,"turns":3.0},{"damage":56.0,"enemies":"Reptomancer","floor":40.0,"turns":5.0},{"damage":34.0,"enemies":"Writhing Mass","floor":45.0,"turns":7.0},{"damage":4.0,"enemies":"Sphere and 2 Shapes","floor":47.0,"turns":4.0},{"damage":23.0,"enemies":"Spire Growth","floor":48.0,"turns":4.0},{"damage":66,"enemies":"Donu and Deca","floor":50,"turns":6}],"seed_played":"-5042666208153014434","potions_obtained":[{"floor":2.0,"key":"DuplicationPotion"},{"floor":10.0,"key":"LiquidBronze"},{"floor":20.0,"key":"Strength Potion"},{"floor":20.0,"key":"Energy Potion"},{"floor":20.0,"key":"SkillPotion"},{"floor":22.0,"key":"Regen Potion"},{"floor":35.0,"key":"Explosive Potion"},{"floor":38.0,"key":"FocusPotion"},{"floor":40.0,"key":"Ancient Potion"},{"floor":48.0,"key":"DistilledChaos"}],"is_trial":false,"path_per_floor":["M","M","M","?","M","R","?","R","T","M","M","R","E","?","R","B",null,"M","?","?","M","M","R","$","$","T","?","?","M","R","$","R","B",null,"M","$","?","M","?","E","R","?","T","R","M","$","M","M","R","B"],"character_chosen":"DEFECT","items_purchased":["Capacitor","Nunchaku","EssenceOfDarkness","Lantern"],"campfire_rested":4,"item_purchase_floors":[24,24,24,36],"current_hp_per_floor":[75,75,75,75,72,72,72,72,72,72,65,65,76,58,84,54,89,89,89,89,81,68,68,68,68,68,68,68,69,69,69,89,33,89,83,83,81,83,89,43,69,69,69,69,45,45,51,38,64,0,0],"gold":94,"neow_bonus":"BOSS_RELIC","is_daily":false,"chose_seed":false,"campfire_upgraded":5,"win_rate":0.0,"timestamp":1608677599,"path_taken":["M","M","M","?","?","R","?","R","T","?","?","R","E","?","R","BOSS","M","?","?","?","M","R","?","$","T","?","?","M","R","?","R","BOSS","M","?","?","M","?","E","R","?","T","R","M","?","M","?","R","BOSS"],"items_purchased_type":["Card","Relic","Potion","Relic"],"build_version":"2020-12-13","purchased_purges":4,"victory":false,"max_hp_per_floor":[75,75,75,75,75,75,75,75,75,75,75,75,89,89,89,89,89,89,89,89,89,89,89,89,89,89,89,89,89,89,89,89,89,89,89,89,89,89,89,89,89,89,89,89,89,89,89,89,89,89,89],"card_choices":[{"not_picked":["Redo","Turbo"],"picked":"Conserve Battery","floor":1.0},{"not_picked":["Beam Cell","Sweeping Beam","Compile Driver"],"picked":"SKIP","floor":2.0},{"not_picked":["Cold Snap","Compile Driver","Rainbow"],"picked":"SKIP","floor":3.0},{"not_picked":["Cold Snap","Skim"],"picked":"Leap","floor":5.0},{"not_picked":["Fusion","Hologram","Sweeping Beam"],"picked":"SKIP","floor":10.0},{"not_picked":["Barrage","Conserve Battery","Rebound"],"picked":"SKIP","floor":11.0},{"not_picked":["Storm","Loop","Sweeping Beam"],"picked":"SKIP","floor":13.0},{"not_picked":["Meteor Strike","Reboot"],"picked":"Thunder Strike","floor":16.0},{"not_picked":["Sweeping Beam","Conserve Battery","Genetic Algorithm"],"picked":"SKIP","floor":18.0},{"not_picked":["Hologram","Rip and Tear"],"picked":"Recycle+1","floor":19.0},{"not_picked":["Coolheaded","Beam Cell"],"picked":"Self Repair","floor":21.0},{"not_picked":["Gash","Core Surge","Go for the Eyes"],"picked":"SKIP","floor":22.0},{"not_picked":["Force Field","Steam","Coolheaded+1"],"picked":"SKIP","floor":29.0},{"not_picked":["Storm","Loop","Gash+1"],"picked":"SKIP","floor":35.0},{"not_picked":["Sweeping Beam","Stack+1","Conserve Battery+1"],"picked":"SKIP","floor":38.0},{"not_picked":["Redo","Reprogram+1","Rainbow"],"picked":"SKIP","floor":40.0},{"not_picked":["Gash+1","Conserve Battery","Stack+1"],"picked":"SKIP","floor":45.0},{"not_picked":["Streamline+1","FTL+1","Rip and Tear+1"],"picked":"SKIP","floor":47.0},{"not_picked":["Steam","Redo"],"picked":"Leap+1","floor":48.0}],"player_experience":96649,"relics_obtained":[{"floor":13.0,"key":"Mango"},{"floor":19.0,"key":"Red Mask"},{"floor":26.0,"key":"Old Coin"},{"floor":37.0,"key":"StoneCalendar"},{"floor":40.0,"key":"HornCleat"},{"floor":43.0,"key":"Shuriken"}],"event_choices":[{"damage_healed":0.0,"max_hp_gain":0.0,"max_hp_loss":0.0,"gold_gain":0.0,"cards_transformed":["Defend_B"],"event_name":"Transmorgrifier","player_choice":"Transformed","floor":4.0,"gold_loss":0.0,"damage_taken":0.0,"cards_obtained":["Electrodynamics"]},{"damage_healed":0.0,"max_hp_gain":0.0,"max_hp_loss":0.0,"gold_gain":0.0,"event_name":"Match and Keep!","player_choice":"2 cards matched","floor":7.0,"gold_loss":0.0,"damage_taken":0.0,"cards_obtained":["Zap","Seek"]},{"damage_healed":0.0,"max_hp_gain":0.0,"max_hp_loss":0.0,"gold_gain":0.0,"event_name":"Scrap Ooze","player_choice":"Success","floor":14.0,"gold_loss":0.0,"damage_taken":18.0,"relics_obtained":["Omamori"]},{"damage_healed":0.0,"max_hp_gain":0.0,"max_hp_loss":0.0,"gold_gain":0.0,"event_name":"Masked Bandits","player_choice":"Fought Bandits","floor":19.0,"gold_loss":0.0,"damage_taken":0.0},{"damage_healed":0.0,"max_hp_gain":0.0,"max_hp_loss":0.0,"gold_gain":0.0,"event_name":"Lab","player_choice":"Got Potions","floor":20.0,"gold_loss":0.0,"damage_taken":0.0},{"damage_healed":0.0,"max_hp_gain":0.0,"max_hp_loss":0.0,"gold_gain":0.0,"event_name":"Drug Dealer","player_choice":"Inject Mutagens","floor":27.0,"gold_loss":0.0,"damage_taken":0.0,"relics_obtained":["MutagenicStrength"]},{"damage_healed":0.0,"max_hp_gain":0.0,"max_hp_loss":0.0,"gold_gain":0.0,"event_name":"Ghosts","player_choice":"Ignored","floor":28.0,"gold_loss":0.0,"damage_taken":0.0},{"damage_healed":0.0,"max_hp_gain":0.0,"max_hp_loss":0.0,"gold_gain":0.0,"event_name":"MindBloom","player_choice":"Fight","floor":37.0,"gold_loss":0.0,"damage_taken":0.0},{"damage_healed":22.0,"max_hp_gain":0.0,"max_hp_loss":0.0,"gold_gain":0.0,"event_name":"Winding Halls","player_choice":"Writhe","floor":39.0,"gold_loss":0.0,"damage_taken":0.0,"cards_obtained":["Writhe"]},{"damage_healed":0.0,"max_hp_gain":0.0,"max_hp_loss":0.0,"gold_gain":0.0,"event_name":"Tomb of Lord Red Mask","player_choice":"Ignored","floor":42.0,"gold_loss":0.0,"damage_taken":0.0}],"is_beta":false,"boss_relics":[{"not_picked":["Sozu","Busted Crown"],"picked":"Cursed Key"},{"not_picked":["Coffee Dripper","Fusion Hammer"],"picked":"Nuclear Battery"}],"items_purged_floors":[24,31,36,46],"is_endless":false,"potions_floor_spawned":[2,10,22,29,35,38,40,45,48],"killed_by":"Donu and Deca","ascension_level":2}}