{"host":"ohugux5wi6kc4oge","time":1608643639,"event":{"mods":["BaseMod","Beaked The Cultist","Better Third Choice","Colored Powertips","Downfall","GifTheSpireLib","Minty Spire (QoL Compilation)","Quick Restart","Replay The Spire","StSLib","Stuff the Spire","The Construct","The IronCluck","egg","everything is the same but u backflip on backflip"],"gold_per_floor":[118,43,57,68,68,68,99,99,154,229,229,229],"floor_reached":11,"playtime":1388,"items_purged":["Defend_R"],"score":92,"play_id":"03c6282d-b896-47d0-8dfd-75b2bde04788","local_time":"20201222142719","is_ascension_mode":true,"campfire_choices":[{"data":"Bash","floor":6,"key":"SMITH"},{"data":"Massacre","floor":8,"key":"SMITH"}],"circlet_count":0,"master_deck":["Strike_R","Strike_R","Strike_R","Strike_R","Strike_R","Defend_R","Defend_R","Defend_R","Bash+1","Seeing Red","Massacre+1"],"relics":["Burning Blood","King of Hearts","Replay:Baseball","Tiny Chest"],"acts_visited":["Exordium"],"potions_floor_usage":[7],"damage_taken":[{"damage":1,"enemies":"Cultist","floor":1,"turns":4},{"damage":14,"enemies":"Small Slimes","floor":3,"turns":4},{"damage":7,"enemies":"Jaw Worm","floor":4,"turns":2},{"damage":20,"enemies":"Lagavulin","floor":7,"turns":5},{"damage":40,"enemies":"3 Sentries","floor":11,"turns":5}],"seed_played":"-3306415991877793709","potions_obtained":[{"floor":1,"key":"Guardian:BlockOnCardUsePotion"}],"is_trial":false,"path_per_floor":["M","$","M","M","?","R","E","R","T","?","E"],"character_chosen":"IRONCLAD","items_purchased":[],"campfire_rested":0,"item_purchase_floors":[],"current_hp_per_floor":[77,77,69,68,68,68,54,54,54,43,3,3],"gold":229,"neow_bonus":"RANDOM_COMMON_RELIC","is_daily":false,"chose_seed":false,"campfire_upgraded":2,"win_rate":0.0,"timestamp":1608643639,"path_taken":["M","$","M","?","?","R","E","R","T","?","E"],"items_purchased_type":[],"build_version":"2020-12-13","purchased_purges":1,"victory":false,"max_hp_per_floor":[80,80,80,80,80,80,80,80,80,80,80,80],"card_choices":[{"not_picked":["Iron Wave","Cleave"],"picked":"Seeing Red","floor":1},{"not_picked":["Armaments","Clothesline","Dark Embrace"],"picked":"SKIP","floor":3},{"not_picked":["Uppercut","Seeing Red","True Grit"],"picked":"SKIP","floor":4},{"not_picked":["Inflame","Metallicize"],"picked":"Massacre","floor":7}],"player_experience":513815,"relics_obtained":[{"floor":7,"key":"Replay:Baseball"},{"floor":9,"key":"Tiny Chest"}],"event_choices":[{"damage_healed":0,"gold_gain":75,"player_choice":"Gold","damage_taken":11,"max_hp_gain":0,"max_hp_loss":0,"event_name":"betterThird:BetterGoop","floor":10,"gold_loss":0}],"is_beta":false,"boss_relics":[],"items_purged_floors":[2],"is_endless":false,"potions_floor_spawned":[1],"killed_by":"3 Sentries","ascension_level":6}}