{"host":"xko5sdb82mf02c09","time":1608612666,"event":{"mods":["AchievementEnabler","BaseMod","Colored Map","Minty Spire (QoL Compilation)","Quick Restart","StSLib","everything is the same but u backflip on backflip"],"gold_per_floor":[117,137,312,323,29,54,54,129,205,205,205,217,252,266,266,366,366,379,56,75,94,19,51,51,51,77,97,125,125,152,172,172,172,172],"floor_reached":33,"playtime":1399,"items_purged":["Alpha"],"score":357,"play_id":"b21d19c2-9318-4f89-a0e8-006e43d7c10d","local_time":"20201222135106","is_ascension_mode":true,"campfire_choices":[{"floor":11.0,"key":"REST"},{"data":"Eruption","floor":15,"key":"SMITH"},{"floor":25,"key":"DIG"},{"floor":32,"key":"DIG"}],"circlet_count":0,"master_deck":["Eruption+1","Vigilance","Scrawl","EmptyFist","Consecrate","Halt","WaveOfTheHand+1","DeusExMachina","SpiritShield","CarveReality","CrushJoints","InnerPeace+1","Vault","TalkToTheHand","Flash of Steel","Halt+1","LessonLearned","Vengeance","Adaptation"],"relics":["PureWater","Dead Branch","Bronze Scales","Pocketwatch","Ornamental Fan","Bag of Marbles","Pandora\u0027s Box","War Paint","Shovel","Nunchaku","Boot","Ice Cream","Eternal Feather","Mercury Hourglass"],"acts_visited":["TheCity"],"potions_floor_usage":[13,13,30,33],"damage_taken":[{"damage":2.0,"enemies":"Cultist","floor":1.0,"turns":3.0},{"damage":3.0,"enemies":"Jaw Worm","floor":2.0,"turns":3.0},{"damage":0.0,"enemies":"Small Slimes","floor":4.0,"turns":2.0},{"damage":26.0,"enemies":"3 Sentries","floor":6.0,"turns":8.0},{"damage":0.0,"enemies":"3 Louse","floor":12.0,"turns":2.0},{"damage":16,"enemies":"Gremlin Nob","floor":13,"turns":4},{"damage":0,"enemies":"Exordium Thugs","floor":14,"turns":3},{"damage":6,"enemies":"The Guardian","floor":16,"turns":11},{"damage":4,"enemies":"3 Byrds","floor":18,"turns":4},{"damage":2,"enemies":"Shell Parasite","floor":20,"turns":3},{"damage":2,"enemies":"Centurion and Healer","floor":21,"turns":7},{"damage":5,"enemies":"Book of Stabbing","floor":23,"turns":2},{"damage":0,"enemies":"3 Cultists","floor":27,"turns":1},{"damage":18,"enemies":"Slavers","floor":28,"turns":3},{"damage":0,"enemies":"Gremlin Leader","floor":30,"turns":4},{"damage":0,"enemies":"Snake Plant","floor":31,"turns":2},{"damage":72,"enemies":"Automaton","floor":33,"turns":8}],"seed_played":"6072739208249536130","potions_obtained":[{"floor":4.0,"key":"Block Potion"},{"floor":6.0,"key":"Block Potion"},{"floor":18,"key":"Fruit Juice"},{"floor":21,"key":"SkillPotion"}],"is_trial":false,"path_per_floor":["M","M","?","M","$","E","?","?","T","?","R","M","E","M","R","B",null,"M","$","M","M","?","E","?","R","T","M","E","?","E","M","R","B"],"character_chosen":"WATCHER","items_purchased":["Dead Branch","War Paint","Flash of Steel"],"campfire_rested":1,"item_purchase_floors":[5,19,19],"current_hp_per_floor":[70,67,67,67,67,41,34,23,23,16,37,37,21,21,21,15,72,68,68,66,64,64,59,59,59,59,59,41,41,41,41,50,0,0],"gold":172,"neow_bonus":"ONE_RANDOM_RARE_CARD","is_daily":false,"chose_seed":false,"campfire_upgraded":1,"win_rate":0.0,"timestamp":1608612666,"path_taken":["M","M","?","M","$","E","?","?","T","?","R","?","E","M","R","BOSS","M","$","M","M","?","E","?","R","T","M","E","?","E","?","R","BOSS"],"items_purchased_type":["Relic","Relic","Card"],"build_version":"2020-12-13","purchased_purges":1,"victory":false,"max_hp_per_floor":[72,72,72,72,72,72,72,72,72,72,72,72,72,72,72,72,72,72,72,72,72,72,72,72,72,72,72,72,72,72,72,72,77,77],"card_choices":[{"not_picked":["Protect","BowlingBash"],"picked":"EmptyFist","floor":1.0},{"not_picked":["Fasting2","Protect"],"picked":"Consecrate","floor":2.0},{"not_picked":["Halt","Protect","ThirdEye"],"picked":"SKIP","floor":4.0},{"not_picked":["Meditate","PathToVictory"],"picked":"Halt","floor":6.0},{"not_picked":["ReachHeaven","JustLucky"],"picked":"WaveOfTheHand","floor":12.0},{"not_picked":["Meditate","Crescendo"],"picked":"DeusExMachina","floor":13},{"not_picked":["Prostrate","SashWhip"],"picked":"Halt","floor":14},{"not_picked":["Omniscience","Brilliance"],"picked":"SpiritShield","floor":16},{"not_picked":["Consecrate+1","SashWhip","BowlingBash"],"picked":"SKIP","floor":18},{"not_picked":["Wireheading","FlyingSleeves","Collect"],"picked":"SKIP","floor":20},{"not_picked":["SignatureMove","CarveReality","Halt"],"picked":"SKIP","floor":21},{"not_picked":["Swivel","JustLucky+1","CutThroughFate"],"picked":"SKIP","floor":23},{"not_picked":["EmptyBody+1","Wireheading"],"picked":"Halt+1","floor":27},{"not_picked":["Weave+1","CrushJoints"],"picked":"LessonLearned","floor":28},{"not_picked":["Alpha","Pray","Perseverance"],"picked":"SKIP","floor":30},{"not_picked":["Pray","FollowUp","DeceiveReality"],"picked":"SKIP","floor":31}],"player_experience":685984,"relics_obtained":[{"floor":6.0,"key":"Bronze Scales"},{"floor":9.0,"key":"Ornamental Fan"},{"floor":13,"key":"Bag of Marbles"},{"floor":23,"key":"Shovel"},{"floor":25,"key":"Nunchaku"},{"floor":26,"key":"Boot"},{"floor":28,"key":"Ice Cream"},{"floor":30,"key":"Eternal Feather"},{"floor":32,"key":"Mercury Hourglass"}],"event_choices":[{"damage_healed":0.0,"max_hp_gain":0.0,"max_hp_loss":0.0,"gold_gain":175.0,"event_name":"Liars Game","player_choice":"AGREE","floor":3.0,"gold_loss":0.0,"damage_taken":0.0,"cards_obtained":["Doubt"]},{"damage_healed":0.0,"max_hp_gain":0.0,"max_hp_loss":0.0,"gold_gain":0.0,"event_name":"Scrap Ooze","player_choice":"Success","floor":7.0,"gold_loss":0.0,"damage_taken":7.0,"relics_obtained":["Pocketwatch"]},{"damage_healed":0.0,"max_hp_gain":0.0,"max_hp_loss":0.0,"gold_gain":75.0,"event_name":"World of Goop","player_choice":"Gather Gold","floor":8.0,"gold_loss":0.0,"damage_taken":11.0},{"cards_removed":["Doubt"],"damage_healed":0.0,"max_hp_gain":0.0,"max_hp_loss":0.0,"gold_gain":0.0,"event_name":"Golden Wing","player_choice":"Card Removal","floor":10.0,"gold_loss":0.0,"damage_taken":7.0},{"cards_removed":["Halt"],"damage_healed":0,"gold_gain":0,"player_choice":"Gave Gold","damage_taken":0,"max_hp_gain":0,"max_hp_loss":0,"event_name":"Beggar","floor":22,"gold_loss":75},{"damage_healed":0,"gold_gain":0,"player_choice":"Ignored","damage_taken":0,"max_hp_gain":0,"max_hp_loss":0,"event_name":"Vampires","floor":24,"gold_loss":0},{"damage_healed":0,"gold_gain":0,"cards_transformed":["SpiritShield","Pray"],"player_choice":"Became Test Subject","damage_taken":0,"max_hp_gain":0,"max_hp_loss":0,"event_name":"Drug Dealer","floor":29,"gold_loss":0,"cards_obtained":["Vengeance","Adaptation"]}],"is_beta":false,"boss_relics":[{"not_picked":["Fusion Hammer","Philosopher\u0027s Stone"],"picked":"Pandora\u0027s Box"}],"items_purged_floors":[19],"is_endless":false,"potions_floor_spawned":[4,6,18,21],"killed_by":"Automaton","ascension_level":1}}