{"host":"g53g9qlo34vrqi92","time":1608619325,"event":{"mods":["Aspiration","Bard","BaseMod","Beaked The Cultist","BetterRewards","Colored Map","Conspire","Energized Spire","Fiend Mod","GifTheSpireLib","Googly Eyes","Gremlin Skip","Halation","Hermit","Hubris","Infinite Spire","Jedi Mod","Minty Spire (QoL Compilation)","Permanent Neow","Quick Restart","Relic Filter","Replay The Spire","Spikes Relics","StSLib","Stuff the Spire","Synergy Search","The Bladedancer","The Bug Knight","The Construct","The Cursed","The Factory","The Forsaken","The Jungle","The Necromancer","The Spell Scribe","The Trickster","Trackpad","slay the spire mod where everything is the same but ironclad has a cowboy hat","vexMod"],"gold_per_floor":[114,126,126,144,163,188,188,188,188,208,208,220,220,230,230,330,330,343,23,23,40,40,68,68,84,109,109,109,120,132,146,146,248,248,266,279,38,38,38,50,70,70,85,85,85,85,85,105,105,122,122,122,122],"floor_reached":52,"playtime":6675,"items_purged":[],"score":705,"play_id":"d4fb8697-7163-40c0-bc53-2d0e5e097b49","local_time":"20201221224205","is_ascension_mode":false,"campfire_choices":[{"floor":8.0,"key":"REST"},{"floor":11.0,"key":"RECALL"},{"floor":15.0,"key":"REST"},{"floor":24.0,"key":"REST"},{"floor":27.0,"key":"REST"},{"floor":32.0,"key":"REST"},{"data":"blademaster:ChargingUp","floor":42,"key":"SMITH"},{"data":"blademaster:EnchantedCuirass","floor":44,"key":"SMITH"},{"data":"blademaster:Havoc","floor":47,"key":"SMITH"},{"floor":51,"key":"REST"}],"circlet_count":0,"master_deck":["blademaster:Strike","blademaster:Strike","blademaster:Strike","blademaster:Strike","blademaster:Defend","blademaster:Defend","blademaster:Defend","blademaster:Defend","blademaster:RagingBlow","blademaster:HighVoltage","blademaster:Stability","blademaster:LeechingStrike","blademaster:DeadlyDance","blademaster:Havoc","blademaster:CullingStrike","blademaster:FuriousStrike","StuffTheSpire:CuriosityCurse","blademaster:FuriousStrike","blademaster:Havoc+1","blademaster:RagingBlow","blademaster:Stability+1","blademaster:WindSlash","Writhe","blademaster:Flurry+1","blademaster:Breeze","blademaster:AncestralHealing","blademaster:DancingEdge","blademaster:WindSlash+1","blademaster:EnchantedCuirass+1","blademaster:Flurry+1","blademaster:RagingBlow","blademaster:ChargingUp+1","blademaster:HighVoltage","blademaster:Safeguard+1","blademaster:AwakeningStrike+1"],"relics":["blademaster:DancersAmulet","aspiration:HatOfInfinitePower","ReplayTheSpireMod:TigerMarble","infinitespire:CursedDice","trackpad:SappingStone","Garlic","CosmicIsotope","Shuriken","Boot","trackpad:AdjectivePendant","HollowMod:PaleOreRelic","vexMod:TanglingVine","theForsaken:Lifeblossom","trackpad:ByrdBGone"],"acts_visited":["Exordium","TheCity","TheBeyond"],"potions_floor_usage":[36,49],"damage_taken":[{"damage":6.0,"enemies":"2 Louse","floor":1.0,"turns":4.0},{"damage":0.0,"enemies":"Small Slimes","floor":2.0,"turns":3.0},{"damage":0.0,"enemies":"Jaw Worm","floor":4.0,"turns":3.0},{"damage":0.0,"enemies":"Looter","floor":5.0,"turns":2.0},{"damage":0.0,"enemies":"Gremlin Nob","floor":6.0,"turns":2.0},{"damage":5.0,"enemies":"Exordium Wildlife","floor":10.0,"turns":4.0},{"damage":7.0,"enemies":"3 Louse","floor":12.0,"turns":5.0},{"damage":4.0,"enemies":"Exordium Thugs","floor":14.0,"turns":3.0},{"damage":34.0,"enemies":"Hexaghost","floor":16.0,"turns":10.0},{"damage":54.0,"enemies":"3 Byrds","floor":18.0,"turns":5.0},{"damage":8.0,"enemies":"Spheric Guardian","floor":21.0,"turns":4.0},{"damage":25.0,"enemies":"Slavers","floor":23.0,"turns":4.0},{"damage":9.0,"enemies":"Centurion and Healer","floor":25.0,"turns":4.0},{"damage":52.0,"enemies":"3 Cultists","floor":29.0,"turns":6.0},{"damage":39.0,"enemies":"Snake Plant","floor":30.0,"turns":4.0},{"damage":0.0,"enemies":"Snecko","floor":31.0,"turns":3.0},{"damage":5.0,"enemies":"Champ","floor":33.0,"turns":7.0},{"damage":7,"enemies":"3 Darklings","floor":35,"turns":3},{"damage":1,"enemies":"3 Shapes","floor":36,"turns":2},{"damage":19,"enemies":"Maw","floor":40,"turns":5},{"damage":10,"enemies":"Sphere and 2 Shapes","floor":41,"turns":4},{"damage":0,"enemies":"Jaw Worm Horde","floor":43,"turns":2},{"damage":4,"enemies":"Transient","floor":48,"turns":5},{"damage":22,"enemies":"3 Darklings","floor":50,"turns":3},{"damage":98,"enemies":"Awakened One","floor":52,"turns":7}],"seed_played":"8433323201632737572","potions_obtained":[{"floor":2.0,"key":"PowerPotion"},{"floor":5.0,"key":"SneckoOil"},{"floor":12.0,"key":"SpeedPotion"},{"floor":14.0,"key":"Energy Potion"},{"floor":21.0,"key":"Reflective Coating"},{"floor":23.0,"key":"Milkshake"},{"floor":25.0,"key":"Block Potion"},{"floor":30.0,"key":"Adrenaline Potion"},{"floor":33.0,"key":"Elixir"},{"floor":36,"key":"Fruit Juice"},{"floor":49,"key":"jedi:mysterypotion"},{"floor":50,"key":"FearPotion"}],"is_trial":false,"path_per_floor":["M","M","?","M","M","E","?","R","T","M","R","M","?","M","R","B",null,"M","$","?","M","?","E","R","M","T","R","?","M","M","M","R","B",null,"M","M","$","PTL","PTL","M","M","R","M","R","T","?","R","M","?","M","R","B"],"character_chosen":"THE_BLADEMASTER","items_purchased":["blademaster:Stability","blademaster:BloodyBlow","Shuriken","blademaster:WindSlash","theForsaken:Lifeblossom","CultistPotion"],"campfire_rested":6,"item_purchase_floors":[0,0,19,19,37,37],"current_hp_per_floor":[53,53,41,44,47,47,47,69,69,64,64,57,57,53,75,44,75,21,21,21,19,19,36,58,55,55,75,75,41,2,8,30,34,75,74,78,78,78,78,67,69,69,78,78,78,78,78,80,80,64,80,0,0],"gold":122,"neow_bonus":"","is_daily":false,"chose_seed":false,"campfire_upgraded":3,"win_rate":0.0,"timestamp":1608619325,"path_taken":["M","M","?","M","M","E","?","R","T","M","R","M","?","M","R","BOSS","M","$","?","M","?","E","R","?","T","R","?","M","?","M","R","BOSS","M","M","$","PTL","PTL","M","M","R","?","R","T","?","R","M","?","?","R","BOSS"],"items_purchased_type":["Card","Card","Relic","Card","Relic","Potion"],"build_version":"2020-12-13","purchased_purges":0,"victory":false,"max_hp_per_floor":[75,75,75,75,75,75,75,75,75,75,75,75,75,75,75,75,75,75,75,75,75,75,75,75,75,75,75,75,75,75,75,75,75,75,75,80,80,80,80,80,80,80,80,80,80,80,80,80,80,80,80,80,80],"card_choices":[{"not_picked":["blademaster:SlyStabs","blademaster:Cut"],"picked":"blademaster:LeechingStrike","floor":1.0},{"not_picked":["blademaster:AirSlash","blademaster:Frontflip"],"picked":"blademaster:DeadlyDance","floor":2.0},{"not_picked":["blademaster:BrainBloom","blademaster:Thrust"],"picked":"blademaster:Havoc","floor":4.0},{"not_picked":["blademaster:Overcharge","blademaster:Sunder"],"picked":"blademaster:CullingStrike","floor":5.0},{"not_picked":["blademaster:BrainBloom","blademaster:CullingStrike"],"picked":"blademaster:FuriousStrike","floor":6.0},{"not_picked":["blademaster:Rupture","blademaster:DeadlyDance"],"picked":"blademaster:FuriousStrike","floor":10.0},{"not_picked":["blademaster:AncestralHealing","blademaster:Hailwind","blademaster:OneTrickPony"],"picked":"SKIP","floor":12.0},{"not_picked":["blademaster:AirSlash","blademaster:AwakeningDefend"],"picked":"blademaster:Havoc","floor":14.0},{"not_picked":["blademaster:Flash","blademaster:FlockOfBlades"],"picked":"blademaster:RagingBlow","floor":16.0},{"not_picked":["blademaster:CullingStrike","blademaster:SlyStabs"],"picked":"blademaster:Stability+1","floor":18.0},{"not_picked":["blademaster:DeadlyDance","blademaster:Thrust+1"],"picked":"blademaster:Flurry+1","floor":21.0},{"not_picked":["blademaster:ParryingStrike","blademaster:Stability"],"picked":"blademaster:Breeze","floor":23.0},{"not_picked":["blademaster:BloodyBlow","blademaster:Quickstep"],"picked":"blademaster:AncestralHealing","floor":25.0},{"not_picked":["blademaster:Thrust","blademaster:Frenzy"],"picked":"blademaster:DancingEdge","floor":29.0},{"not_picked":["blademaster:Thrust","blademaster:Flash"],"picked":"blademaster:WindSlash+1","floor":30.0},{"not_picked":["blademaster:IcyWind+1","blademaster:BrainBloom","blademaster:Safeguard"],"picked":"SKIP","floor":31.0},{"not_picked":["blademaster:FlockOfBlades","blademaster:LightningDraw"],"picked":"blademaster:EnchantedCuirass","floor":33.0},{"not_picked":["blademaster:ChargingUp","blademaster:AwakeningDefend+1"],"picked":"blademaster:Flurry+1","floor":35},{"not_picked":["blademaster:Slice+1","blademaster:Vortex"],"picked":"blademaster:RagingBlow","floor":36},{"not_picked":["blademaster:Quickstep","blademaster:Cut+1"],"picked":"blademaster:ChargingUp","floor":40},{"not_picked":["blademaster:Thrust","blademaster:AncestralHealing"],"picked":"blademaster:HighVoltage","floor":41},{"not_picked":["blademaster:DaggerAndCloak","blademaster:SlyStabs"],"picked":"blademaster:Safeguard+1","floor":43},{"not_picked":["blademaster:Reversal","blademaster:Frontflip+1","blademaster:CombatPrep+1"],"picked":"SKIP","floor":48},{"not_picked":["blademaster:CombatPrep+1","blademaster:ChargingUp+1"],"picked":"blademaster:AwakeningStrike+1","floor":50}],"player_experience":1056698,"relics_obtained":[{"floor":6.0,"key":"infinitespire:CursedDice"},{"floor":6.0,"key":"blademaster:StanceHealPerk"},{"floor":13.0,"key":"Garlic"},{"floor":23.0,"key":"trackpad:AdjectivePendant"},{"floor":23.0,"key":"blademaster:ComboEveryTurnPerk"},{"floor":26.0,"key":"HollowMod:PaleOreRelic"},{"floor":45,"key":"trackpad:ByrdBGone"}],"event_choices":[{"damage_healed":0.0,"max_hp_gain":0.0,"max_hp_loss":0.0,"gold_gain":0.0,"event_name":"Scrap Ooze","player_choice":"Success","floor":3.0,"gold_loss":0.0,"damage_taken":12.0,"relics_obtained":["ReplayTheSpireMod:TigerMarble"]},{"damage_healed":0.0,"max_hp_gain":0.0,"max_hp_loss":0.0,"gold_gain":0.0,"event_name":"The Mausoleum","player_choice":"Opened","floor":20.0,"gold_loss":0.0,"damage_taken":0.0,"relics_obtained":["Boot"],"cards_obtained":["Writhe"]},{"cards_removed":["blademaster:BloodyBlow"],"damage_healed":0,"gold_gain":0,"player_choice":"Removed Attack","damage_taken":0,"max_hp_gain":0,"max_hp_loss":0,"event_name":"Falling","floor":46,"gold_loss":0},{"damage_healed":0,"gold_gain":0,"player_choice":"Got Potions","damage_taken":0,"max_hp_gain":0,"max_hp_loss":0,"event_name":"Lab","floor":49,"gold_loss":0}],"is_beta":false,"boss_relics":[{"not_picked":["ChewingGum","aspiration:FutureDiary"],"picked":"CosmicIsotope"},{"not_picked":["aspiration:ScribeSkillbook","aspiration:RandomNobGenerator"],"picked":"vexMod:TanglingVine"}],"items_purged_floors":[],"is_endless":false,"potions_floor_spawned":[2,5,12,14,21,23,25,30,31,33,36,50],"killed_by":"Awakened One","ascension_level":0}}