{"host":"1qxljlv0g0hslid3","time":1608649606,"event":{"mods":["2.2 Compatiblity","AchievementEnabler","Act Like it!","Astrologer","BaseMod","Beaked The Cultist","BetterRewards","Clawfect","Conspire","Custom Start","Dio Mod","Elementarium","Energized Spire","Googly Eyes","GungeonMod","Hallownest","Hermit","Hero for Fun","Highlight Path","HololiveMod","Hubris","Infinite Spire","Jorbs\u0027s Wanderer Trilogy","Magitek Elite","Marisa????????","Minty Spire (QoL Compilation)","Prisma Mod","Remilia??????","Replay The Spire","Shop Mod","StSLib","The Administrix","The Animator","The Bug Knight","The Cursed","The Death Knight","The Elementalist","The Hierophant","The Jungle","The Necromancer","The Runesmith","The Senshi","The Servant 0.9.4","Wandering Minibosses","everything is the same but u backflip on backflip","slay the spire mod where everything is the same but ironclad has a cowboy hat"],"gold_per_floor":[113,113,113,127,142,168,188,222,222,222,222,222],"floor_reached":11,"playtime":561,"items_purged":[],"score":86,"play_id":"a9757021-9d04-45a8-a877-049adb89ee53","local_time":"20201222090646","is_ascension_mode":true,"campfire_choices":[{"floor":10,"key":"REST"}],"circlet_count":0,"master_deck":["Strike_R","Strike_R","Strike_R","Strike_R","Strike_R","Defend_R","Defend_R","Defend_R","Defend_R","Bash","Heavy Blade","Pommel Strike","Blood for Blood","Blood for Blood"],"relics":["Burning Blood","NeowsBlessing","hubris:Towel","Hallownest:DreamNailRelic","DemoMod:LamentConfigurum","hubris:FunFungus","infinitespire:ShieldingShard"],"acts_visited":["Exordium"],"potions_floor_usage":[8],"damage_taken":[{"damage":3,"enemies":"Hallownest:2_Tiktiks_and_1_Crawlid","floor":1,"turns":2},{"damage":0,"enemies":"Hallownest:2_Baldur","floor":4,"turns":1},{"damage":0,"enemies":"Hallownest:monsterHuskGuard","floor":5,"turns":1},{"damage":41,"enemies":"Hallownest:eliteCrystalGuardian","floor":6,"turns":7},{"damage":19,"enemies":"Hallownest:1_Baldur_1_Crawlid_1_Warrior","floor":7,"turns":6},{"damage":18,"enemies":"Hallownest:eliteMossKnight","floor":8,"turns":10},{"damage":49,"enemies":"Hallownest:eliteCrystalGuardian","floor":11,"turns":3}],"seed_played":"4436709530541230206","potions_obtained":[{"floor":7,"key":"BlessingOfTheForge"}],"is_trial":false,"path_per_floor":["M","?","?","M","M","E","M","E","T","R","E"],"character_chosen":"IRONCLAD","items_purchased":[],"campfire_rested":1,"item_purchase_floors":[],"current_hp_per_floor":[80,80,80,80,80,45,32,20,20,44,0,0],"gold":222,"neow_bonus":"THREE_ENEMY_KILL","is_daily":false,"chose_seed":false,"campfire_upgraded":0,"win_rate":0.0,"timestamp":1608649606,"path_taken":["M","?","?","?","M","E","M","E","T","R","E"],"items_purchased_type":[],"build_version":"2020-12-13","purchased_purges":0,"victory":false,"max_hp_per_floor":[80,80,80,80,80,80,80,80,80,80,80,80],"card_choices":[{"not_picked":["Clothesline","Whirlwind"],"picked":"Heavy Blade","floor":1},{"not_picked":["Sword Boomerang","Shrug It Off"],"picked":"Pommel Strike","floor":4},{"not_picked":["Perfected Strike","Thunderclap"],"picked":"Blood for Blood","floor":5},{"not_picked":["Perfected Strike","Second Wind","Pummel"],"picked":"SKIP","floor":6},{"not_picked":["Sever Soul","conspire:Charge","Rampage"],"picked":"SKIP","floor":7},{"not_picked":["Anger","Seeing Red"],"picked":"Blood for Blood","floor":8}],"player_experience":534995,"relics_obtained":[{"floor":6,"key":"DemoMod:LamentConfigurum"},{"floor":8,"key":"hubris:FunFungus"},{"floor":9,"key":"infinitespire:ShieldingShard"}],"event_choices":[],"is_beta":false,"boss_relics":[],"items_purged_floors":[],"is_endless":false,"potions_floor_spawned":[7],"killed_by":"Hallownest:eliteCrystalGuardian","ascension_level":1}}