{"host":"uua02xqorlefedoe","time":1608599577,"event":{"mods":["AchievementEnabler","BaseMod","Bestiary","Colored Map","DeckTracker","Googly Eyes","Minty Spire (QoL Compilation)","Quick Restart","StSLib"],"gold_per_floor":[118,66,66,20,20,65,77,114,151,189,201,213,225,249,261,371,383,414,436,547,559,559],"floor_reached":21,"playtime":833,"items_purged":[],"score":352,"play_id":"fe64167a-0abd-4708-9101-38a2701c6c42","local_time":"20201222011257","is_ascension_mode":true,"campfire_choices":[{"data":"Zap","floor":7.0,"key":"SMITH"},{"data":"Regret","floor":12.0,"key":"PURGE"},{"floor":15.0,"key":"REST"}],"circlet_count":0,"master_deck":["Strike_B","Strike_B","Strike_B","Defend_B","Defend_B","Defend_B","Defend_B","Zap+1","Dualcast","Beam Cell","Cold Snap","Multi-Cast","Compile Driver","Redo","Self Repair","Melter","Cold Snap","Biased Cognition","Darkness","Steam"],"relics":["Cracked Core","NeowsBlessing","MawBank","WingedGreaves","Emotion Chip","Regal Pillow","Peace Pipe","Question Card","Du-Vu Doll","Black Star"],"acts_visited":["Exordium","TheCity"],"potions_floor_usage":[19],"damage_taken":[{"damage":0.0,"enemies":"Small Slimes","floor":1.0,"turns":1.0},{"damage":0.0,"enemies":"Gremlin Nob","floor":6.0,"turns":1.0},{"damage":0.0,"enemies":"3 Sentries","floor":8.0,"turns":1.0},{"damage":35.0,"enemies":"Lagavulin","floor":10.0,"turns":7.0},{"damage":7.0,"enemies":"2 Louse","floor":14.0,"turns":2.0},{"damage":23.0,"enemies":"The Guardian","floor":16.0,"turns":13.0},{"damage":5,"enemies":"Spheric Guardian","floor":18,"turns":3},{"damage":28,"enemies":"2 Thieves","floor":19,"turns":4},{"damage":64,"enemies":"Masked Bandits","floor":21,"turns":3}],"seed_played":"-7108226196779685179","potions_obtained":[{"floor":16.0,"key":"LiquidMemories"}],"is_trial":false,"path_per_floor":["M","$","?","$","?","E","R","E","T","E","?","R","T","M","R","B",null,"M","M","?","?"],"character_chosen":"DEFECT","items_purchased":["Cold Snap","Compile Driver"],"campfire_rested":1,"item_purchase_floors":[2,4],"current_hp_per_floor":[68,68,68,68,50,50,50,50,50,22,22,22,22,15,52,36,65,67,46,46,0,0],"gold":559,"neow_bonus":"THREE_ENEMY_KILL","is_daily":false,"chose_seed":false,"campfire_upgraded":1,"win_rate":0.0,"timestamp":1608599577,"path_taken":["M","$","?","$","?","E","R","E","T","E","?","R","?","?","R","BOSS","M","M","?","?"],"items_purchased_type":["Card","Card"],"build_version":"2020-12-13","purchased_purges":0,"victory":false,"max_hp_per_floor":[75,75,75,75,75,75,75,75,75,75,75,75,75,75,75,75,75,75,75,75,75,75],"card_choices":[{"not_picked":["Coolheaded","Force Field"],"picked":"Beam Cell","floor":1.0},{"not_picked":["Steam","FTL"],"picked":"Redo","floor":6.0},{"not_picked":["Loop","Rip and Tear"],"picked":"Self Repair","floor":8.0},{"not_picked":["Coolheaded","Sweeping Beam"],"picked":"Melter","floor":10.0},{"not_picked":["Beam Cell","Compile Driver","Redo"],"picked":"Cold Snap","floor":14.0},{"not_picked":["Reboot","Thunder Strike","Rainbow"],"picked":"Biased Cognition","floor":16.0},{"not_picked":["Streamline","Stack","Turbo+1"],"picked":"Darkness","floor":18},{"not_picked":["Streamline+1","Aggregate","Barrage+1"],"picked":"Steam","floor":19}],"player_experience":482265,"relics_obtained":[{"floor":6.0,"key":"WingedGreaves"},{"floor":8.0,"key":"Emotion Chip"},{"floor":9.0,"key":"Regal Pillow"},{"floor":10.0,"key":"Peace Pipe"},{"floor":13.0,"key":"Du-Vu Doll"}],"event_choices":[{"damage_healed":0.0,"max_hp_gain":0.0,"max_hp_loss":0.0,"gold_gain":0.0,"cards_transformed":["Strike_B"],"event_name":"Living Wall","player_choice":"Change","floor":3.0,"gold_loss":0.0,"damage_taken":0.0,"cards_obtained":["Multi-Cast"]},{"damage_healed":0.0,"max_hp_gain":0.0,"max_hp_loss":0.0,"gold_gain":0.0,"event_name":"Scrap Ooze","player_choice":"Success","floor":5.0,"gold_loss":0.0,"damage_taken":18.0,"relics_obtained":["MawBank"]},{"damage_healed":0.0,"max_hp_gain":0.0,"max_hp_loss":0.0,"gold_gain":0.0,"event_name":"Big Fish","player_choice":"Box","floor":11.0,"gold_loss":0.0,"damage_taken":0.0,"relics_obtained":["Question Card"],"cards_obtained":["Regret"]},{"damage_healed":0,"gold_gain":99,"player_choice":"Stole From Cult","damage_taken":0,"max_hp_gain":0,"max_hp_loss":0,"event_name":"Nest","floor":20,"gold_loss":0},{"damage_healed":0,"gold_gain":0,"player_choice":"Fought Bandits","damage_taken":0,"max_hp_gain":0,"max_hp_loss":0,"event_name":"Masked Bandits","floor":21,"gold_loss":0}],"is_beta":false,"boss_relics":[{"not_picked":["Empty Cage","Calling Bell"],"picked":"Black Star"}],"items_purged_floors":[],"is_endless":false,"potions_floor_spawned":[16],"killed_by":"Masked Bandits","ascension_level":9}}