{"host":"95i1gxnztdrdyvhi","time":1608597440,"event":{"mods":["AchievementEnabler","Act Like it!","BaseMod","Minty Spire (QoL Compilation)","Quick Restart","StSLib","The Marked"],"gold_per_floor":[117,133,32,32,44,69,79,113,113,138,154,154,154,165,165,262,262,276,375,408,161,161,187,187,201,228,242,258,290,290,309,309,409,409,429,429,53,63,79,105,123,123,147,167,167,185,35,67,67,67,67,67,31,56,56],"floor_reached":56,"playtime":3269,"items_purged":["theMarked:Strike","theMarked:Defend","theMarked:Defend","theMarked:Strike+1"],"score":1419,"play_id":"9c373ceb-476f-464f-ae3d-cdc918ca86b2","local_time":"20201222003720","is_ascension_mode":false,"campfire_choices":[{"data":"theMarked:Indomitable","floor":15.0,"key":"SMITH"},{"data":"theMarked:BindingBlade","floor":24.0,"key":"SMITH"},{"data":"theMarked:WardOff","floor":30.0,"key":"SMITH"},{"data":"theMarked:WardOff","floor":32.0,"key":"SMITH"},{"data":"theMarked:WardOff","floor":42.0,"key":"SMITH"},{"floor":45.0,"key":"RECALL"},{"data":"theMarked:WardOff","floor":49,"key":"SMITH"},{"data":"theMarked:MuscleMemory","floor":52,"key":"SMITH"}],"circlet_count":0,"master_deck":["theMarked:Defend+1","theMarked:SoldierOfQuellstein+1","theMarked:Indomitable+1","theMarked:EmpowerWeapon","theMarked:WardOff+1","theMarked:RogueSparks+1","theMarked:WardOff+1","theMarked:EnhancedHearing+1","theMarked:WardOff+1","theMarked:BindingBlade+1","theMarked:BindingBlade+1","theMarked:ChainLightning+1","theMarked:TunnelVision+1","theMarked:WardOff+1","theMarked:BindingBlade+1","theMarked:MuscleMemory+1","theMarked:EnhancedHearing+1","theMarked:EnhanceMovement+1","theMarked:ParalyzingBlade+1","theMarked:BindingBlade+1","theMarked:MysticalArsenal+1","theMarked:RogueSparks+1"],"relics":["theMarked:ArtifactOfAir","Matryoshka","Frozen Egg 2","Question Card","Lantern","Pen Nib","Astrolabe","Red Mask","DollysMirror","Mummified Hand","Darkstone Periapt","Bag of Marbles","Juzu Bracelet","Coffee Dripper","Bottled Lightning","Sundial","Nunchaku","Potion Belt","Art of War"],"acts_visited":["Exordium","TheCity","TheBeyond","TheEnding"],"potions_floor_usage":[54,55,55,55,55],"damage_taken":[{"damage":1.0,"enemies":"Jaw Worm","floor":1.0,"turns":3.0},{"damage":2.0,"enemies":"2 Louse","floor":2.0,"turns":2.0},{"damage":0.0,"enemies":"Small Slimes","floor":5.0,"turns":3.0},{"damage":6.0,"enemies":"Lagavulin","floor":6.0,"turns":8.0},{"damage":0.0,"enemies":"2 Fungi Beasts","floor":7.0,"turns":4.0},{"damage":16.0,"enemies":"Gremlin Nob","floor":8.0,"turns":3.0},{"damage":3.0,"enemies":"3 Sentries","floor":10.0,"turns":7.0},{"damage":0.0,"enemies":"Blue Slaver","floor":11.0,"turns":4.0},{"damage":5.0,"enemies":"Red Slaver","floor":14.0,"turns":3.0},{"damage":7.0,"enemies":"Slime Boss","floor":16.0,"turns":10.0},{"damage":0.0,"enemies":"Chosen","floor":18.0,"turns":3.0},{"damage":25.0,"enemies":"Masked Bandits","floor":20.0,"turns":4.0},{"damage":5.0,"enemies":"Book of Stabbing","floor":23.0,"turns":3.0},{"damage":0.0,"enemies":"3 Byrds","floor":25.0,"turns":3.0},{"damage":0.0,"enemies":"Sentry and Sphere","floor":27.0,"turns":3.0},{"damage":0.0,"enemies":"Centurion and Healer","floor":28.0,"turns":3.0},{"damage":0.0,"enemies":"Slavers","floor":29.0,"turns":2.0},{"damage":0.0,"enemies":"Snake Plant","floor":31.0,"turns":2.0},{"damage":0.0,"enemies":"Collector","floor":33.0,"turns":6.0},{"damage":0.0,"enemies":"3 Shapes","floor":35.0,"turns":3.0},{"damage":0.0,"enemies":"3 Darklings","floor":38.0,"turns":7.0},{"damage":3.0,"enemies":"Sphere and 2 Shapes","floor":39.0,"turns":4.0},{"damage":0.0,"enemies":"Reptomancer","floor":40.0,"turns":4.0},{"damage":2.0,"enemies":"Jaw Worm Horde","floor":41.0,"turns":3.0},{"damage":0.0,"enemies":"Transient","floor":44.0,"turns":5.0},{"damage":5,"enemies":"4 Shapes","floor":46,"turns":4},{"damage":0,"enemies":"Giant Head","floor":48,"turns":4},{"damage":22,"enemies":"Donu and Deca","floor":50,"turns":6},{"damage":0,"enemies":"Shield and Spear","floor":54,"turns":3},{"damage":45,"enemies":"The Heart","floor":55,"turns":7}],"seed_played":"-6002614366995100567","potions_obtained":[{"floor":1.0,"key":"Dexterity Potion"},{"floor":2.0,"key":"Strength Potion"},{"floor":11.0,"key":"Ancient Potion"},{"floor":25.0,"key":"Swift Potion"},{"floor":27.0,"key":"Block Potion"},{"floor":28.0,"key":"SmokeBomb"},{"floor":35.0,"key":"EntropicBrew"},{"floor":40.0,"key":"Regen Potion"},{"floor":41.0,"key":"LiquidMemories"}],"is_trial":false,"path_per_floor":["M","M","$","?","M","E","M","E","T","E","M","?","?","M","R","B",null,"M","?","?","$","?","E","R","M","T","M","M","E","R","M","R","B",null,"M","?","$","M","M","E","M","R","T","M","R","M","$","E","R","B",null,"R","$","E","B",null],"character_chosen":"THE_DEFAULT","items_purchased":["theMarked:WardOff","DollysMirror","Bottled Lightning","theMarked:RogueSparks+1"],"campfire_rested":0,"item_purchase_floors":[3,21,37,53],"current_hp_per_floor":[69,67,67,64,64,58,58,42,42,39,39,25,18,13,13,6,70,70,70,45,45,45,40,40,40,40,40,40,40,40,40,40,40,70,70,70,70,70,67,67,65,65,65,65,65,60,60,60,60,38,70,70,70,70,25],"gold":56,"neow_bonus":"UPGRADE_CARD","is_daily":false,"chose_seed":false,"campfire_upgraded":7,"win_rate":0.0,"timestamp":1608597440,"path_taken":["M","M","$","?","M","E","M","E","T","E","M","?","?","M","R","BOSS","M","?","?","$","?","E","R","?","T","M","M","E","R","M","R","BOSS","M","?","$","M","M","E","M","R","T","M","R","M","$","E","R","BOSS","R","$","E","BOSS"],"items_purchased_type":["Card","Relic","Relic","Card"],"build_version":"2020-12-13","purchased_purges":4,"victory":true,"max_hp_per_floor":[70,70,70,70,70,70,70,70,70,70,70,70,70,70,70,70,70,70,70,70,70,70,70,70,70,70,70,70,70,70,70,70,70,70,70,70,70,70,70,70,70,70,70,70,70,70,70,70,70,70,70,70,70,70,70],"card_choices":[{"not_picked":["theMarked:SelfDefenseTraining","theMarked:ShockingTouch"],"picked":"theMarked:Indomitable","floor":1.0},{"not_picked":["theMarked:ElectricStrings","theMarked:ChainLightning"],"picked":"theMarked:EmpowerWeapon","floor":2.0},{"not_picked":["theMarked:ResourceFulStrike","theMarked:SwordAndMagic","theMarked:Static"],"picked":"SKIP","floor":5.0},{"not_picked":["theMarked:MagicAdept+1","theMarked:SwordAndMagic","theMarked:Reabsorb"],"picked":"SKIP","floor":6.0},{"not_picked":["theMarked:HeightenedSenses","theMarked:Overthink"],"picked":"theMarked:RogueSparks+1","floor":7.0},{"not_picked":["theMarked:ElectricStrings","theMarked:ShockingTouch"],"picked":"theMarked:WardOff","floor":8.0},{"not_picked":["theMarked:Levitate","theMarked:ElectricStrings","theMarked:MysticalArsenal+1"],"picked":"theMarked:EnhancedHearing+1","floor":10.0},{"not_picked":["theMarked:BanishingStrike","theMarked:Frustration","theMarked:SelfDefenseTraining"],"picked":"theMarked:WardOff","floor":11.0},{"not_picked":["theMarked:Electrocute","theMarked:BanishingWave","theMarked:Overthink","theMarked:BanishingStrike"],"picked":"SKIP","floor":14.0},{"not_picked":["theMarked:UnarmedFury","theMarked:TurnInvisible","theMarked:Challenge"],"picked":"theMarked:BindingBlade","floor":16.0},{"not_picked":["theMarked:HeightenedSenses","theMarked:Electrocute","theMarked:ElectricStrings","theMarked:Static"],"picked":"SKIP","floor":18.0},{"not_picked":["theMarked:Panic","theMarked:SwordAndMagic","theMarked:ComboAttacks+1"],"picked":"theMarked:WardOff","floor":20.0},{"not_picked":["theMarked:WastefulDefense+1","theMarked:ChannelForce","theMarked:WastefulAttack"],"picked":"theMarked:MuscleMemory","floor":23.0},{"not_picked":["theMarked:KeepCalmAndFightOn","theMarked:Aftermath+1","theMarked:StartUp","theMarked:RepellingDischarge"],"picked":"SKIP","floor":25.0},{"not_picked":["theMarked:Improvise","theMarked:RepellingDischarge","theMarked:Static","theMarked:TwofoldDefense"],"picked":"SKIP","floor":27.0},{"not_picked":["theMarked:WardOff","theMarked:ContemptForTheProud","theMarked:ResourceFulStrike"],"picked":"theMarked:EnhancedHearing+1","floor":28.0},{"not_picked":["theMarked:StartUp","theMarked:Overthink+1","theMarked:WardOff"],"picked":"theMarked:EnhanceMovement+1","floor":29.0},{"not_picked":["theMarked:WastefulAttack","theMarked:ElectricStrings","theMarked:WardOff"],"picked":"theMarked:ParalyzingBlade+1","floor":31.0},{"not_picked":["theMarked:Static","theMarked:Electrify","theMarked:ReduceFriction+1","theMarked:TwofoldDefense+1"],"picked":"SKIP","floor":35.0},{"not_picked":["theMarked:WardOff","theMarked:LightningStrikesTwice+1","theMarked:ResourceFulStrike+1","theMarked:Improvise"],"picked":"SKIP","floor":38.0},{"not_picked":["theMarked:Overcharge","theMarked:WardOff","theMarked:Static+1","theMarked:ContemptForTheProud+1"],"picked":"SKIP","floor":39.0},{"not_picked":["theMarked:Frustration","theMarked:Seal+1","theMarked:Overcharge","theMarked:ElectricStrings+1"],"picked":"SKIP","floor":40.0},{"not_picked":["theMarked:Frustration","theMarked:Seal+1","theMarked:Overcharge","theMarked:ElectricStrings+1"],"picked":"SKIP","floor":40.0},{"not_picked":["theMarked:Panic","theMarked:LightningStrikesTwice","theMarked:ElectricStrings","theMarked:ThrowWeapon"],"picked":"SKIP","floor":41.0},{"not_picked":["theMarked:GodGivenPower+1","theMarked:ParalyzingBlade","theMarked:MysticalArsenal+1","theMarked:Aftermath"],"picked":"SKIP","floor":44.0},{"not_picked":["theMarked:PowerFlow+1","theMarked:Overthink+1","theMarked:Aftermath","theMarked:RepellingDischarge"],"picked":"SKIP","floor":46},{"not_picked":["theMarked:Electrocute+1","theMarked:CreepingChasm+1","theMarked:ResourceFulStrike+1"],"picked":"theMarked:MysticalArsenal+1","floor":48},{"not_picked":["theMarked:Indomitable","theMarked:ElectricStrings","theMarked:Electrify","theMarked:RepellingDischarge"],"picked":"SKIP","floor":54}],"player_experience":659318,"relics_obtained":[{"floor":6.0,"key":"Frozen Egg 2"},{"floor":8.0,"key":"Question Card"},{"floor":9.0,"key":"Lantern"},{"floor":10.0,"key":"Pen Nib"},{"floor":20.0,"key":"Red Mask"},{"floor":23.0,"key":"Mummified Hand"},{"floor":26.0,"key":"Darkstone Periapt"},{"floor":26.0,"key":"Bag of Marbles"},{"floor":29.0,"key":"Juzu Bracelet"},{"floor":40.0,"key":"Sundial"},{"floor":43.0,"key":"Nunchaku"},{"floor":48,"key":"Potion Belt"},{"floor":54,"key":"Art of War"}],"event_choices":[{"damage_healed":0.0,"max_hp_gain":0.0,"max_hp_loss":0.0,"gold_gain":0.0,"event_name":"Scrap Ooze","player_choice":"Success","floor":4.0,"gold_loss":0.0,"damage_taken":3.0,"relics_obtained":["Matryoshka"]},{"damage_healed":0.0,"max_hp_gain":0.0,"max_hp_loss":0.0,"gold_gain":0.0,"event_name":"Shining Light","player_choice":"Entered Light","floor":12.0,"gold_loss":0.0,"damage_taken":14.0,"cards_upgraded":["theMarked:Defend","theMarked:Strike"]},{"cards_removed":["theMarked:Defend"],"damage_healed":0.0,"max_hp_gain":0.0,"max_hp_loss":0.0,"gold_gain":0.0,"event_name":"Golden Wing","player_choice":"Card Removal","floor":13.0,"gold_loss":0.0,"damage_taken":7.0},{"damage_healed":0.0,"max_hp_gain":0.0,"max_hp_loss":0.0,"gold_gain":99.0,"event_name":"Nest","player_choice":"Stole From Cult","floor":19.0,"gold_loss":0.0,"damage_taken":0.0},{"damage_healed":0.0,"max_hp_gain":0.0,"max_hp_loss":0.0,"gold_gain":0.0,"event_name":"Masked Bandits","player_choice":"Fought Bandits","floor":20.0,"gold_loss":0.0,"damage_taken":0.0},{"damage_healed":0.0,"max_hp_gain":0.0,"max_hp_loss":0.0,"gold_gain":0.0,"event_name":"The Woman in Blue","player_choice":"Bought 0 Potions","floor":22.0,"gold_loss":0.0,"damage_taken":0.0},{"damage_healed":0.0,"max_hp_gain":0.0,"max_hp_loss":0.0,"gold_gain":0.0,"event_name":"Duplicator","player_choice":"Copied","floor":36.0,"gold_loss":0.0,"damage_taken":0.0,"cards_obtained":["theMarked:BindingBlade"]}],"is_beta":false,"boss_relics":[{"not_picked":["Snecko Eye","Runic Dome"],"picked":"Astrolabe"},{"not_picked":["theMarked:BronzeBlade","Fusion Hammer"],"picked":"Coffee Dripper"}],"items_purged_floors":[3,21,37,47],"is_endless":false,"potions_floor_spawned":[1,2,11,25,27,28,35,38,40,41],"ascension_level":0}}