{"host":"cyh4fejqtcjbfr7k","time":1608673929,"event":{"mods":["2.2 Compatiblity","AchievementEnabler","BaseMod","Colored Map","Colored Powertips","DeckTracker","Downfall","Googly Eyes","Hubris","Infinite Spire","Minty Spire (QoL Compilation)","Replay The Spire","Shop Mod","StSLib","SuperFastMode","Unceasing Turn Reminder"],"gold_per_floor":[116,133,133,149,164,164,164,164,217,251,251,251,326,326,326,424,424,441,641,654,654,654,654,654,654],"floor_reached":24,"playtime":451,"items_purged":[],"score":221,"play_id":"5e456727-e24d-4ecd-b04b-622870a99c17","local_time":"20201222145209","is_ascension_mode":true,"campfire_choices":[{"data":"Shockwave","floor":6,"key":"SMITH"},{"data":"Entrench","floor":8,"key":"SMITH"},{"floor":11,"key":"REST"},{"floor":15,"key":"REST"},{"floor":23,"key":"REST"}],"circlet_count":0,"master_deck":["Strike_R+1","Strike_R","Strike_R","Strike_R","Strike_R","Defend_R","Defend_R","Defend_R","Defend_R+1","Bash","Shockwave+1","Fire Breathing","Entrench+1","Shrug It Off","Limit Break","Fiend Fire","Dropkick","Limit Break","Decay"],"relics":["Burning Blood","Simple Rune","Juzu Bracelet","hubris:Towel","Mark of Pain"],"acts_visited":["Exordium","TheCity"],"potions_floor_usage":[5,16,18],"damage_taken":[{"damage":0,"enemies":"Cultist","floor":1,"turns":3},{"damage":4,"enemies":"Jaw Worm","floor":2,"turns":4},{"damage":4,"enemies":"Small Slimes","floor":4,"turns":5},{"damage":10,"enemies":"2 Fungi Beasts","floor":5,"turns":4},{"damage":36,"enemies":"Gremlin Nob","floor":10,"turns":5},{"damage":15,"enemies":"Slime Boss","floor":16,"turns":9},{"damage":24,"enemies":"2 Thieves","floor":18,"turns":3},{"damage":35,"enemies":"Shell Parasite","floor":20,"turns":8},{"damage":57,"enemies":"Book of Stabbing","floor":24,"turns":5}],"seed_played":"6688214082295449519","potions_obtained":[{"floor":2,"key":"Strength Potion"},{"floor":4,"key":"ColorlessPotion"},{"floor":16,"key":"AttackPotion"}],"is_trial":false,"path_per_floor":["M","M","?","M","M","R","?","R","T","E","R","?","?","?","R","B",null,"M","?","M","?","?","R","E"],"character_chosen":"IRONCLAD","items_purchased":[],"campfire_rested":3,"item_purchase_floors":[],"current_hp_per_floor":[80,80,80,80,76,76,76,76,76,46,70,70,59,59,80,71,80,62,62,33,33,33,57,0,0],"gold":654,"neow_bonus":"THREE_CARDS","is_daily":false,"chose_seed":false,"campfire_upgraded":2,"win_rate":0.0,"timestamp":1608673929,"path_taken":["M","?","?","M","M","R","?","R","T","E","R","?","?","?","R","BOSS","M","?","M","?","?","R","E"],"items_purchased_type":[],"build_version":"2020-12-13","purchased_purges":0,"victory":false,"max_hp_per_floor":[80,80,80,80,80,80,80,80,80,80,80,80,80,80,80,80,80,80,80,80,80,80,80,80,80],"card_choices":[{"not_picked":["Defy Death","Dark Embrace"],"picked":"Shockwave","floor":0},{"not_picked":["ReplayTheSpireMod:Corrosion Curse","Perfected Strike"],"picked":"Fire Breathing","floor":1},{"not_picked":["True Grit","Exhume","Perfected Strike"],"picked":"SKIP","floor":2},{"not_picked":["hubris:ReadiedAction","Heavy Blade"],"picked":"Entrench","floor":4},{"not_picked":["Dark Embrace","hubris:ReadiedAction"],"picked":"Shrug It Off","floor":5},{"not_picked":["Thunderclap","Flex"],"picked":"Limit Break","floor":10},{"not_picked":["Demonic Infusion","Reaper"],"picked":"Fiend Fire","floor":16},{"not_picked":["Feel No Pain+1","Uppercut"],"picked":"Dropkick","floor":18},{"not_picked":["Clothesline+1","Power Through"],"picked":"Limit Break","floor":20}],"player_experience":603210,"relics_obtained":[{"floor":9,"key":"Simple Rune"},{"floor":10,"key":"Juzu Bracelet"}],"event_choices":[{"damage_healed":0,"gold_gain":0,"player_choice":"Leave","damage_taken":0,"max_hp_gain":0,"max_hp_loss":0,"event_name":"The Cleric","floor":7,"gold_loss":0},{"damage_healed":0,"gold_gain":75,"player_choice":"Gather Gold","damage_taken":11,"max_hp_gain":0,"max_hp_loss":0,"event_name":"World of Goop","floor":13,"gold_loss":0},{"damage_healed":0,"gold_gain":250,"player_choice":"Bet on Owner","damage_taken":0,"max_hp_gain":0,"max_hp_loss":0,"event_name":"The Joust","floor":19,"gold_loss":50},{"damage_healed":0,"gold_gain":0,"player_choice":"Smashed Altar","damage_taken":0,"max_hp_gain":0,"max_hp_loss":0,"event_name":"Forgotten Altar","floor":21,"gold_loss":0,"cards_obtained":["Decay"]}],"is_beta":false,"boss_relics":[{"not_picked":["hubris:ScarierMask","infinitespire:Cupcake"],"picked":"Mark of Pain"}],"items_purged_floors":[],"is_endless":false,"potions_floor_spawned":[2,4,16],"killed_by":"Book of Stabbing","ascension_level":3}}