{"host":"nywveqkgmcsel24b","time":1608642798,"event":{"mods":["2.2 Compatiblity","Astrologer","BaseMod","Colored Map","Conspire","Googly Eyes","Hubris","Minty Spire (QoL Compilation)","Permanent Neow","StSLib","The Cursed","The Poker Player","Unknown Chances"],"gold_per_floor":[111,111,124,53,65,65,96,96,119,145,145,2,2,2],"floor_reached":13,"playtime":454,"items_purged":[],"score":112,"play_id":"3572b870-b0f9-4c61-858e-79c7d31ff892","local_time":"20201222141318","is_ascension_mode":true,"campfire_choices":[{"data":"TheCursedMod:RavingStaff","floor":6,"key":"SMITH"},{"data":"TheCursedMod:LuckyCharm","floor":8,"key":"SMITH"}],"circlet_count":0,"master_deck":["TheCursedMod:Strike_TheCursed","TheCursedMod:Strike_TheCursed","TheCursedMod:Strike_TheCursed","TheCursedMod:Defend_TheCursed","TheCursedMod:Defend_TheCursed","TheCursedMod:Defend_TheCursed","TheCursedMod:Defend_TheCursed","TheCursedMod:CursedWand","TheCursedMod:CleanUpWorkshop","TheCursedMod:Dregs","TheCursedMod:RavingStaff+1","TheCursedMod:DarkBarrier","TheCursedMod:LuckyCharm+1","TheCursedMod:CursedBlade","TheCursedMod:SpitefulPlan","TheCursedMod:SmokeScreen"],"relics":["TheCursedMod:BlackMagic101","hubris:Zylophone","Nunchaku","hubris:DeckOfHolding","conspire:TreasureMap"],"acts_visited":["Exordium"],"potions_floor_usage":[7,10,11],"damage_taken":[{"damage":0,"enemies":"2 Louse","floor":1,"turns":3},{"damage":1,"enemies":"Jaw Worm","floor":3,"turns":5},{"damage":8,"enemies":"Small Slimes","floor":5,"turns":3},{"damage":25,"enemies":"Gremlin Nob","floor":7,"turns":5},{"damage":24,"enemies":"3 Sentries","floor":10,"turns":10},{"damage":4,"enemies":"Exordium Thugs","floor":11,"turns":5},{"damage":35,"enemies":"Gremlin Nob","floor":13,"turns":4}],"seed_played":"1447726571870049980","potions_obtained":[{"floor":0,"key":"SmokeBomb"},{"floor":0,"key":"SkillPotion"},{"floor":0,"key":"Block Potion"}],"is_trial":false,"path_per_floor":["M","?","M","$","M","R","E","R","T","E","M","$","E"],"character_chosen":"THE_CURSED","items_purchased":["TheCursedMod:LuckyCharm","conspire:TreasureMap"],"campfire_rested":0,"item_purchase_floors":[4,12],"current_hp_per_floor":[75,75,74,74,66,66,41,41,41,17,13,13,0,0],"gold":2,"neow_bonus":"THREE_SMALL_POTIONS","is_daily":false,"chose_seed":false,"campfire_upgraded":2,"win_rate":0.0,"timestamp":1608642798,"path_taken":["M","?","M","?","M","R","E","R","T","E","?","$","E"],"items_purchased_type":["Card","Relic"],"build_version":"2020-12-13","purchased_purges":0,"victory":false,"max_hp_per_floor":[75,75,75,75,75,75,75,75,75,75,75,75,75,75],"card_choices":[{"not_picked":["TheCursedMod:Wield","TheCursedMod:SurpriseAttack"],"picked":"TheCursedMod:RavingStaff","floor":1},{"not_picked":["TheCursedMod:CircleOfAmplification","TheCursedMod:Torture","TheCursedMod:SpitefulStrike"],"picked":"SKIP","floor":3},{"not_picked":["TheCursedMod:HellfireBreathing","TheCursedMod:FleshFromBone"],"picked":"TheCursedMod:CursedBlade","floor":5},{"not_picked":["TheCursedMod:Obscuration","TheCursedMod:Stretching"],"picked":"TheCursedMod:SpitefulPlan","floor":7},{"not_picked":["TheCursedMod:CursedArmor","TheCursedMod:CircleOfBlood"],"picked":"TheCursedMod:SmokeScreen","floor":10}],"player_experience":453179,"relics_obtained":[{"floor":7,"key":"hubris:Zylophone"},{"floor":9,"key":"Nunchaku"},{"floor":10,"key":"hubris:DeckOfHolding"}],"event_choices":[{"damage_healed":0,"gold_gain":0,"cards_transformed":["TheCursedMod:Strike_TheCursed"],"player_choice":"Transformed","damage_taken":0,"max_hp_gain":0,"max_hp_loss":0,"event_name":"Transmorgrifier","floor":2,"gold_loss":0,"cards_obtained":["TheCursedMod:DarkBarrier"]}],"is_beta":false,"boss_relics":[],"items_purged_floors":[],"is_endless":false,"potions_floor_spawned":[3],"killed_by":"Gremlin Nob","ascension_level":4}}