{"host":"zxkjcgzis4pm3za5","time":1608614707,"event":{"mods":["AchievementEnabler","BaseMod","Colored Map","Colored Powertips","Minty Spire (QoL Compilation)","Quick Restart","RNG Fix","Random Character Button","StSLib"],"gold_per_floor":[211,223,398,289,289,289,322,335,386,386,416,178,188,200,200,297,297,308,308,321,340,360,392,392,392,392,392,392,417,428,455,455,557,557,569,587,607,962,408,408,437,437,437,447,458,66,95,95,95,95,95,95,23,49,49,49],"floor_reached":55,"playtime":2595,"items_purged":["Doubt","Strike_G","Shame","Shame"],"score":1203,"play_id":"566feee2-8e31-4125-9de0-7b7d3f7ddfab","local_time":"20201222105507","is_ascension_mode":true,"campfire_choices":[{"data":"Cloak And Dagger","floor":6,"key":"SMITH"},{"data":"Blade Dance","floor":10,"key":"SMITH"},{"data":"Footwork","floor":15,"key":"SMITH"},{"floor":24,"key":"REST"},{"data":"Adrenaline","floor":28,"key":"SMITH"},{"data":"Cloak And Dagger","floor":32,"key":"SMITH"},{"floor":40,"key":"RECALL"},{"data":"Burst","floor":42,"key":"SMITH"},{"data":"Doppelganger","floor":49,"key":"SMITH"},{"data":"Accuracy","floor":52,"key":"SMITH"}],"circlet_count":0,"master_deck":["Strike_G","Strike_G","Strike_G","Strike_G","Defend_G","Defend_G","Defend_G","Defend_G","Defend_G","Survivor","Neutralize","Dash","Cloak And Dagger+1","Accuracy+1","Blade Dance+1","Well Laid Plans","Adrenaline+1","Footwork+1","Backflip","Doppelganger+1","Deflect","PiercingWail","Cloak And Dagger+1","Dodge and Roll","Burst+1","Leg Sweep+1","Endless Agony","Skewer+1","Master of Strategy","PiercingWail","Injury","Acrobatics+1","Slice+1","Backstab+1","Blur+1"],"relics":["Ring of the Serpent","Shuriken","Eternal Feather","Cursed Key","Incense Burner","MutagenicStrength","HornCleat","StrikeDummy","Tough Bandages","Bottled Flame","Old Coin","InkBottle","Toy Ornithopter","Darkstone Periapt","Ninja Scroll","Omamori","Pen Nib"],"acts_visited":["Exordium","TheCity","TheBeyond","TheEnding"],"potions_floor_usage":[14,21,31,38,45,47,55,55,55],"damage_taken":[{"damage":0,"enemies":"2 Louse","floor":1,"turns":3},{"damage":0,"enemies":"Cultist","floor":2,"turns":4},{"damage":22,"enemies":"3 Sentries","floor":7,"turns":9},{"damage":1,"enemies":"Jaw Worm","floor":8,"turns":3},{"damage":11,"enemies":"Gremlin Nob","floor":11,"turns":4},{"damage":0,"enemies":"Gremlin Gang","floor":13,"turns":3},{"damage":0,"enemies":"Lots of Slimes","floor":14,"turns":3},{"damage":9,"enemies":"The Guardian","floor":16,"turns":8},{"damage":0,"enemies":"Shell Parasite","floor":18,"turns":3},{"damage":1,"enemies":"3 Byrds","floor":20,"turns":3},{"damage":0,"enemies":"Centurion and Healer","floor":21,"turns":5},{"damage":22,"enemies":"3 Cultists","floor":22,"turns":6},{"damage":43,"enemies":"Slavers","floor":23,"turns":10},{"damage":0,"enemies":"Book of Stabbing","floor":29,"turns":5},{"damage":1,"enemies":"Chosen and Byrds","floor":30,"turns":7},{"damage":15,"enemies":"Gremlin Leader","floor":31,"turns":5},{"damage":14,"enemies":"Champ","floor":33,"turns":9},{"damage":0,"enemies":"Orb Walker","floor":35,"turns":4},{"damage":1,"enemies":"3 Shapes","floor":36,"turns":5},{"damage":10,"enemies":"Jaw Worm Horde","floor":37,"turns":4},{"damage":9,"enemies":"2 Orb Walkers","floor":38,"turns":6},{"damage":5,"enemies":"Giant Head","floor":41,"turns":6},{"damage":1,"enemies":"4 Shapes","floor":44,"turns":6},{"damage":34,"enemies":"Writhing Mass","floor":45,"turns":8},{"damage":3,"enemies":"Nemesis","floor":47,"turns":5},{"damage":32,"enemies":"Donu and Deca","floor":50,"turns":8},{"damage":3,"enemies":"Shield and Spear","floor":54,"turns":6},{"damage":79,"enemies":"The Heart","floor":55,"turns":5}],"seed_played":"-4954451722484013198","potions_obtained":[{"floor":7,"key":"Dexterity Potion"},{"floor":8,"key":"Regen Potion"},{"floor":11,"key":"Fire Potion"},{"floor":18,"key":"ColorlessPotion"},{"floor":20,"key":"Strength Potion"},{"floor":22,"key":"CultistPotion"},{"floor":31,"key":"Weak Potion"},{"floor":38,"key":"Weak Potion"},{"floor":45,"key":"Regen Potion"}],"is_trial":false,"path_per_floor":["M","M","?","$","?","R","E","M","T","R","E","$","M","M","R","B",null,"M","?","M","M","M","E","R","?","T","T","R","E","M","E","R","B",null,"M","M","M","?","$","R","E","R","T","M","M","$","E","?","R","B",null,"R","$","E","B"],"character_chosen":"THE_SILENT","items_purchased":["Accuracy","Adrenaline","Master of Strategy","InkBottle","Ninja Scroll","LiquidBronze"],"campfire_rested":1,"item_purchase_floors":[4,12,39,39,46,53],"current_hp_per_floor":[63,63,63,63,63,63,41,40,40,40,29,29,29,29,38,29,60,60,60,59,70,48,5,38,38,38,38,53,53,52,37,52,38,62,62,61,51,42,42,60,55,70,70,69,36,36,52,52,70,38,62,70,70,67,0,0],"gold":49,"neow_bonus":"HUNDRED_GOLD","is_daily":false,"chose_seed":false,"campfire_upgraded":8,"win_rate":0.0,"timestamp":1608614707,"path_taken":["M","M","?","$","?","R","E","M","T","R","E","?","?","?","R","BOSS","M","?","M","M","M","E","R","?","T","?","R","E","M","E","R","BOSS","M","?","M","?","$","R","E","R","T","M","M","$","E","?","R","BOSS","R","$","E","BOSS"],"items_purchased_type":["Card","Card","Card","Relic","Relic","Potion"],"build_version":"2020-12-13","purchased_purges":4,"victory":false,"max_hp_per_floor":[70,70,70,70,70,70,70,70,70,70,70,70,70,70,70,70,70,70,70,70,70,70,70,70,70,70,70,70,70,70,70,70,70,70,70,70,70,70,70,70,70,70,70,70,70,70,70,70,70,70,70,70,70,70,70,70],"card_choices":[{"not_picked":["Predator","Leg Sweep"],"picked":"Dash","floor":1},{"not_picked":["Deadly Poison","Deflect"],"picked":"Cloak And Dagger","floor":2},{"not_picked":["Backflip","Slice"],"picked":"Blade Dance","floor":7},{"not_picked":["Underhanded Strike","Venomology","Quick Slash"],"picked":"SKIP","floor":8},{"not_picked":["Deadly Poison","Prepared"],"picked":"Well Laid Plans","floor":11},{"not_picked":["Bane","Predator"],"picked":"Footwork","floor":13},{"not_picked":["Bouncing Flask","Deadly Poison"],"picked":"Backflip","floor":14},{"not_picked":["Unload","Storm of Steel"],"picked":"Doppelganger","floor":16},{"not_picked":["Underhanded Strike","Bane","Distraction"],"picked":"SKIP","floor":18},{"not_picked":["Setup","Sucker Punch"],"picked":"Deflect","floor":20},{"not_picked":["Backflip","Quick Slash+1"],"picked":"PiercingWail","floor":21},{"not_picked":["Skewer+1","Outmaneuver"],"picked":"Cloak And Dagger","floor":22},{"not_picked":["Deflect","Deadly Poison","Corpse Explosion"],"picked":"SKIP","floor":23},{"not_picked":["Endless Agony+1","Deflect"],"picked":"Dodge and Roll","floor":29},{"not_picked":["Flying Knee","Prepared","Sucker Punch+1"],"picked":"SKIP","floor":30},{"not_picked":["Crippling Poison","Sucker Punch"],"picked":"Infinite Blades","floor":31},{"not_picked":["Bullet Time","Envenom"],"picked":"Burst","floor":33},{"not_picked":["Deflect+1","Slice"],"picked":"Leg Sweep+1","floor":35},{"not_picked":["Dagger Spray","Underhanded Strike"],"picked":"Endless Agony","floor":36},{"not_picked":["Crippling Poison","Dagger Spray","Deflect"],"picked":"SKIP","floor":37},{"not_picked":["Poisoned Stab+1","Deflect"],"picked":"Skewer+1","floor":38},{"not_picked":["Underhanded Strike","Eviscerate+1"],"picked":"PiercingWail","floor":41},{"not_picked":["Dagger Throw+1","Glass Knife"],"picked":"Acrobatics+1","floor":44},{"not_picked":["Quick Slash","Distraction+1"],"picked":"Slice+1","floor":45},{"not_picked":["Heel Hook","Deadly Poison+1"],"picked":"Backstab+1","floor":47},{"not_picked":["A Thousand Cuts","Dagger Spray+1"],"picked":"Blur+1","floor":54}],"player_experience":128414,"relics_obtained":[{"floor":7,"key":"Shuriken"},{"floor":11,"key":"Eternal Feather"},{"floor":23,"key":"Incense Burner"},{"floor":26,"key":"HornCleat"},{"floor":27,"key":"StrikeDummy"},{"floor":29,"key":"Tough Bandages"},{"floor":31,"key":"Bottled Flame"},{"floor":38,"key":"Old Coin"},{"floor":41,"key":"Toy Ornithopter"},{"floor":43,"key":"Darkstone Periapt"},{"floor":47,"key":"Omamori"},{"floor":54,"key":"Pen Nib"}],"event_choices":[{"damage_healed":0,"gold_gain":175,"player_choice":"AGREE","damage_taken":0,"max_hp_gain":0,"max_hp_loss":0,"event_name":"Liars Game","floor":3,"gold_loss":0,"cards_obtained":["Doubt"]},{"damage_healed":0,"gold_gain":0,"player_choice":"Bought 0 Potions","damage_taken":0,"max_hp_gain":0,"max_hp_loss":0,"event_name":"The Woman in Blue","floor":5,"gold_loss":0},{"damage_healed":0,"gold_gain":0,"player_choice":"Ignored","damage_taken":0,"max_hp_gain":0,"max_hp_loss":0,"event_name":"Vampires","floor":19,"gold_loss":0},{"damage_healed":0,"gold_gain":0,"player_choice":"Inject Mutagens","damage_taken":0,"relics_obtained":["MutagenicStrength"],"max_hp_gain":0,"max_hp_loss":0,"event_name":"Drug Dealer","floor":25,"gold_loss":0},{"damage_healed":0,"gold_gain":0,"player_choice":"Fight","damage_taken":0,"max_hp_gain":0,"max_hp_loss":0,"event_name":"Mysterious Sphere","floor":38,"gold_loss":0},{"cards_removed":["Infinite Blades"],"damage_healed":0,"gold_gain":0,"player_choice":"Removed Power","damage_taken":0,"max_hp_gain":0,"max_hp_loss":0,"event_name":"Falling","floor":48,"gold_loss":0}],"is_beta":false,"boss_relics":[{"not_picked":["Calling Bell","Astrolabe"],"picked":"Cursed Key"},{"not_picked":["Pandora\u0027s Box","Velvet Choker"],"picked":"Ring of the Serpent"}],"items_purged_floors":[4,12,39,46],"is_endless":false,"potions_floor_spawned":[7,8,11,18,20,22,31,38,44,45],"killed_by":"The Heart","ascension_level":9}}