{"host":"vumwfieg2b2mnrfl","time":1608667209,"event":{"mods":["AchievementEnabler","BaseMod","Minty Spire (QoL Compilation)","Rare Cards Sparkle","Relic Stats"],"gold_per_floor":[359,329,132,151,167,167,186,203,285,310,310,345,345,384,384,498,507,539,551,563,351,266,305,305,334,361,361,361],"floor_reached":27,"playtime":885,"items_purged":[],"score":374,"play_id":"c6242b1d-c897-459d-a49e-38794b64e460","local_time":"20201222140009","is_ascension_mode":true,"campfire_choices":[{"data":"Zap","floor":6,"key":"SMITH"},{"data":"Lockon","floor":11,"key":"SMITH"},{"floor":13,"key":"REST"},{"floor":15,"key":"REST"},{"floor":24,"key":"REST"}],"circlet_count":0,"master_deck":["Strike_B","Strike_B","Strike_B","Strike_B","Defend_B","Defend_B","Defend_B","Defend_B","Zap+1","Dualcast","Clumsy","Conserve Battery","Ball Lightning","Skim","Rebound","Steam","Lockon+1","Chaos","Conserve Battery","Core Surge","CurseOfTheBell","Sweeping Beam+1","Lockon","Self Repair","Compile Driver+1","Self Repair+1","Skim+1","Consume+1"],"relics":["Cracked Core","Blood Vial","Blue Candle","TungstenRod","CeramicFish","Regal Pillow","Calling Bell","MawBank","Kunai","Girya","Orrery","Toy Ornithopter","Toxic Egg 2","PreservedInsect","Boot"],"acts_visited":["Exordium","TheCity"],"potions_floor_usage":[10,12,23,25,27],"damage_taken":[{"damage":4,"enemies":"Jaw Worm","floor":1,"turns":4},{"damage":0,"enemies":"Cultist","floor":4,"turns":2},{"damage":0,"enemies":"2 Louse","floor":5,"turns":2},{"damage":7,"enemies":"2 Fungi Beasts","floor":7,"turns":3},{"damage":0,"enemies":"Large Slime","floor":8,"turns":3},{"damage":24,"enemies":"3 Sentries","floor":10,"turns":8},{"damage":17,"enemies":"Gremlin Nob","floor":12,"turns":3},{"damage":13,"enemies":"3 Sentries","floor":14,"turns":7},{"damage":19,"enemies":"The Guardian","floor":16,"turns":9},{"damage":17,"enemies":"Spheric Guardian","floor":18,"turns":4},{"damage":32,"enemies":"Gremlin Leader","floor":23,"turns":6},{"damage":53,"enemies":"Slavers","floor":25,"turns":7},{"damage":53,"enemies":"Gremlin Leader","floor":27,"turns":4}],"seed_played":"-3422696908166156533","potions_obtained":[{"floor":1,"key":"Explosive Potion"},{"floor":2,"key":"Swift Potion"},{"floor":2,"key":"BlessingOfTheForge"},{"floor":10,"key":"SkillPotion"},{"floor":14,"key":"DuplicationPotion"},{"floor":23,"key":"BlessingOfTheForge"}],"is_trial":false,"path_per_floor":["M","?","$","M","M","R","M","M","T","E","R","E","R","E","R","B",null,"M","?","?","$","?","E","R","E","T","E"],"character_chosen":"DEFECT","items_purchased":["Ball Lightning","Blood Vial","Lockon","Self Repair","Orrery"],"campfire_rested":3,"item_purchase_floors":[3,3,21,21,21],"current_hp_per_floor":[64,64,64,66,68,68,63,65,65,43,43,28,50,39,75,56,70,55,55,43,43,43,35,72,43,43,0,0],"gold":361,"neow_bonus":"TWO_FIFTY_GOLD","is_daily":false,"chose_seed":false,"campfire_upgraded":2,"win_rate":0.0,"timestamp":1608667209,"path_taken":["M","?","$","?","M","R","?","M","T","E","R","E","R","E","R","BOSS","M","?","?","$","?","E","R","E","T","E"],"items_purchased_type":["Card","Relic","Card","Card","Relic"],"build_version":"2020-12-13","purchased_purges":0,"victory":false,"max_hp_per_floor":[75,75,75,75,75,75,75,75,75,75,75,75,75,75,75,75,75,75,75,75,75,75,75,75,75,75,75,75],"relic_stats":{"Blood Vial":22,"Regal Pillow":29,"counters":[13,62],"Blue Candle":[0],"CeramicFish":99,"PreservedInsect":47,"Kunai":[4],"MawBank":48,"Boot":[4],"obtain_stats":[{"Girya":17,"Regal Pillow":14,"Blue Candle":9,"CeramicFish":12,"PreservedInsect":25,"MawBank":17,"Boot":26,"Blood Vial":3,"Calling Bell":17,"Orrery":21,"Kunai":17,"Toxic Egg 2":23,"Cracked Core":0,"TungstenRod":10,"Toy Ornithopter":22},{"Girya":9,"Regal Pillow":8,"Blue Candle":5,"CeramicFish":7,"PreservedInsect":12,"MawBank":9,"Boot":12,"Blood Vial":1,"Calling Bell":9,"Orrery":10,"Kunai":9,"Toxic Egg 2":11,"Cracked Core":0,"TungstenRod":6,"Toy Ornithopter":10},{"Girya":41,"Regal Pillow":32,"Blue Candle":14,"CeramicFish":25,"PreservedInsect":58,"MawBank":41,"Boot":58,"Blood Vial":4,"Calling Bell":41,"Orrery":45,"Kunai":41,"Toxic Egg 2":51,"Cracked Core":0,"TungstenRod":22,"Toy Ornithopter":45}],"TungstenRod":36,"Toy Ornithopter":15},"card_choices":[{"not_picked":["BootSequence","Sweeping Beam"],"picked":"Conserve Battery","floor":1},{"not_picked":["Recycle","Stack","Tempest"],"picked":"SKIP","floor":4},{"not_picked":["Hello World","Tempest"],"picked":"Skim","floor":5},{"not_picked":["Turbo","Go for the Eyes"],"picked":"Rebound","floor":7},{"not_picked":["Double Energy","Beam Cell"],"picked":"Steam","floor":8},{"not_picked":["Blizzard","Core Surge"],"picked":"Lockon","floor":10},{"not_picked":["Compile Driver","Streamline"],"picked":"Chaos","floor":12},{"not_picked":["Rebound","Skim"],"picked":"Conserve Battery","floor":14},{"not_picked":["Machine Learning","Buffer"],"picked":"Core Surge","floor":16},{"not_picked":["Redo","Storm"],"picked":"Sweeping Beam+1","floor":18},{"not_picked":["Streamline","Rip and Tear"],"picked":"Compile Driver+1","floor":21},{"not_picked":["Chill","Steam"],"picked":"Self Repair+1","floor":21},{"not_picked":["Compile Driver","BootSequence"],"picked":"Skim+1","floor":21},{"not_picked":["Turbo+1","Redo+1"],"picked":"Consume+1","floor":23},{"not_picked":["Go for the Eyes+1","Redo+1","Consume+1"],"picked":"SKIP","floor":25}],"player_experience":288874,"relics_obtained":[{"floor":9,"key":"Blue Candle"},{"floor":10,"key":"TungstenRod"},{"floor":12,"key":"CeramicFish"},{"floor":14,"key":"Regal Pillow"},{"floor":17,"key":"MawBank"},{"floor":17,"key":"Kunai"},{"floor":17,"key":"Girya"},{"floor":23,"key":"Toxic Egg 2"},{"floor":25,"key":"PreservedInsect"},{"floor":26,"key":"Boot"}],"event_choices":[{"damage_healed":0,"gold_gain":0,"player_choice":"Bought 2 Potions","damage_taken":0,"max_hp_gain":0,"max_hp_loss":0,"event_name":"The Woman in Blue","floor":2,"gold_loss":0},{"damage_healed":0,"gold_gain":0,"player_choice":"Ignored","damage_taken":0,"max_hp_gain":0,"max_hp_loss":0,"event_name":"Ghosts","floor":19,"gold_loss":0},{"damage_healed":0,"gold_gain":0,"player_choice":"Obtained Book","damage_taken":16,"max_hp_gain":0,"max_hp_loss":0,"event_name":"Cursed Tome","floor":20,"gold_loss":0},{"damage_healed":0,"gold_gain":0,"player_choice":"Obtained Relic","damage_taken":0,"relics_obtained":["Toy Ornithopter"],"max_hp_gain":0,"max_hp_loss":0,"event_name":"Addict","floor":22,"gold_loss":85}],"is_beta":false,"boss_relics":[{"not_picked":["Busted Crown","Pandora\u0027s Box"],"picked":"Calling Bell"}],"items_purged_floors":[],"is_endless":false,"potions_floor_spawned":[1,10,14,16,23],"killed_by":"Gremlin Leader","ascension_level":8}}