{"host":"jksa5rawk3m4gilz","time":1608637488,"event":{"mods":["BaseMod","Colored Map","Highlight Path","Minty Spire (QoL Compilation)","Quick Restart"],"gold_per_floor":[116,116,134,134,153,182,182,211,238,250,250,250,264,294,294,370,370,386,429,464,54,54,54],"floor_reached":22,"playtime":830,"items_purged":["Strike_P"],"score":419,"play_id":"d1d0af2d-0a6b-4e3e-8e28-9cbd913c5201","local_time":"20201222124448","is_ascension_mode":true,"campfire_choices":[{"data":"TalkToTheHand","floor":7,"key":"SMITH"},{"data":"ClearTheMind","floor":12,"key":"SMITH"},{"data":"Devotion","floor":15,"key":"SMITH"}],"circlet_count":0,"master_deck":["AscendersBane","Strike_P","Strike_P","Defend_P","Defend_P","Defend_P","Defend_P","Eruption+1","Vigilance","Weave","BattleHymn","TalkToTheHand+1","JustLucky","ConjureBlade","ClearTheMind+1","EmptyMind","Crescendo","FlurryOfBlows","Devotion+1","Wish","FlyingSleeves+1","FlurryOfBlows","MentalFortress","ClearTheMind","Consecrate+1","WaveOfTheHand"],"relics":["PureWater","NeowsBlessing","Smiling Mask","Vajra","Prayer Wheel","Anchor","Juzu Bracelet","Black Star","Red Mask","Du-Vu Doll"],"acts_visited":["Exordium","TheCity"],"potions_floor_usage":[8,8,19,22],"damage_taken":[{"damage":0,"enemies":"2 Louse","floor":1,"turns":2},{"damage":0,"enemies":"Cultist","floor":3,"turns":1},{"damage":0,"enemies":"Jaw Worm","floor":5,"turns":1},{"damage":0,"enemies":"Gremlin Nob","floor":6,"turns":3},{"damage":0,"enemies":"Lagavulin","floor":8,"turns":4},{"damage":0,"enemies":"2 Fungi Beasts","floor":10,"turns":2},{"damage":0,"enemies":"3 Louse","floor":13,"turns":3},{"damage":5,"enemies":"3 Sentries","floor":14,"turns":4},{"damage":33,"enemies":"Hexaghost","floor":16,"turns":5},{"damage":7,"enemies":"Chosen","floor":18,"turns":4},{"damage":3,"enemies":"3 Byrds","floor":19,"turns":3},{"damage":50,"enemies":"Masked Bandits","floor":20,"turns":4},{"damage":7,"enemies":"3 Cultists","floor":22,"turns":3}],"seed_played":"2752965498033710020","potions_obtained":[{"floor":1,"key":"SmokeBomb"},{"floor":6,"key":"SkillPotion"},{"floor":8,"key":"Fruit Juice"},{"floor":16,"key":"SkillPotion"},{"floor":18,"key":"EssenceOfSteel"},{"floor":20,"key":"Energy Potion"}],"is_trial":false,"path_per_floor":["M","?","M","?","M","E","R","E","T","M","?","R","M","E","R","B",null,"M","M","?","$","M"],"character_chosen":"WATCHER","items_purchased":["Du-Vu Doll","WaveOfTheHand"],"campfire_rested":0,"item_purchase_floors":[21,21],"current_hp_per_floor":[65,65,65,62,62,62,62,67,67,67,67,67,67,62,62,29,65,58,55,5,5,0,0],"gold":54,"neow_bonus":"THREE_ENEMY_KILL","is_daily":false,"chose_seed":false,"campfire_upgraded":3,"win_rate":0.0,"timestamp":1608637488,"path_taken":["M","?","?","?","M","E","R","E","T","M","?","R","M","E","R","BOSS","M","M","?","$","M"],"items_purchased_type":["Relic","Card"],"build_version":"2020-12-13","purchased_purges":1,"victory":false,"max_hp_per_floor":[72,72,72,72,72,72,72,77,77,77,77,77,77,77,77,77,77,77,77,77,77,77,77],"card_choices":[{"not_picked":["Evaluate","ThirdEye"],"picked":"Weave","floor":1},{"not_picked":["Perseverance","EmptyBody"],"picked":"BattleHymn","floor":3},{"not_picked":["Protect","SandsOfTime"],"picked":"TalkToTheHand","floor":5},{"not_picked":["Tantrum","ForeignInfluence"],"picked":"JustLucky","floor":6},{"not_picked":["EmptyMind","Crescendo"],"picked":"ConjureBlade","floor":8},{"not_picked":["WreathOfFlame","Protect"],"picked":"ClearTheMind","floor":10},{"not_picked":["Evaluate","Protect","Fasting2"],"picked":"SKIP","floor":10},{"not_picked":["SandsOfTime","WheelKick"],"picked":"Crescendo","floor":13},{"not_picked":["EmptyFist","Adaptation"],"picked":"FlurryOfBlows","floor":13},{"not_picked":["Evaluate","Swivel"],"picked":"Devotion","floor":14},{"not_picked":["Omniscience","Ragnarok"],"picked":"Wish","floor":16},{"not_picked":["FollowUp+1","MentalFortress"],"picked":"FlyingSleeves+1","floor":18},{"not_picked":["Crescendo","EmptyFist+1"],"picked":"FlurryOfBlows","floor":18},{"not_picked":["FlurryOfBlows","Nirvana"],"picked":"MentalFortress","floor":19},{"not_picked":["ReachHeaven","Consecrate"],"picked":"ClearTheMind","floor":19},{"not_picked":["JustLucky","Weave"],"picked":"Consecrate+1","floor":20}],"player_experience":2052616,"relics_obtained":[{"floor":6,"key":"Vajra"},{"floor":8,"key":"Prayer Wheel"},{"floor":9,"key":"Anchor"},{"floor":14,"key":"Juzu Bracelet"},{"floor":20,"key":"Red Mask"}],"event_choices":[{"damage_healed":0,"gold_gain":0,"player_choice":"Upgraded","damage_taken":0,"max_hp_gain":0,"max_hp_loss":0,"event_name":"Upgrade Shrine","floor":2,"gold_loss":0,"cards_upgraded":["Eruption"]},{"damage_healed":0,"gold_gain":0,"player_choice":"Success","damage_taken":3,"relics_obtained":["Smiling Mask"],"max_hp_gain":0,"max_hp_loss":0,"event_name":"Scrap Ooze","floor":4,"gold_loss":0},{"damage_healed":0,"gold_gain":0,"cards_transformed":["Strike_P"],"player_choice":"Change","damage_taken":0,"max_hp_gain":0,"max_hp_loss":0,"event_name":"Living Wall","floor":11,"gold_loss":0,"cards_obtained":["EmptyMind"]},{"damage_healed":0,"gold_gain":0,"player_choice":"Fought Bandits","damage_taken":0,"max_hp_gain":0,"max_hp_loss":0,"event_name":"Masked Bandits","floor":20,"gold_loss":0}],"is_beta":false,"boss_relics":[{"not_picked":["Ectoplasm","Sozu"],"picked":"Black Star"}],"items_purged_floors":[21],"is_endless":false,"potions_floor_spawned":[1,6,8,16,18,20],"killed_by":"3 Cultists","ascension_level":13}}