{"host":"e0kes70z4atl8xdk","time":1608613997,"event":{"mods":["BaseMod","Colored Map","Colored Powertips","Minty Spire (QoL Compilation)","Rare Cards Sparkle","Relic Stats"],"gold_per_floor":[366,2,12,22,39,73,73,86,86,103,132,132,162,180,180,277,277,295,295,315,325,336,336,22,22,22,38,65,77,97,97,97,193,193,206,206,221,238,64,64,79,99,99,99,99,115,144,156,156,156,156],"floor_reached":50,"playtime":4239,"items_purged":["Normality","Strike_R"],"score":705,"play_id":"85e414dd-a3d5-4186-ac49-a485684d7f54","local_time":"20201222061317","is_ascension_mode":true,"campfire_choices":[{"floor":7.0,"key":"REST"},{"floor":15.0,"key":"REST"},{"data":"Double Tap","floor":23.0,"key":"SMITH"},{"data":"Shockwave","floor":25.0,"key":"SMITH"},{"floor":32.0,"key":"REST"},{"data":"Demon Form","floor":40.0,"key":"SMITH"},{"data":"Whirlwind","floor":45.0,"key":"SMITH"},{"floor":49,"key":"REST"}],"circlet_count":0,"master_deck":["Strike_R","Strike_R","Strike_R","Defend_R","Defend_R","Defend_R","Defend_R","Bash","Pommel Strike","Whirlwind+1","Uppercut","Wild Strike","Spot Weakness","Reaper","Shrug It Off","Double Tap+1","Bludgeon","Anger+1","Shockwave+1","Spot Weakness","Shrug It Off","Demon Form+1","Flex+1","Armaments+1"],"relics":["Black Blood","Regal Pillow","Smiling Mask","Ginger","Mercury Hourglass","CaptainsWheel","Philosopher\u0027s Stone","Shuriken","MealTicket","Darkstone Periapt","MutagenicStrength","Art of War","Orichalcum","Bag of Preparation"],"acts_visited":["Exordium","TheCity","TheBeyond"],"potions_floor_usage":[48],"damage_taken":[{"damage":12.0,"enemies":"Small Slimes","floor":1.0,"turns":4.0},{"damage":0.0,"enemies":"Jaw Worm","floor":3.0,"turns":3.0},{"damage":9.0,"enemies":"2 Louse","floor":4.0,"turns":2.0},{"damage":20.0,"enemies":"Gremlin Gang","floor":5.0,"turns":4.0},{"damage":28.0,"enemies":"Gremlin Nob","floor":6.0,"turns":4.0},{"damage":15.0,"enemies":"Lots of Slimes","floor":8.0,"turns":2.0},{"damage":9.0,"enemies":"Looter","floor":10.0,"turns":3.0},{"damage":45.0,"enemies":"3 Sentries","floor":11.0,"turns":6.0},{"damage":56.0,"enemies":"Gremlin Nob","floor":13.0,"turns":5.0},{"damage":13.0,"enemies":"Large Slime","floor":14.0,"turns":5.0},{"damage":44.0,"enemies":"The Guardian","floor":16.0,"turns":11.0},{"damage":12.0,"enemies":"3 Byrds","floor":18.0,"turns":5.0},{"damage":19.0,"enemies":"2 Thieves","floor":20.0,"turns":4.0},{"damage":6.0,"enemies":"Snecko","floor":21.0,"turns":3.0},{"damage":27.0,"enemies":"3 Cultists","floor":22.0,"turns":5.0},{"damage":22.0,"enemies":"Snake Plant","floor":27.0,"turns":2.0},{"damage":34.0,"enemies":"Book of Stabbing","floor":28.0,"turns":5.0},{"damage":1.0,"enemies":"Snecko","floor":29.0,"turns":3.0},{"damage":12.0,"enemies":"3 Cultists","floor":30.0,"turns":5.0},{"damage":106.0,"enemies":"Collector","floor":33.0,"turns":9.0},{"damage":13.0,"enemies":"Orb Walker","floor":35.0,"turns":4.0},{"damage":21.0,"enemies":"3 Darklings","floor":37.0,"turns":2.0},{"damage":12.0,"enemies":"4 Shapes","floor":38.0,"turns":2.0},{"damage":5.0,"enemies":"Transient","floor":41.0,"turns":5.0},{"damage":7.0,"enemies":"Sphere and 2 Shapes","floor":42.0,"turns":4.0},{"damage":6.0,"enemies":"3 Darklings","floor":46.0,"turns":2.0},{"damage":29.0,"enemies":"Giant Head","floor":47.0,"turns":6.0},{"damage":31,"enemies":"Jaw Worm Horde","floor":48,"turns":2},{"damage":91,"enemies":"Time Eater","floor":50,"turns":9}],"seed_played":"-7649411225383583337","potions_obtained":[{"floor":3.0,"key":"FearPotion"},{"floor":10.0,"key":"LiquidBronze"},{"floor":11.0,"key":"SpeedPotion"},{"floor":14.0,"key":"ColorlessPotion"},{"floor":16.0,"key":"Dexterity Potion"},{"floor":20.0,"key":"FairyPotion"},{"floor":27.0,"key":"Energy Potion"},{"floor":28.0,"key":"SpeedPotion"},{"floor":33.0,"key":"SkillPotion"},{"floor":37.0,"key":"Block Potion"},{"floor":46.0,"key":"Fruit Juice"},{"floor":47.0,"key":"LiquidBronze"}],"is_trial":false,"path_per_floor":["M","$","M","M","M","E","R","M","T","M","E","?","E","M","R","B",null,"M","?","M","M","M","R","$","R","T","M","E","M","M","?","R","B",null,"M","?","M","M","$","R","M","M","T","?","R","M","E","M","R","B"],"character_chosen":"IRONCLAD","items_purchased":["Whirlwind","Regal Pillow","BlessingOfTheForge","Block Potion","Shuriken","Shockwave","Ancient Potion","AttackPotion"],"campfire_rested":4,"item_purchase_floors":[2,2,2,2,24,24,39,39],"current_hp_per_floor":[66,66,72,69,55,33,72,63,63,60,42,68,24,31,70,32,68,64,80,74,80,63,63,63,63,63,47,19,33,27,27,66,15,64,63,63,54,54,69,69,80,80,80,80,80,80,68,49,85,15,15],"gold":156,"neow_bonus":"TWO_FIFTY_GOLD","is_daily":false,"chose_seed":false,"campfire_upgraded":4,"win_rate":0.0,"timestamp":1608613997,"path_taken":["M","$","M","M","M","E","R","M","T","M","E","?","E","M","R","BOSS","M","?","M","M","M","R","$","R","T","M","E","M","M","?","R","BOSS","M","?","M","M","$","R","M","M","T","?","R","?","E","M","R","BOSS"],"items_purchased_type":["Card","Relic","Potion","Potion","Relic","Card","Potion","Potion"],"build_version":"2020-12-13","purchased_purges":2,"victory":false,"max_hp_per_floor":[80,80,80,80,80,80,80,80,80,80,80,80,80,80,80,80,80,80,80,80,80,80,80,80,80,80,80,80,80,80,80,80,80,80,80,80,80,80,80,80,80,80,80,80,80,80,85,85,85,85,85],"relic_stats":{"Darkstone Periapt":0,"Regal Pillow":56,"counters":[29,125],"Black Blood":190,"Bag of Preparation":[4],"Ginger":[9],"Orichalcum":[48],"Smiling Mask":50,"Mercury Hourglass":[415],"Shuriken":[14],"MealTicket":15,"Art of War":[1],"obtain_stats":[{"Darkstone Periapt":28,"Regal Pillow":2,"Black Blood":34,"Bag of Preparation":47,"Ginger":9,"Orichalcum":44,"Smiling Mask":6,"Burning Blood":0,"Mercury Hourglass":11,"CaptainsWheel":13,"Shuriken":24,"MutagenicStrength":31,"Philosopher\u0027s Stone":17,"MealTicket":26,"Art of War":43},{"Darkstone Periapt":17,"Regal Pillow":1,"Black Blood":20,"Bag of Preparation":27,"Ginger":6,"Orichalcum":25,"Smiling Mask":5,"Burning Blood":0,"Mercury Hourglass":8,"CaptainsWheel":9,"Shuriken":15,"MutagenicStrength":19,"Philosopher\u0027s Stone":11,"MealTicket":15,"Art of War":25},{"Darkstone Periapt":73,"Regal Pillow":4,"Black Blood":89,"Bag of Preparation":114,"Ginger":19,"Orichalcum":106,"Smiling Mask":17,"Burning Blood":0,"Mercury Hourglass":28,"CaptainsWheel":33,"Shuriken":66,"MutagenicStrength":80,"Philosopher\u0027s Stone":49,"MealTicket":66,"Art of War":106}]},"card_choices":[{"not_picked":["Reckless Charge","Bloodletting"],"picked":"Pommel Strike","floor":1.0},{"not_picked":["Thunderclap","Sword Boomerang","Feel No Pain"],"picked":"SKIP","floor":3.0},{"not_picked":["Flame Barrier","Headbutt"],"picked":"Uppercut","floor":4.0},{"not_picked":["Havoc","Flex"],"picked":"Wild Strike","floor":5.0},{"not_picked":["Pummel","Armaments"],"picked":"Spot Weakness","floor":6.0},{"not_picked":["Blood for Blood","Headbutt"],"picked":"Reaper","floor":8.0},{"not_picked":["Clothesline","Dropkick","Body Slam"],"picked":"SKIP","floor":10.0},{"not_picked":["Warcry","Evolve","Bloodletting"],"picked":"SKIP","floor":11.0},{"not_picked":["Clothesline","Sword Boomerang"],"picked":"Shrug It Off","floor":13.0},{"not_picked":["Body Slam","Headbutt"],"picked":"Double Tap","floor":14.0},{"not_picked":["Double Tap","Offering"],"picked":"Bludgeon","floor":16.0},{"not_picked":["Bloodletting","Headbutt"],"picked":"Anger+1","floor":18.0},{"not_picked":["Sword Boomerang+1","Metallicize","Anger"],"picked":"SKIP","floor":20.0},{"not_picked":["Rage","Corruption","Clothesline"],"picked":"SKIP","floor":21.0},{"not_picked":["Whirlwind","Twin Strike","Hemokinesis"],"picked":"SKIP","floor":22.0},{"not_picked":["Sever Soul","Wild Strike","Reckless Charge"],"picked":"SKIP","floor":27.0},{"not_picked":["Battle Trance","Seeing Red"],"picked":"Spot Weakness","floor":28.0},{"not_picked":["Shockwave","Warcry","Iron Wave"],"picked":"SKIP","floor":29.0},{"not_picked":["Entrench","Sword Boomerang"],"picked":"Shrug It Off","floor":30.0},{"not_picked":["Feed","Double Tap"],"picked":"Demon Form","floor":33.0},{"not_picked":["Clash+1","Warcry","Pommel Strike+1"],"picked":"SKIP","floor":35.0},{"not_picked":["Havoc","Clash+1"],"picked":"Flex+1","floor":37.0},{"not_picked":["Sentinel+1","Shockwave","Havoc+1"],"picked":"SKIP","floor":38.0},{"not_picked":["Searing Blow+1","Burning Pact","Hemokinesis"],"picked":"SKIP","floor":41.0},{"not_picked":["Headbutt+1","Pummel+1","Clash"],"picked":"SKIP","floor":42.0},{"not_picked":["Clash","Combust"],"picked":"Armaments+1","floor":46.0},{"not_picked":["Flex","Twin Strike","Spot Weakness"],"picked":"SKIP","floor":47.0},{"not_picked":["Shockwave+1","Dual Wield","Metallicize"],"picked":"SKIP","floor":48}],"player_experience":203544,"relics_obtained":[{"floor":6.0,"key":"Smiling Mask"},{"floor":9.0,"key":"Ginger"},{"floor":11.0,"key":"Mercury Hourglass"},{"floor":13.0,"key":"CaptainsWheel"},{"floor":26.0,"key":"MealTicket"},{"floor":28.0,"key":"Darkstone Periapt"},{"floor":43.0,"key":"Art of War"},{"floor":44.0,"key":"Orichalcum"},{"floor":47.0,"key":"Bag of Preparation"}],"event_choices":[{"damage_healed":26.0,"max_hp_gain":0.0,"max_hp_loss":0.0,"gold_gain":0.0,"event_name":"Big Fish","player_choice":"Banana","floor":12.0,"gold_loss":0.0,"damage_taken":0.0},{"damage_healed":26.0,"max_hp_gain":0.0,"max_hp_loss":0.0,"gold_gain":0.0,"event_name":"The Library","player_choice":"Heal","floor":19.0,"gold_loss":0.0,"damage_taken":0.0},{"damage_healed":0.0,"max_hp_gain":0.0,"max_hp_loss":0.0,"gold_gain":0.0,"event_name":"Drug Dealer","player_choice":"Inject Mutagens","floor":31.0,"gold_loss":0.0,"damage_taken":0.0,"relics_obtained":["MutagenicStrength"]},{"cards_removed":["Strike_R"],"damage_healed":0.0,"max_hp_gain":0.0,"max_hp_loss":0.0,"gold_gain":0.0,"event_name":"Falling","player_choice":"Removed Attack","floor":36.0,"gold_loss":0.0,"damage_taken":0.0},{"damage_healed":0.0,"max_hp_gain":0.0,"max_hp_loss":0.0,"gold_gain":0.0,"event_name":"Wheel of Change","player_choice":"Relic","floor":44.0,"gold_loss":0.0,"damage_taken":0.0}],"is_beta":false,"boss_relics":[{"not_picked":["SacredBark","Black Star"],"picked":"Philosopher\u0027s Stone"},{"not_picked":["SlaversCollar","Calling Bell"],"picked":"Black Blood"}],"items_purged_floors":[2,39],"is_endless":false,"potions_floor_spawned":[3,10,11,14,16,20,27,28,33,37,46,47],"killed_by":"Time Eater","ascension_level":7}}