{"host":"lreod2rejfd0az5i","time":1608612327,"event":{"mods":["AchievementEnabler","Aspiration","BaseMod","Colored Powertips","Conspire","Downfall","Highlight Path","Hubris","Infinite Spire","Mad Scientist","Minty Spire (QoL Compilation)","Rare Cards Sparkle","Relic Stats","Replay The Spire","StSLib","The Bug Knight","The Jungle"],"gold_per_floor":[112,130,130,141,157,157,187,199,211,223,246,258,258],"floor_reached":12,"playtime":364,"items_purged":[],"score":156,"play_id":"c794c3a3-9d88-46d0-8c15-844bc8bddbc9","local_time":"20201221214527","is_ascension_mode":true,"campfire_choices":[{"data":"ReplayTheSpireMod:Scrap Shanks","floor":6.0,"key":"SMITH"},{"floor":8.0,"key":"REST"},{"data":"Neutralize","floor":10.0,"key":"SMITH"}],"circlet_count":0,"master_deck":["AscendersBane","Strike_G","Strike_G","Strike_G","Strike_G","Strike_G","Defend_G","Defend_G","Defend_G","Defend_G","Defend_G","Survivor","Neutralize+1","ReplayTheSpireMod:Scrap Shanks+1","Injury","Hidden Blade+1","hubris:SlightOfHand+1","A Thousand Cuts"],"relics":["Ring of the Snake","NeowsBlessing","Toxic Egg 2","MawBank","Thread and Needle"],"acts_visited":["Exordium"],"potions_floor_usage":[],"damage_taken":[{"damage":0.0,"enemies":"2 Louse","floor":1.0,"turns":1.0},{"damage":0.0,"enemies":"Cultist","floor":2.0,"turns":1.0},{"damage":0.0,"enemies":"Small Slimes","floor":4.0,"turns":1.0},{"damage":8.0,"enemies":"3 Louse","floor":5.0,"turns":4.0},{"damage":17.0,"enemies":"3 Sentries","floor":7.0,"turns":6.0},{"damage":10.0,"enemies":"Looter","floor":11.0,"turns":4.0},{"damage":60,"enemies":"Gremlin Nob","floor":12,"turns":6}],"seed_played":"-4253943386154820521","potions_obtained":[{"floor":2.0,"key":"PowerPotion"}],"is_trial":false,"path_per_floor":["M","M","?","M","M","R","E","R","T","R","M","E"],"character_chosen":"THE_SILENT","items_purchased":[],"campfire_rested":1,"item_purchase_floors":[],"current_hp_per_floor":[59,59,59,59,51,51,34,53,53,53,43,0,0],"gold":258,"neow_bonus":"THREE_ENEMY_KILL","is_daily":false,"chose_seed":false,"campfire_upgraded":2,"win_rate":0.0,"timestamp":1608612327,"path_taken":["M","M","?","M","M","R","E","R","T","R","M","E"],"items_purchased_type":[],"build_version":"2020-12-13","purchased_purges":0,"victory":false,"max_hp_per_floor":[66,66,66,66,66,66,66,66,66,66,66,66,66],"relic_stats":{"counters":[7,23],"MawBank":60,"obtain_stats":[{"NeowsBlessing":0,"Thread and Needle":9,"Toxic Egg 2":3,"MawBank":7,"Ring of the Snake":0},{"NeowsBlessing":0,"Thread and Needle":5,"Toxic Egg 2":2,"MawBank":5,"Ring of the Snake":0},{"NeowsBlessing":0,"Thread and Needle":13,"Toxic Egg 2":2,"MawBank":13,"Ring of the Snake":0}],"Ring of the Snake":[14]},"card_choices":[{"not_picked":["Acrobatics","ReplayTheSpireMod:Shiv Toss","Prepared"],"picked":"SKIP","floor":1.0},{"not_picked":["Expertise","Backstab"],"picked":"ReplayTheSpireMod:Scrap Shanks","floor":2.0},{"not_picked":["Quick Slash","Terror+1"],"picked":"Hidden Blade+1","floor":4.0},{"not_picked":["Bane","Bouncing Flask+1"],"picked":"hubris:SlightOfHand+1","floor":5.0},{"not_picked":["Deflect+1","ReplayTheSpireMod:The Works+1","Deadly Poison+1"],"picked":"SKIP","floor":7.0},{"not_picked":["Sucker Punch","PiercingWail+1"],"picked":"A Thousand Cuts","floor":11.0}],"player_experience":855034,"relics_obtained":[{"floor":7.0,"key":"MawBank"},{"floor":9.0,"key":"Thread and Needle"}],"event_choices":[],"is_beta":false,"boss_relics":[],"items_purged_floors":[],"is_endless":false,"potions_floor_spawned":[2],"killed_by":"Gremlin Nob","ascension_level":19}}