{"host":"yd9r7zy2pq4z3cad","time":1608638520,"event":{"mods":["AchievementEnabler","Act Like it!","Astrologer","BaseMod","Beaked The Cultist","Better Third Choice","BetterRewards","Colored Map","Colored Powertips","Conspire","Curses Come First","Displayed Cursed Tome","Downfall","Elementarium","GifTheSpireLib","Halation","Hallownest","Hermit","Highlight Path","Hubris","Infinite Spire","Jorbs\u0027s Wanderer Trilogy","Menagerie","Minty Spire (QoL Compilation)","Pale of the Ancients","Permanent Neow","Rare Cards Sparkle","Relic Sorter","Relic Stats","Replay The Spire","Shade Mod","StSLib","Stuff the Spire","The Alterego","The Blackbeard","The Bladedancer","The Bug Knight","The Cursed","The Dragon Tamer","The Exalted","The Factory","The Forsaken","The Gatherer","The Hierophant","The Jungle","The Mystic","The Necromancer","The Problem Sleuth","The Runesmith","The Servant 0.9.4","The Spell Scribe","vexMod"],"gold_per_floor":[113,130,130,147,147,147,175,193,243,243,254,254,272,283,283,383,383,400,400,414,510,536,568,580,592,604,616,175,193,193,203,203,321,321,356,356,75,75,95,95,121,72,151,176,213,246,288,288,288,296],"floor_reached":51,"playtime":2964,"items_purged":["DTMod:Strike","DTMod:TargetDefense","DTMod:TargetDefense"],"score":1327,"play_id":"0c2200ba-839e-48c5-9c06-cff5da45b4f5","local_time":"20201222170200","is_ascension_mode":false,"metric_token":3347,"campfire_choices":[{"data":"DTMod:QuickFly","floor":6,"key":"SMITH"},{"data":"DTMod:GhostSkin","floor":15,"key":"SMITH"},{"data":"DTMod:Adaptation","floor":24,"key":"SMITH"},{"data":"DTMod:DoubleHit","floor":27,"key":"SMITH"},{"data":"DTMod:BurningEnergy","floor":30,"key":"SMITH"},{"data":"DTMod:Astonish","floor":32,"key":"SMITH"},{"floor":40,"key":"REST"},{"floor":49,"key":"DIG"}],"dtmod_dragon_data":[3,64,0,0,12,0],"circlet_count":0,"master_deck":["DTMod:Strike+1","DTMod:Strike+1","DTMod:DoubleHit+1","DTMod:TargetDefense+1","DTMod:SwitchingTactic+1","DTMod:Punisher+1","DTMod:CleansingStrike+1","DTMod:LightShield+1","DTMod:ComboAttack+1","DTMod:QuickFly+1","DTMod:HeatWave+1","DTMod:CrossStep+1","DTMod:GhostSkin+1","DTMod:MasterPlan+1","DTMod:ShieldDrain+1","DTMod:BurningEnergy+1","DTMod:Outburst+1","DTMod:Training+1","hubris:InfiniteBlow+449","DTMod:DragonDance+1","DTMod:Adaptation+1","DTMod:Weaken+1","DTMod:Astonish+1","DTMod:FierySynthesis+1","DTMod:BreakAttack+1","DTMod:FlameSlash+1","DTMod:TagTeam+1","DTMod:BlazingStrike+1","DTMod:BalancedStrike+1","DTMod:FlameSlash+1"],"relics":["DTMod:PactStone","Golden Egg","theForsaken:Lifeblossom","Hallownest:DreamNailRelic","halation:Toothbrush","Replay:Rubber Ducky","Hallownest:TeacherSealRelic","beaked:SacredDeck","hubris:CuriousFeather","StuffTheSpire:Mouthbags","TungstenRod","MawBank","infinitespire:BottledMercury","Vajra","ClockworkSouvenir","infinitespire:EvilPickle","SlaversCollar","halation:PapillonHeart","Strawberry","StuffTheSpire:GreaterSneckoEye","DTMod:DragonFood","InkBottle","theForsaken:ScaryMask","Mark of the Bloom","Replay:Bandana"],"acts_visited":["Hallownest:Greenpath","TheCity","TheBeyond"],"potions_floor_usage":[35,39,39,41,45,46,50],"damage_taken":[{"damage":0,"enemies":"Hallownest:2_MossCreeps","floor":1,"turns":6},{"damage":0,"enemies":"Hallownest:monsterHuskWarrior","floor":2,"turns":3},{"damage":0,"enemies":"2_ Uuma","floor":4,"turns":4},{"damage":0,"enemies":"Hallownest:eliteMossKnight","floor":7,"turns":7},{"damage":0,"enemies":"Hallownest:Wandering_and_Horned","floor":8,"turns":3},{"damage":0,"enemies":"Hallownest:monsterMossCharger","floor":11,"turns":5},{"damage":0,"enemies":"Hallownest:2_Tiktiks_1_Baldur_1_Crawlid","floor":13,"turns":4},{"damage":0,"enemies":"Hallownest:Guard_and_Warrior","floor":14,"turns":5},{"damage":0,"enemies":"Hallownest:BossFalseKnight","floor":16,"turns":11},{"damage":0,"enemies":"Spheric Guardian","floor":18,"turns":1},{"damage":0,"enemies":"Chosen","floor":20,"turns":2},{"damage":0,"enemies":"conspire:MimicChest","floor":22,"turns":2},{"damage":0,"enemies":"Gremlin Leader","floor":23,"turns":3},{"damage":0,"enemies":"3 Cultists","floor":29,"turns":5},{"damage":0,"enemies":"Cultist and Chosen","floor":31,"turns":3},{"damage":0,"enemies":"Pondfish","floor":33,"turns":4},{"damage":0,"enemies":"3 Shapes","floor":35,"turns":3},{"damage":0,"enemies":"3 Darklings","floor":39,"turns":3},{"damage":0,"enemies":"Maw","floor":41,"turns":5},{"damage":0,"enemies":"Spire Growth","floor":44,"turns":4},{"damage":0,"enemies":"Reptomancer","floor":45,"turns":2},{"damage":0,"enemies":"Writhing Mass","floor":46,"turns":3},{"damage":0,"enemies":"Giant Head","floor":47,"turns":2},{"damage":22,"enemies":"infinitespire:MassOfShapes","floor":50,"turns":7}],"seed_played":"-2634414277066999104","potions_obtained":[{"floor":2,"key":"Dexterity Potion"},{"floor":8,"key":"Strength Potion"},{"floor":13,"key":"BlessingOfTheForge"},{"floor":16,"key":"Regen Potion"},{"floor":33,"key":"Fire Potion"},{"floor":39,"key":"PowerPotion"},{"floor":41,"key":"FairyPotion"},{"floor":45,"key":"Energy Potion"},{"floor":46,"key":"SkillPotion"}],"is_trial":false,"path_per_floor":["M","M","?","M","?","R","E","M","T","?","M","?","M","M","R_BF","B",null,"M","AVR","M","?","?","E","R","?","T","R","$","M","R","M","R","B",null,"M","?","$","?","M","R","M","$","T","M","E","M","E","?","R_BF","B",null],"character_chosen":"THE_DT","items_purchased":["Golden Egg","theForsaken:Lifeblossom","DTMod:Punisher","DTMod:CleansingStrike","DTMod:LightShield","Vajra","ClockworkSouvenir","DTMod:Weaken","Strawberry","DTMod:BlazingStrike"],"campfire_rested":1,"item_purchase_floors":[0,0,0,0,0,28,28,28,37,42],"current_hp_per_floor":[41,45,45,45,45,45,45,45,45,44,44,44,44,44,44,44,44,44,44,44,47,47,47,47,47,47,47,50,50,50,50,50,50,50,50,47,57,38,43,57,57,57,57,57,57,57,57,57,57,35],"gold":296,"neow_bonus":"","is_daily":false,"chose_seed":false,"campfire_upgraded":6,"win_rate":0.0,"timestamp":1608638520,"path_taken":["M","M","?","?","?","R","E","M","T","?","?","?","M","?","R_BF","BOSS","M","AVR","M","?","?","E","R","?","T","R","$","?","R","M","R","BOSS","M","?","$","?","M","R","M","?","T","M","E","?","E","?","R_BF","BOSS"],"items_purchased_type":["Relic","Relic","Card","Card","Card","Relic","Relic","Card","Relic","Card"],"build_version":"2020-12-13","purchased_purges":3,"victory":true,"max_hp_per_floor":[45,45,45,45,45,45,45,45,45,44,44,44,44,44,44,44,44,44,44,44,47,47,47,47,47,47,47,50,50,50,50,50,50,50,50,47,57,57,57,57,57,57,57,57,57,57,57,57,57,57],"relic_stats":{"Mark of the Bloom":6,"counters":[74,330],"MawBank":60,"obtain_stats":[{"Golden Egg":0,"infinitespire:BottledMercury":26,"Mark of the Bloom":48,"Vajra":28,"StuffTheSpire:BottledEssence":0,"Bottled Tornado":41,"halation:StarCompass":5,"Blood Vial":7,"halation:PrussianBluePaint":0,"conspire:DecoderRing":7,"Strawberry":37,"beaked:SacredDeck":17,"hubris:DeckOfHolding":39,"Kunai":41,"hexamod:SpiritBrand":0,"Happy Flower":22,"vexMod:ScavengeHelm":45,"Oddly Smooth Stone":21,"hubris:SphereOfDissonance":40,"vexMod:PaidLearning":14,"infinitespire:EvilPickle":33,"SlaversCollar":34,"Bromod:ArcaneEnergize":34,"StuffTheSpire:GreaterSneckoEye":38,"StuffTheSpire:OldFever":35,"ReplayTheSpireMod:Ring of Exchange":26,"halation:PapillonHeart":38,"theForsaken:ScaryMask":47,"champ:ChampionCrown":0,"theForsaken:Lifeblossom":0,"Hallownest:DreamNailRelic":42,"Ancient Tea Set":24,"ClockworkSouvenir":34,"Replay:Rubber Ducky":9,"StuffTheSpire:Experiment12":23,"StuffTheSpire:Gunfinga":0,"Replay:Bandana":49,"downfall:HeartBlessingBlue":25,"Bromod:ArcaneTrickery":43,"Bromod:ArcaneTempo":1,"hubris:ScarierMask":28,"DTMod:DragonFood":43,"halation:Toothbrush":7,"hubris:CuriousFeather":19,"Hallownest:TeacherSealRelic":12,"InkBottle":45,"BargainBundle":13,"downfall:HeartBlessingRed":6,"StuffTheSpire:Expresso":28,"hubris:Towel":20,"MawBank":23,"champ:GladiatorsBookOfMartialProwess":35,"StuffTheSpire:Mouthbags":9,"DTMod:PactStone":7,"Bromod:ArcaneDeflection":3,"Ring of Misfortune":26,"Snack Pack":18,"halation:PinkSoulGem":12,"hexamod:IceCube":17,"TungstenRod":22},{"Golden Egg":50,"infinitespire:BottledMercury":63,"Mark of the Bloom":73,"Vajra":63,"StuffTheSpire:BottledEssence":23,"Bottled Tornado":43,"halation:StarCompass":53,"Blood Vial":2,"halation:PrussianBluePaint":23,"conspire:DecoderRing":27,"Strawberry":67,"beaked:SacredDeck":59,"hubris:DeckOfHolding":42,"Kunai":19,"hexamod:SpiritBrand":0,"Happy Flower":10,"vexMod:ScavengeHelm":45,"Oddly Smooth Stone":10,"hubris:SphereOfDissonance":19,"vexMod:PaidLearning":30,"infinitespire:EvilPickle":66,"SlaversCollar":66,"Bromod:ArcaneEnergize":17,"StuffTheSpire:GreaterSneckoEye":67,"StuffTheSpire:OldFever":17,"ReplayTheSpireMod:Ring of Exchange":37,"halation:PapillonHeart":42,"theForsaken:ScaryMask":73,"champ:ChampionCrown":0,"theForsaken:Lifeblossom":50,"Hallownest:DreamNailRelic":43,"Ancient Tea Set":36,"ClockworkSouvenir":41,"Replay:Rubber Ducky":55,"StuffTheSpire:Experiment12":36,"StuffTheSpire:Gunfinga":0,"Replay:Bandana":73,"downfall:HeartBlessingBlue":11,"Bromod:ArcaneTrickery":44,"Bromod:ArcaneTempo":23,"hubris:ScarierMask":37,"DTMod:DragonFood":69,"halation:Toothbrush":54,"hubris:CuriousFeather":60,"Hallownest:TeacherSealRelic":56,"InkBottle":71,"BargainBundle":6,"downfall:HeartBlessingRed":2,"StuffTheSpire:Expresso":37,"hubris:Towel":9,"MawBank":63,"champ:GladiatorsBookOfMartialProwess":41,"StuffTheSpire:Mouthbags":28,"DTMod:PactStone":54,"Bromod:ArcaneDeflection":25,"Ring of Misfortune":37,"Snack Pack":8,"halation:PinkSoulGem":29,"hexamod:IceCube":8,"TungstenRod":62},{"Golden Egg":233,"infinitespire:BottledMercury":289,"Mark of the Bloom":323,"Vajra":289,"StuffTheSpire:BottledEssence":109,"Bottled Tornado":200,"halation:StarCompass":246,"Blood Vial":8,"halation:PrussianBluePaint":109,"conspire:DecoderRing":123,"Strawberry":304,"beaked:SacredDeck":281,"hubris:DeckOfHolding":197,"Kunai":89,"hexamod:SpiritBrand":0,"Happy Flower":42,"vexMod:ScavengeHelm":208,"Oddly Smooth Stone":42,"hubris:SphereOfDissonance":89,"vexMod:PaidLearning":137,"infinitespire:EvilPickle":301,"SlaversCollar":301,"Bromod:ArcaneEnergize":81,"StuffTheSpire:GreaterSneckoEye":304,"StuffTheSpire:OldFever":81,"ReplayTheSpireMod:Ring of Exchange":179,"halation:PapillonHeart":197,"theForsaken:ScaryMask":323,"champ:ChampionCrown":0,"theForsaken:Lifeblossom":233,"Hallownest:DreamNailRelic":200,"Ancient Tea Set":173,"ClockworkSouvenir":195,"Replay:Rubber Ducky":256,"StuffTheSpire:Experiment12":173,"StuffTheSpire:Gunfinga":0,"Replay:Bandana":323,"downfall:HeartBlessingBlue":46,"Bromod:ArcaneTrickery":204,"Bromod:ArcaneTempo":109,"hubris:ScarierMask":179,"DTMod:DragonFood":312,"halation:Toothbrush":253,"hubris:CuriousFeather":282,"Hallownest:TeacherSealRelic":261,"InkBottle":318,"BargainBundle":20,"downfall:HeartBlessingRed":8,"StuffTheSpire:Expresso":179,"hubris:Towel":36,"MawBank":289,"champ:GladiatorsBookOfMartialProwess":195,"StuffTheSpire:Mouthbags":128,"DTMod:PactStone":247,"Bromod:ArcaneDeflection":117,"Ring of Misfortune":179,"Snack Pack":31,"halation:PinkSoulGem":133,"hexamod:IceCube":31,"TungstenRod":286}],"TungstenRod":7,"InkBottle":[3]},"card_choices":[{"not_picked":["DTMod:Feint","DTMod:RecklessFlurry"],"picked":"DTMod:ComboAttack","floor":1},{"not_picked":["DTMod:Hide","DTMod:LastStand"],"picked":"DTMod:QuickFly","floor":2},{"not_picked":["DTMod:FierySynthesis","DTMod:BizarreTactic"],"picked":"DTMod:HeatWave","floor":4},{"not_picked":["DTMod:MagicField","DTMod:Punisher"],"picked":"DTMod:CrossStep","floor":7},{"not_picked":["DTMod:WarmUp","DTMod:MagicField"],"picked":"DTMod:GhostSkin","floor":8},{"not_picked":["DTMod:Punisher","DTMod:HeatWave"],"picked":"DTMod:MasterPlan","floor":11},{"not_picked":["DTMod:CleansingStrike","DTMod:Adaptation"],"picked":"DTMod:ShieldDrain","floor":13},{"not_picked":["DTMod:SneakAttack","DTMod:MaximumCharge"],"picked":"DTMod:BurningEnergy","floor":14},{"not_picked":["DTMod:Multitask","DTMod:StunTrap"],"picked":"DTMod:Outburst","floor":16},{"not_picked":["DTMod:Weaken","DTMod:BreakAttack"],"picked":"DTMod:Training+1","floor":18},{"not_picked":["DTMod:Coolant","DTMod:DeepFocus","DTMod:MasterPlan"],"picked":"SKIP","floor":20},{"not_picked":["DTMod:Training","DTMod:Feint"],"picked":"DTMod:DragonDance","floor":21},{"not_picked":["DTMod:WarmUp","DTMod:Training"],"picked":"DTMod:Adaptation","floor":23},{"not_picked":["DTMod:DragonDance+1","DTMod:MasterPlan","DTMod:DarkBreath"],"picked":"SKIP","floor":29},{"not_picked":["DTMod:MasterPlan","DTMod:SealedStrike"],"picked":"DTMod:Astonish","floor":31},{"not_picked":["DTMod:EchoTactic","DTMod:Harmonize"],"picked":"DTMod:FierySynthesis","floor":33},{"not_picked":["DTMod:ComboAttack","DTMod:Overwhelm"],"picked":"DTMod:BreakAttack+1","floor":35},{"not_picked":["DTMod:HeatWave","DTMod:BurningForce+1"],"picked":"DTMod:FlameSlash","floor":39},{"not_picked":["DTMod:Inferno","DTMod:ComboAttack+1"],"picked":"DTMod:TagTeam+1","floor":41},{"not_picked":["DTMod:RunningTactic+1","DTMod:StarRain+1"],"picked":"DTMod:BalancedStrike","floor":44},{"not_picked":["DTMod:BreakAttack+1","DTMod:SneakAttack"],"picked":"DTMod:FlameSlash+1","floor":45},{"not_picked":["DTMod:RunningTactic+1","DTMod:BuildUp+1","DTMod:Hide+1"],"picked":"SKIP","floor":46},{"not_picked":["DTMod:RecklessFlurry","DTMod:Shift","DTMod:BlazingStrike+1"],"picked":"SKIP","floor":47}],"player_experience":127110,"relics_obtained":[{"floor":7,"key":"halation:Toothbrush"},{"floor":9,"key":"Replay:Rubber Ducky"},{"floor":21,"key":"StuffTheSpire:Mouthbags"},{"floor":22,"key":"TungstenRod"},{"floor":23,"key":"MawBank"},{"floor":26,"key":"infinitespire:BottledMercury"},{"floor":38,"key":"StuffTheSpire:GreaterSneckoEye"},{"floor":43,"key":"DTMod:DragonFood"},{"floor":45,"key":"InkBottle"},{"floor":47,"key":"theForsaken:ScaryMask"},{"floor":49,"key":"Replay:Bandana"}],"event_choices":[{"damage_healed":0,"gold_gain":0,"player_choice":"Upgrade","damage_taken":0,"relics_obtained":["Mark of the Bloom"],"max_hp_gain":0,"max_hp_loss":0,"event_name":"MindBloom","floor":48,"gold_loss":0,"cards_upgraded":["DTMod:Strike","DTMod:Strike","DTMod:TargetDefense","DTMod:SwitchingTactic","DTMod:ComboAttack","DTMod:HeatWave","DTMod:CrossStep","DTMod:MasterPlan","DTMod:ShieldDrain","hubris:InfiniteBlow","DTMod:DragonDance","DTMod:FlameSlash","DTMod:BalancedStrike"]}],"is_beta":false,"boss_relics":[{"not_picked":["vexMod:MysteryBossChallenge","Honey Jar"],"picked":"beaked:SacredDeck"},{"not_picked":["Tiny House","Replay:Wanted Poster"],"picked":"SlaversCollar"}],"items_purged_floors":[0,28,37],"is_endless":false,"potions_floor_spawned":[2,8,13,16,20,29,33,39,41,45,46],"ascension_level":0}}