{"host":"gndxudri6ebovps6","time":1608614638,"event":{"mods":["AchievementEnabler","Act Like it!","Aspiration","BaseMod","Better Altar","Better Match","Better Sensory Stone","Better Skull","Better Vampires","BetterRewards","Block Reminder","GifTheSpireLib","Hermit","Hubris","Infinite Spire","Marked Mod","Minty Spire (QoL Compilation)","Pale of the Ancients","Quick Restart","Replay The Spire","Shop Mod","Spicy Shops","Spikes Relics","StSLib","Stuff the Spire","The Cursed","everything is the same but u backflip on backflip","vexMod"],"gold_per_floor":[118,118,118,120,3,45,45,59,82,82,100,100,110,147,147,254,254,274,274,278,278,278,278,319,319,319,348,57,156,156,201,201,314,364,389,389,411,411,433,433,174,208,231,231,260,260,295,330,330,342,382,420,420,54,54,93,93,140,140,168,168],"floor_reached":60,"playtime":3713,"items_purged":[],"score":1928,"play_id":"58bb5900-009a-46c7-8c1d-ac383e9f6d7c","local_time":"20201222032358","is_ascension_mode":true,"campfire_choices":[{"floor":7.0,"key":"REST"},{"data":"Noxious Fumes","floor":15.0,"key":"SMITH"},{"floor":23.0,"key":"REST"},{"data":"Noxious Fumes","floor":25.0,"key":"SMITH"},{"data":"Poisoned Stab","floor":30.0,"key":"SMITH"},{"data":"Neutralize","floor":32.0,"key":"SMITH"},{"data":"Sucker Punch","floor":40.0,"key":"SMITH"},{"data":"Survivor","floor":44.0,"key":"SMITH"},{"data":"Envenom","floor":49.0,"key":"SMITH"},{"data":"Dash","floor":55.0,"key":"SMITH"},{"data":"Envenom","floor":57.0,"key":"SMITH"}],"circlet_count":0,"master_deck":["AscendersBane","Strike_G","Strike_G+1","Strike_G","Strike_G","Strike_G","Defend_G","Defend_G","Defend_G","Defend_G","Defend_G","Survivor+1","Neutralize+1","Noxious Fumes+1","PiercingWail+1","Catalyst+1","InfectiousVector+1","Outmaneuver+1","Noxious Fumes+1","Distraction+1","Flying Knee","Sucker Punch+1","Adrenaline+1","A Thousand Cuts+1","StuffTheSpire:Shiver+1","Predator+1","Poisoned Stab+1","Toxin Wave+1","Deflect+1","Pot Of Greed+1","Pot Of Greed+1","Pot Of Greed+1","Night Terror+1","Corpse Explosion+1","StuffTheSpire:Sprint+1","Bouncing Flask+1","Dagger Throw","PiercingWail+1","Burst+1","Pot Of Greed+1","Outmaneuver+1","Dodge and Roll+1","Backflip+1","Dash+1","Flying Knee","Envenom+1","Prepared+1","Deadly Poison+1","Flash of Steel+1","Flash of Steel+1","Envenom+1","Sneak Up+1","Pot Of Greed+1"],"relics":["Ring of the Snake","Chemical X","MiniBlackHole","betterAltar:BloodRelic","Garlic","infinitespire:Midas Blood","RetroEgg","OrangePellets","Bronze Scales","StuffTheSpire:SapphireSignet","StuffTheSpire:Barrel","Strawberry","Kunai","infinitespire:ShieldingShard","Toxic Egg 2","Boot","infinitespire:Golems Mask","Akabeko","Prayer Wheel","The Specimen","Sozu","Replay:Bandana","Bloody Idol","StuffTheSpire:EmeraldSignet","Matryoshka","StuffTheSpire:Experiment12","Guide Book","Grinning Jar","Tiny House","Bottled Lightning","Bag of Marbles","Replay:Baseball","aspiration:TomeofQuesting","Blue Doll","paleoftheancients:Timepiece","Letter Opener","Spirit Poop","hubris:Icosahedron","Vajra","StuffTheSpire:GrapeVine","paleoftheancients:SoulOfTheHexaghost","ReplayTheSpireMod:TigerMarble","infinitespire:PuzzleCube"],"acts_visited":["Exordium","TheCity","TheBeyond","paleoftheancients:PaleOfTheAncients"],"potions_floor_usage":[],"damage_taken":[{"damage":0.0,"enemies":"2 Louse","floor":1.0,"turns":3.0},{"damage":18.0,"enemies":"3 Sentries","floor":6.0,"turns":6.0},{"damage":2.0,"enemies":"infinitespire:Voidling","floor":8.0,"turns":4.0},{"damage":0.0,"enemies":"Small Slimes","floor":11.0,"turns":3.0},{"damage":0.0,"enemies":"3 Louse","floor":13.0,"turns":4.0},{"damage":17.0,"enemies":"Gremlin Nob","floor":14.0,"turns":5.0},{"damage":6.0,"enemies":"Fading Forest","floor":16.0,"turns":11.0},{"damage":14.0,"enemies":"Chosen","floor":18.0,"turns":5.0},{"damage":10.0,"enemies":"Gremlin Leader","floor":24.0,"turns":5.0},{"damage":0.0,"enemies":"2 Thieves","floor":27.0,"turns":3.0},{"damage":19.0,"enemies":"Slavers","floor":31.0,"turns":4.0},{"damage":25.0,"enemies":"hubris:MusketHawk","floor":33.0,"turns":7.0},{"damage":2.0,"enemies":"Orb Walker","floor":35.0,"turns":3.0},{"damage":0.0,"enemies":"3 Shapes","floor":37.0,"turns":3.0},{"damage":0.0,"enemies":"Transient","floor":39.0,"turns":5.0},{"damage":0.0,"enemies":"R_Hoarder","floor":42.0,"turns":3.0},{"damage":0.0,"enemies":"Jaw Worm Horde","floor":45.0,"turns":3.0},{"damage":0.0,"enemies":"Giant Head","floor":47.0,"turns":2.0},{"damage":0.0,"enemies":"Spire Growth","floor":48.0,"turns":4.0},{"damage":7.0,"enemies":"Donu and Deca","floor":50.0,"turns":5.0},{"damage":59.0,"enemies":"Donu and Deca","floor":51.0,"turns":7.0},{"damage":139.0,"enemies":"Donu and Deca","floor":52.0,"turns":6.0},{"damage":31.0,"enemies":"Donu and Deca","floor":56.0,"turns":6.0},{"damage":119,"enemies":"paleoftheancients:N","floor":60,"turns":5}],"seed_played":"3101489988818686591","potions_obtained":[{"floor":1.0,"key":"Elixir"},{"floor":11.0,"key":"Explosive Potion"}],"is_trial":false,"path_per_floor":["M","?","?","?","$","E","R","M","T","T","M","?","M","E","R","B",null,"M","?","?","?","?","R","E","R","T","M","$","?","R","E","R","B",null,"M","?","M","?","M","R","$","E","T","R","M","?","E","M","R","B","M","M","?","$","R","M","R","T","?","B"],"character_chosen":"THE_SILENT","items_purchased":["Chemical X","MiniBlackHole","Blood Vial","Garlic","infinitespire:Midas Blood","RetroEgg","OrangePellets","Bronze Scales","StuffTheSpire:SapphireSignet","StuffTheSpire:Barrel","Strawberry","Kunai","infinitespire:ShieldingShard","Noxious Fumes","Catalyst+1","StuffTheSpire:Experiment12","Guide Book","Bottled Lightning","Vajra","StuffTheSpire:GrapeVine","Flash of Steel"],"campfire_rested":2,"item_purchase_floors":[0,0,0,0,0,0,0,0,0,0,0,0,0,0,5,28,28,41,54,54,54],"current_hp_per_floor":[30,30,30,23,23,15,38,51,51,51,57,57,59,44,44,60,73,61,61,28,28,28,51,56,56,56,75,75,77,77,65,65,57,78,82,82,82,82,82,82,82,82,82,82,82,82,82,82,82,81,65,82,82,82,82,82,82,82,82,0,0],"gold":168,"neow_bonus":"","is_daily":false,"chose_seed":false,"campfire_upgraded":9,"win_rate":0.0,"timestamp":1608614638,"path_taken":["M","?","?","?","$","E","R","M","T","?","M","?","?","E","R","BOSS","M","?","?","?","?","R","E","R","T","M","$","?","R","E","R","BOSS","M","?","?","?","?","R","?","E","T","R","M","?","E","M","R","BOSS","M","M","?","$","R","M","R","T","?","BOSS"],"items_purchased_type":["Relic","Relic","Relic","Relic","Relic","Relic","Relic","Relic","Relic","Relic","Relic","Relic","Relic","Card","Card","Relic","Relic","Relic","Relic","Relic","Card"],"build_version":"2020-12-13","purchased_purges":0,"victory":false,"max_hp_per_floor":[77,77,77,77,77,77,77,77,77,77,77,77,77,77,77,77,77,77,77,77,77,77,77,77,77,77,77,77,77,77,77,77,77,82,82,82,82,82,82,82,82,82,82,82,82,82,82,82,82,82,82,82,82,82,82,82,82,82,82,82,82],"card_choices":[{"not_picked":["Leg Sweep","Acrobatics"],"picked":"PiercingWail","floor":1.0},{"not_picked":["aspiration:Lunge","Malaise+1"],"picked":"InfectiousVector+1","floor":6.0},{"not_picked":["StuffTheSpire:ClusterCrunch","StuffTheSpire:Injection"],"picked":"Outmaneuver+1","floor":8.0},{"not_picked":["Hidden Blade+1","Dash"],"picked":"Noxious Fumes","floor":11.0},{"not_picked":["PiercingWail+1","Expertise+1"],"picked":"Distraction+1","floor":11.0},{"not_picked":["Underhanded Strike","Blur+1"],"picked":"Flying Knee","floor":13.0},{"not_picked":["StuffTheSpire:BumpUp","Underhanded Strike"],"picked":"Sucker Punch","floor":13.0},{"not_picked":["Footwork","Toxin Wave+1"],"picked":"Adrenaline+1","floor":14.0},{"not_picked":["Grand Finale","Venomology+1"],"picked":"A Thousand Cuts","floor":16.0},{"not_picked":["All Out Attack","StuffTheSpire:BumpUp"],"picked":"StuffTheSpire:Shiver+1","floor":18.0},{"not_picked":["Sneak Up+1","hubris:Counter"],"picked":"Predator","floor":18.0},{"not_picked":["InfectiousVector+1","Well Laid Plans"],"picked":"Poisoned Stab","floor":24.0},{"not_picked":["StuffTheSpire:Fury+1","Masterful Stab+1"],"picked":"Toxin Wave+1","floor":27.0},{"not_picked":["ShadowRift","StuffTheSpire:Python+1"],"picked":"Deflect+1","floor":27.0},{"not_picked":["Dagger Throw","Prepared+1"],"picked":"Night Terror+1","floor":31.0},{"not_picked":["Wraith Form v2","Die Die Die"],"picked":"Corpse Explosion+1","floor":33.0},{"not_picked":["StuffTheSpire:ClusterCrunch","ReplayTheSpireMod:Scrap Shanks"],"picked":"StuffTheSpire:Sprint+1","floor":34.0},{"not_picked":["Flying Knee","StuffTheSpire:Fury+1"],"picked":"Bouncing Flask+1","floor":35.0},{"not_picked":["Calculated Gamble+1","StuffTheSpire:Sprint+1"],"picked":"Dagger Throw","floor":35.0},{"not_picked":["Predator","StuffTheSpire:Python+1"],"picked":"PiercingWail+1","floor":37.0},{"not_picked":["Backflip+1","Underhanded Strike"],"picked":"Burst+1","floor":37.0},{"not_picked":["Endless Agony","Sneak Up+1"],"picked":"Outmaneuver+1","floor":39.0},{"not_picked":["Fluid Movement","Outmaneuver+1"],"picked":"Dodge and Roll+1","floor":39.0},{"not_picked":["Replay:Bag of Tricks+1","StuffTheSpire:Repulse+1"],"picked":"Backflip+1","floor":42.0},{"not_picked":["Cloak And Dagger+1","Replay:Poison Smokescreen+1"],"picked":"Dash","floor":45.0},{"not_picked":["Fluid Movement","Hidden Blade+1","Tactician+1"],"picked":"SKIP","floor":45.0},{"not_picked":["Draining Mist+1","hubris:Sniper+1","StuffTheSpire:Fury+1"],"picked":"SKIP","floor":47.0},{"not_picked":["StuffTheSpire:BumpUp+1","Sucker Punch"],"picked":"Flying Knee","floor":48.0},{"not_picked":["StuffTheSpire:Sprint+1","Hidden Blade+1"],"picked":"Envenom","floor":48.0},{"not_picked":["Poisoned Stab+1","StuffTheSpire:BumpUp+1"],"picked":"Prepared+1","floor":51.0},{"not_picked":["Deflect+1","hubris:SlightOfHand+1"],"picked":"Deadly Poison+1","floor":51.0},{"not_picked":["StuffTheSpire:BrimstoneBlast","Cloak And Dagger+1"],"picked":"Envenom","floor":56.0},{"not_picked":["Deadly Poison+1","Sucker Punch+1"],"picked":"Sneak Up+1","floor":56.0}],"player_experience":492963,"relics_obtained":[{"floor":6.0,"key":"infinitespire:Golems Mask"},{"floor":9.0,"key":"Akabeko"},{"floor":10.0,"key":"Prayer Wheel"},{"floor":14.0,"key":"The Specimen"},{"floor":24.0,"key":"StuffTheSpire:EmeraldSignet"},{"floor":26.0,"key":"Matryoshka"},{"floor":31.0,"key":"Grinning Jar"},{"floor":42.0,"key":"Bag of Marbles"},{"floor":43.0,"key":"Replay:Baseball"},{"floor":43.0,"key":"aspiration:TomeofQuesting"},{"floor":47.0,"key":"Blue Doll"},{"floor":56.0,"key":"paleoftheancients:SoulOfTheHexaghost"},{"floor":58.0,"key":"ReplayTheSpireMod:TigerMarble"},{"floor":58.0,"key":"infinitespire:PuzzleCube"}],"event_choices":[{"damage_healed":0.0,"max_hp_gain":0.0,"max_hp_loss":0.0,"gold_gain":0.0,"event_name":"Big Fish","player_choice":"Box","floor":3.0,"gold_loss":0.0,"damage_taken":0.0,"relics_obtained":["Boot"],"cards_obtained":["Regret"]},{"cards_removed":["Regret"],"damage_healed":0.0,"max_hp_gain":0.0,"max_hp_loss":0.0,"gold_gain":0.0,"event_name":"Golden Wing","player_choice":"Card Removal","floor":4.0,"gold_loss":0.0,"damage_taken":7.0},{"cards_removed":["Injury"],"damage_healed":0.0,"max_hp_gain":0.0,"max_hp_loss":0.0,"gold_gain":0.0,"event_name":"Fountain of Cleansing","player_choice":"Removed Curses","floor":12.0,"gold_loss":0.0,"damage_taken":0.0},{"damage_healed":0.0,"max_hp_gain":61.0,"max_hp_loss":28.0,"gold_gain":0.0,"event_name":"betterAltar:BetterAltar","player_choice":" Idol RottenVial ","floor":20.0,"potions_obtained":[],"relics_lost":["Blood Vial"],"gold_loss":0.0,"damage_taken":43.0,"relics_obtained":["Bloody Idol","betterAltar:BloodRelic"]},{"damage_healed":0.0,"max_hp_gain":0.0,"max_hp_loss":0.0,"gold_gain":0.0,"event_name":"Ghosts","player_choice":"Ignored","floor":22.0,"gold_loss":0.0,"damage_taken":0.0},{"damage_healed":0.0,"max_hp_gain":0.0,"max_hp_loss":0.0,"gold_gain":99.0,"event_name":"Nest","player_choice":"Stole From Cult","floor":29.0,"gold_loss":0.0,"damage_taken":0.0},{"damage_healed":0.0,"max_hp_gain":0.0,"max_hp_loss":0.0,"gold_gain":0.0,"event_name":"Lab","player_choice":"Got Potions","floor":36.0,"gold_loss":0.0,"damage_taken":0.0},{"damage_healed":0.0,"max_hp_gain":0.0,"max_hp_loss":0.0,"gold_gain":0.0,"event_name":"The Woman in Blue","player_choice":"Bought 0 Potions","floor":38.0,"gold_loss":0.0,"damage_taken":0.0},{"damage_healed":0.0,"max_hp_gain":0.0,"max_hp_loss":0.0,"gold_gain":0.0,"event_name":"SecretPortal","player_choice":"Ignored","floor":46.0,"gold_loss":0.0,"damage_taken":0.0}],"is_beta":false,"boss_relics":[{"not_picked":["Busted Crown","HoveringKite"],"picked":"Sozu"},{"not_picked":["Pandora\u0027s Box","hubris:CrackedHourglass"],"picked":"Tiny House"}],"items_purged_floors":[],"is_endless":false,"potions_floor_spawned":[1,11,24,31,35,39,42],"killed_by":"paleoftheancients:N","ascension_level":12}}