{"host":"kgj3hkp928synzkd","time":1608669303,"event":{"mods":["2.2 Compatiblity","A Magickal Journey","AchievementEnabler","Act Like it!","AlwaysNeverKeys","BaseMod","Better Altar","Better Match","Better Note","Better Sensory Stone","Better Synergies","Better Third Choice","Better Vampires","Block Reminder","Colored Map","Colored Powertips","Conspire","Curses Come First","Disable Question Mark Monsters","Downfall","GifTheSpireLib","Googly Eyes","Gremlin Skip","GungeonMod","Hallownest","Infinite Spire","Luminous","Marisa????????","Marked Mod","Minty Spire (QoL Compilation)","Permanent Neow","Quick Restart","Random Character Button","Rare Cards Sparkle","Replay The Spire","Spicy Shops","StSLib","SuperFastMode","The Bug Knight","The Exalted","Uncapped"],"gold_per_floor":[114,131,131,147,2,2,33,47,47,72,72,72,92,103,103,198,198,211,228,231,231,231,231,156,156,156,156,170,170,201,201,201,300,300,317,99,109,128,128,128],"floor_reached":39,"playtime":1699,"items_purged":["ReplayTheSpireMod:Splinters"],"score":429,"play_id":"ca750c21-f8a5-49b8-ac69-066d9cb4ad8a","local_time":"20201222153503","is_ascension_mode":true,"campfire_choices":[{"data":"Armaments","floor":6,"key":"SMITH"},{"data":"Spot Weakness","floor":15,"key":"SMITH"},{"floor":23,"key":"REST"},{"floor":25,"key":"REST"},{"data":"Demon Form","floor":27,"key":"SMITH"},{"data":"Iron Wave","floor":29,"key":"SMITH"},{"floor":32,"key":"DIG"}],"circlet_count":0,"master_deck":["Strike_R","Strike_R","Strike_R","Strike_R","Strike_R","Defend_R+1","Defend_R+1","Defend_R","Defend_R","Bash","Armaments+1","Pommel Strike+1","Iron Wave+1","Clothesline","Thunderclap","Spot Weakness+1","Demon Form+1","CurseOfTheBell","Thunderclap+1","Cleave","Ghostly Armor+1","Juggernaut"],"relics":["Burning Blood","Bag of Marbles","conspire:BottledYoYo","Sling","Bromod:ArcaneAegis","War Paint","Blue Doll","Calling Bell","DemoMod:WhiteGuonStone","DemoMod:JetPack","Replay:Multitool","ReplayTheSpireMod:CursedCoin","DemoMod:MonsterBlood","Bromod:ArcaneGuardian","ReplayTheSpireMod:Spearhead","Art of War","Omamori","Bromod:ArcaneBarrier","Membership Card","Guide Book"],"acts_visited":["Exordium","TheCity","TheBeyond"],"potions_floor_usage":[16,19,19,33,39],"damage_taken":[{"damage":6,"enemies":"Cultist","floor":1,"turns":3},{"damage":5,"enemies":"Jaw Worm","floor":2,"turns":3},{"damage":0,"enemies":"conspire:RoseBush","floor":4,"turns":3},{"damage":13,"enemies":"Gremlin Nob","floor":7,"turns":4},{"damage":5,"enemies":"conspire:2 RoseBushes","floor":8,"turns":4},{"damage":11,"enemies":"3 Sentries","floor":10,"turns":7},{"damage":0,"enemies":"Looter","floor":13,"turns":3},{"damage":0,"enemies":"2 Fungi Beasts","floor":14,"turns":3},{"damage":6,"enemies":"Slime Boss","floor":16,"turns":9},{"damage":19,"enemies":"3 Byrds","floor":18,"turns":6},{"damage":64,"enemies":"conspire:FuzzyDice","floor":19,"turns":6},{"damage":27,"enemies":"Sentry and Sphere","floor":28,"turns":6},{"damage":25,"enemies":"HollowMod:Nosk","floor":30,"turns":11},{"damage":27,"enemies":"Champ","floor":33,"turns":10},{"damage":17,"enemies":"Orb Walker","floor":35,"turns":5},{"damage":24,"enemies":"3 Darklings","floor":37,"turns":8},{"damage":40,"enemies":"Spire Growth","floor":38,"turns":7},{"damage":35,"enemies":"Maw","floor":39,"turns":9}],"seed_played":"-1799688700608472121","potions_obtained":[{"floor":1,"key":"Regen Potion"},{"floor":8,"key":"DistilledChaos"},{"floor":14,"key":"BloodPotion"},{"floor":16,"key":"Explosive Potion"},{"floor":30,"key":"Energy Potion"},{"floor":33,"key":"Explosive Potion"}],"is_trial":false,"path_per_floor":["M","M","?","M","$","R","E","M","T","E","$","?","M","M","R","B",null,"M","M","$","?","T","R","$","R","T","R","M","R","E","$","R_BF","B",null,"M","$","M","M","M"],"character_chosen":"IRONCLAD","items_purchased":["Sling","ReplayTheSpireMod:CursedCoin","DemoMod:MonsterBlood","Membership Card","Guide Book"],"campfire_rested":2,"item_purchase_floors":[5,20,20,36,36],"current_hp_per_floor":[80,80,80,80,80,80,73,74,74,69,69,69,75,80,80,80,80,67,25,32,32,32,58,58,84,84,84,63,63,44,44,44,38,87,76,76,58,24,0,0],"gold":128,"neow_bonus":"RANDOM_COMMON_RELIC","is_daily":false,"chose_seed":false,"campfire_upgraded":4,"win_rate":0.0,"timestamp":1608669303,"path_taken":["M","M","?","M","$","R","E","M","T","E","$","?","?","M","R","BOSS","M","M","?","?","?","R","$","R","T","R","?","R","E","$","R_BF","BOSS","M","$","M","?","M"],"items_purchased_type":["Relic","Relic","Relic","Relic","Relic"],"build_version":"2020-12-13","purchased_purges":1,"victory":false,"max_hp_per_floor":[80,80,80,80,80,80,80,80,80,80,80,80,80,80,80,80,80,80,80,87,87,87,87,87,87,87,87,87,87,87,87,87,87,87,87,87,87,87,87,87],"card_choices":[{"not_picked":["Heavy Blade","Dual Wield"],"picked":"Armaments","floor":1},{"not_picked":["Run Through","Evolve"],"picked":"Pommel Strike","floor":2},{"not_picked":["DemoMod:BlackBlade","Clothesline"],"picked":"Iron Wave","floor":4},{"not_picked":["True Grit","Rage","Run Through"],"picked":"SKIP","floor":7},{"not_picked":["Fire Breathing","Perfected Strike"],"picked":"Clothesline","floor":8},{"not_picked":["ReplayTheSpireMod:Strike From Hell","conspire:HitWhereItHurts","Perfected Strike"],"picked":"SKIP","floor":10},{"not_picked":["Wild Strike","Perfected Strike"],"picked":"Thunderclap","floor":13},{"not_picked":["Perfected Strike","Life Link"],"picked":"Spot Weakness","floor":14},{"not_picked":["Demonic Infusion","conspire:Purge"],"picked":"Demon Form","floor":16},{"not_picked":["Disarm","infinitespire:OneForAll"],"picked":"Thunderclap+1","floor":18},{"not_picked":["Blood for Blood","Thunderclap"],"picked":"Cleave","floor":19},{"not_picked":["Thunderclap","conspire:HitWhereItHurts","Havoc"],"picked":"SKIP","floor":28},{"not_picked":["Evolve","Rupture+1"],"picked":"Ghostly Armor","floor":30},{"not_picked":["Seeing Red","True Grit+1","Anger"],"picked":"SKIP","floor":35},{"not_picked":["ReplayTheSpireMod:Strike From Hell+1","Clothesline+1"],"picked":"Juggernaut","floor":37},{"not_picked":["ReplayTheSpireMod:Strike From Hell+1","Searing Blow","Dark Embrace+1"],"picked":"SKIP","floor":38}],"player_experience":296479,"relics_obtained":[{"floor":3,"key":"conspire:BottledYoYo"},{"floor":7,"key":"Bromod:ArcaneAegis"},{"floor":9,"key":"War Paint"},{"floor":10,"key":"Blue Doll"},{"floor":17,"key":"DemoMod:WhiteGuonStone"},{"floor":17,"key":"DemoMod:JetPack"},{"floor":17,"key":"Replay:Multitool"},{"floor":22,"key":"Bromod:ArcaneGuardian"},{"floor":26,"key":"ReplayTheSpireMod:Spearhead"},{"floor":30,"key":"Art of War"},{"floor":32,"key":"Omamori"}],"event_choices":[{"cards_removed":["Clothesline"],"damage_healed":0,"gold_gain":0,"player_choice":"Give","damage_taken":0,"max_hp_gain":0,"max_hp_loss":0,"event_name":"betterNote:BetterNote","floor":12,"gold_loss":0,"cards_obtained":["None"]},{"damage_healed":0,"gold_gain":0,"player_choice":"Ignored","damage_taken":0,"max_hp_gain":0,"max_hp_loss":0,"event_name":"Ghosts","floor":21,"gold_loss":0}],"is_beta":false,"boss_relics":[{"not_picked":["Velvet Choker","infinitespire:Cupcake"],"picked":"Calling Bell"},{"not_picked":["Runic Cube","Honey Jar"],"picked":"Bromod:ArcaneBarrier"}],"items_purged_floors":[24],"is_endless":false,"potions_floor_spawned":[1,8,14,16,30,33,35],"killed_by":"Maw","ascension_level":1}}