{"host":"kos1s9q8ffr8fqos","time":1608608801,"event":{"mods":["2.2 Compatiblity","AchievementEnabler","AlwaysNeverKeys","BaseMod","Bestiary","Better Altar","Better Match","Better Note","Better Sensory Stone","Better Skull","Better Third Choice","Better Vampires","Colored Map","Colored Powertips","Curses Come First","Hermit","Infinite Spire","Jorbs\u0027s Wanderer Trilogy","Minty Spire (QoL Compilation)","Quick Restart","Random Character Button","Relic Stats","Replay The Spire","StSLib","The Blue Laboratory","The Disciple","The Hierophant"],"gold_per_floor":[112,112,73,73,84,84,102,117,117,131,131,144,159,185,185,259,259,278,297,312,331,331,331,359,359,359,359,394,394,435,445,445,523,523,539,539,539,414,40,40,57,57,82,114,114,145,145,162,162,162],"floor_reached":51,"playtime":2880,"items_purged":["Strike_P","Spreading Infection"],"score":1666,"play_id":"f70f840e-f79d-417a-aed6-0f97ad9ec9ab","local_time":"20201221214641","is_ascension_mode":true,"campfire_choices":[{"data":"Ragnarok","floor":6.0,"key":"SMITH"},{"floor":11.0,"key":"REST"},{"data":"ForeignInfluence","floor":15.0,"key":"SMITH"},{"data":"infinitespire:SevenWalls","floor":23.0,"key":"SMITH"},{"data":"Replay:BasicMightCard","floor":25.0,"key":"SMITH"},{"data":"infinitespire:TheBestDefense","floor":29.0,"key":"SMITH"},{"floor":40.0,"key":"DIG"},{"data":"infinitespire:Gouge","floor":45.0,"key":"SMITH"},{"data":"infinitespire:UltimateForm","floor":49.0,"key":"SMITH"}],"circlet_count":0,"master_deck":["AscendersBane","Strike_P+1","Strike_P","Defend_P","Defend_P+1","Defend_P","Eruption","Vigilance","Ragnarok+1","Replay:Vibes+1","WaveOfTheHand","Masterful Stab","Evaluate","EmptyBody+1","ForeignInfluence+1","Adrenaline","ClearTheMind","Protect+1","LessonLearned","SwitchThreat","stsjorbsmod:CoupDeGrace","DeusExMachina","Replay:BasicMightCard+1","infinitespire:TheBestDefense+1","Fasting2","Replay:AtTheReady+1","infinitespire:SevenWalls+1","DeceiveReality+1","CrushJoints","ThirdEye","CrushJoints+1","Devotion","CurseOfTheBell","Wallop","Madness","Madness","AscendersBane","infinitespire:Gouge+1","Tantrum+1","Vault+1","WreathOfFlame","infinitespire:UltimateForm+1","DeusExMachina"],"relics":["Oddly Smooth Stone","Replay:M_StaffOfTheSnake","Vajra","Replay:Bottled Snecko","Replay:Grab Bag","ChewingGum","ReplayTheSpireMod:SealedPack","Melange","Sozu","Thread and Needle","infinitespire:WardingShard","ReplayTheSpireMod:Ring of Collecting","Ring of Fury","Lantern","Red Mask","Calling Bell","Akabeko","Matryoshka","Shovel","Bronze Scales","Lee\u0027s Waffle","TungstenRod","Ring of Misfortune","Juzu Bracelet","Boot","Blue Candle","infinitespire:CursedDice"],"acts_visited":["Exordium","TheCity","TheBeyond"],"potions_floor_usage":[50],"damage_taken":[{"damage":4.0,"enemies":"2 Louse","floor":1.0,"turns":3.0},{"damage":2.0,"enemies":"Cultist","floor":5.0,"turns":5.0},{"damage":0.0,"enemies":"Small Slimes","floor":7.0,"turns":2.0},{"damage":1.0,"enemies":"Exordium Wildlife","floor":8.0,"turns":2.0},{"damage":3.0,"enemies":"Large Slime","floor":10.0,"turns":5.0},{"damage":4.0,"enemies":"3 Louse","floor":12.0,"turns":4.0},{"damage":0.0,"enemies":"2 Fungi Beasts","floor":13.0,"turns":2.0},{"damage":0.0,"enemies":"Gremlin Nob","floor":14.0,"turns":2.0},{"damage":0.0,"enemies":"Slime Boss","floor":16.0,"turns":3.0},{"damage":0.0,"enemies":"3 Byrds","floor":18.0,"turns":6.0},{"damage":4.0,"enemies":"Chosen","floor":19.0,"turns":6.0},{"damage":0.0,"enemies":"Snake Plant","floor":20.0,"turns":3.0},{"damage":1.0,"enemies":"Cultist and Chosen","floor":21.0,"turns":3.0},{"damage":5.0,"enemies":"Book of Stabbing","floor":24.0,"turns":3.0},{"damage":0.0,"enemies":"Slavers","floor":28.0,"turns":4.0},{"damage":2.0,"enemies":"Masked Bandits","floor":30.0,"turns":3.0},{"damage":0.0,"enemies":"Sentry and Sphere","floor":31.0,"turns":3.0},{"damage":0.0,"enemies":"Automaton","floor":33.0,"turns":12.0},{"damage":0.0,"enemies":"3 Shapes","floor":35.0,"turns":4.0},{"damage":0.0,"enemies":"Orb Walker","floor":41.0,"turns":3.0},{"damage":0.0,"enemies":"Reptomancer","floor":44.0,"turns":5.0},{"damage":0.0,"enemies":"Nemesis","floor":46.0,"turns":5.0},{"damage":0.0,"enemies":"4 Shapes","floor":48.0,"turns":4.0},{"damage":33,"enemies":"Donu and Deca","floor":50,"turns":7}],"seed_played":"-1330037982848636217","potions_obtained":[{"floor":1.0,"key":"blueLaboratory:FruitPunch"},{"floor":5.0,"key":"StancePotion"},{"floor":7.0,"key":"blueLaboratory:BottledHope"},{"floor":8.0,"key":"Venom Potion"},{"floor":14.0,"key":"blueLaboratory:BubblePotion"},{"floor":18.0,"key":"blueLaboratory:BubblePotion"},{"floor":21.0,"key":"blueLaboratory:BottledHope"}],"is_trial":false,"path_per_floor":["M","?","$","?","M","R","M","M","T","M","R","M","M","E","R","B",null,"M","M","M","M","AVR","R","E","R","T","?","E","R","?","M","R_BF","B",null,"M","?","?","?","$","R","M","?","T","E","R","E","?","M","R","B",null],"character_chosen":"WATCHER","items_purchased":["WaveOfTheHand","Bronze Scales","Lee\u0027s Waffle"],"campfire_rested":1,"item_purchase_floors":[3,39,39],"current_hp_per_floor":[39,21,21,21,21,21,21,20,20,17,38,34,34,34,34,34,61,61,57,57,56,56,56,51,51,51,51,51,51,49,49,49,49,65,65,52,52,52,77,77,77,77,77,77,77,77,59,59,59,26],"gold":162,"neow_bonus":"THREE_RARE_CARDS","is_daily":false,"chose_seed":false,"campfire_upgraded":7,"win_rate":0.0,"timestamp":1608608801,"path_taken":["M","?","?","?","M","R","M","M","T","M","R","M","M","E","R","BOSS","M","M","M","M","AVR","R","E","R","T","?","E","R","?","M","R_BF","BOSS","M","?","?","?","?","R","?","?","T","E","R","E","?","M","R","BOSS"],"items_purchased_type":["Card","Relic","Relic"],"build_version":"2020-12-13","purchased_purges":2,"victory":true,"max_hp_per_floor":[68,68,68,68,70,70,70,70,70,70,70,70,70,70,70,70,70,70,70,70,70,70,70,70,70,70,70,70,70,70,70,70,70,70,70,70,70,70,77,77,77,77,77,77,77,77,77,77,77,77],"relic_stats":{"Sozu":4,"Lee\u0027s Waffle":25,"Shovel":1,"counters":[36,217],"Bronze Scales":[54],"Blue Candle":[2],"Melange":[9],"Juzu Bracelet":0,"Boot":[0],"obtain_stats":[{"Golden Egg":45,"Divine Protection":50,"infinitespire:BottledMercury":50,"Spirit Poop":50,"Vajra":0,"Ginger":50,"Boot":43,"Replay:Wanted Poster":50,"Sozu":0,"Centennial Puzzle":45,"Lizard Tail":50,"infinitespire:ShieldingShard":50,"Replay:Bronze Core":17,"Strawberry":50,"Prayer Wheel":46,"Philosopher\u0027s Stone":50,"infinitespire:Golems Mask":50,"MerchantsRug":37,"Happy Flower":50,"ReplayTheSpireMod:CursedCoin":37,"Blue Candle":44,"Replay:Grab Bag":0,"Oddly Smooth Stone":0,"ReplayTheSpireMod:SealedPack":34,"Ring of Chaos":50,"Replay:Ancient Bell":50,"infinitespire:Magic Flask":23,"Akabeko":44,"Du-Vu Doll":50,"infinitespire:Broken Mirror":10,"Bronze Scales":39,"ReplayTheSpireMod:Ring of Collecting":0,"Onion Ring":42,"StrikeDummy":50,"Lantern":0,"hierophant:PropheticMaskRelic":50,"Melange":0,"Incense Burner":6,"Juzu Bracelet":43,"PrismaticShard":50,"Nunchaku":36,"Shovel":50,"Matryoshka":50,"Gambling Chip":38,"Red Mask":0,"Replay:Bottled Snecko":0,"Replay:Bottled Eggs":44,"InkBottle":50,"Potion Belt":31,"Lee\u0027s Waffle":39,"Replay:M_StaffOfTheSnake":0,"infinitespire:CursedDice":21,"Quantum Egg":46,"Thread and Needle":9,"infinitespire:Lucky Rock":37,"infinitespire:CheckeredPen":50,"Replay:Arrowhead":48,"Calling Bell":0,"Strange Spoon":28,"infinitespire:WardingShard":0,"Chronometer":0,"Ornamental Fan":50,"Ring of Misfortune":43,"infinitespire:Satchel":43,"ChewingGum":0,"Ring of Fury":0,"Garlic":19,"Bag of Marbles":26,"Bottled Lightning":50,"TungstenRod":40},{"Golden Egg":29,"Divine Protection":30,"infinitespire:BottledMercury":30,"Spirit Poop":30,"Vajra":0,"Ginger":30,"Boot":32,"Replay:Wanted Poster":30,"Sozu":0,"Centennial Puzzle":29,"Lizard Tail":30,"infinitespire:ShieldingShard":30,"Replay:Bronze Core":10,"Strawberry":30,"Prayer Wheel":24,"Philosopher\u0027s Stone":30,"infinitespire:Golems Mask":30,"MerchantsRug":19,"Happy Flower":30,"ReplayTheSpireMod:CursedCoin":19,"Blue Candle":33,"Replay:Grab Bag":0,"Oddly Smooth Stone":0,"ReplayTheSpireMod:SealedPack":18,"Ring of Chaos":30,"Replay:Ancient Bell":30,"infinitespire:Magic Flask":13,"Akabeko":29,"Du-Vu Doll":30,"infinitespire:Broken Mirror":7,"Bronze Scales":31,"ReplayTheSpireMod:Ring of Collecting":0,"Onion Ring":28,"StrikeDummy":30,"Lantern":0,"hierophant:PropheticMaskRelic":30,"Melange":0,"Incense Burner":4,"Juzu Bracelet":32,"PrismaticShard":30,"Nunchaku":19,"Shovel":30,"Matryoshka":30,"Gambling Chip":20,"Red Mask":0,"Replay:Bottled Snecko":0,"Replay:Bottled Eggs":23,"InkBottle":30,"Potion Belt":17,"Lee\u0027s Waffle":31,"Replay:M_StaffOfTheSnake":0,"infinitespire:CursedDice":11,"Quantum Egg":29,"Thread and Needle":6,"infinitespire:Lucky Rock":19,"infinitespire:CheckeredPen":30,"Replay:Arrowhead":29,"Calling Bell":0,"Strange Spoon":14,"infinitespire:WardingShard":0,"Chronometer":0,"Ornamental Fan":30,"Ring of Misfortune":32,"infinitespire:Satchel":22,"ChewingGum":0,"Ring of Fury":0,"Garlic":11,"Bag of Marbles":14,"Bottled Lightning":30,"TungstenRod":31},{"Golden Egg":170,"Divine Protection":173,"infinitespire:BottledMercury":173,"Spirit Poop":173,"Vajra":0,"Ginger":173,"Boot":196,"Replay:Wanted Poster":173,"Sozu":0,"Centennial Puzzle":170,"Lizard Tail":173,"infinitespire:ShieldingShard":173,"Replay:Bronze Core":55,"Strawberry":173,"Prayer Wheel":145,"Philosopher\u0027s Stone":173,"infinitespire:Golems Mask":173,"MerchantsRug":117,"Happy Flower":173,"ReplayTheSpireMod:CursedCoin":117,"Blue Candle":201,"Replay:Grab Bag":0,"Oddly Smooth Stone":0,"ReplayTheSpireMod:SealedPack":113,"Ring of Chaos":173,"Replay:Ancient Bell":173,"infinitespire:Magic Flask":70,"Akabeko":170,"Du-Vu Doll":173,"infinitespire:Broken Mirror":37,"Bronze Scales":193,"ReplayTheSpireMod:Ring of Collecting":0,"Onion Ring":166,"StrikeDummy":173,"Lantern":0,"hierophant:PropheticMaskRelic":173,"Melange":0,"Incense Burner":24,"Juzu Bracelet":196,"PrismaticShard":173,"Nunchaku":117,"Shovel":173,"Matryoshka":173,"Gambling Chip":121,"Red Mask":0,"Replay:Bottled Snecko":0,"Replay:Bottled Eggs":137,"InkBottle":173,"Potion Belt":95,"Lee\u0027s Waffle":193,"Replay:M_StaffOfTheSnake":0,"infinitespire:CursedDice":59,"Quantum Egg":170,"Thread and Needle":31,"infinitespire:Lucky Rock":117,"infinitespire:CheckeredPen":173,"Replay:Arrowhead":170,"Calling Bell":0,"Strange Spoon":77,"infinitespire:WardingShard":0,"Chronometer":0,"Ornamental Fan":173,"Ring of Misfortune":196,"infinitespire:Satchel":131,"ChewingGum":0,"Ring of Fury":0,"Garlic":59,"Bag of Marbles":77,"Bottled Lightning":173,"TungstenRod":193}],"TungstenRod":6},"card_choices":[{"not_picked":["DeusExMachina","Blasphemy"],"picked":"Ragnarok","floor":0.0},{"not_picked":["Indignation","MentalFortress"],"picked":"Replay:Vibes","floor":1.0},{"not_picked":["CrushJoints","Evaluate"],"picked":"Masterful Stab","floor":5.0},{"not_picked":["SashWhip","EmptyFist"],"picked":"Evaluate","floor":7.0},{"not_picked":["PathToVictory","Replay:BluntJabs"],"picked":"EmptyBody","floor":8.0},{"not_picked":["ThirdEye","FlurryOfBlows"],"picked":"ForeignInfluence","floor":10.0},{"not_picked":["Vengeance","PathToVictory"],"picked":"Adrenaline","floor":12.0},{"not_picked":["Crescendo","Indignation"],"picked":"ClearTheMind","floor":13.0},{"not_picked":["Outmaneuver","Replay:BluntJabs"],"picked":"Protect","floor":14.0},{"not_picked":["ConjureBlade","Judgement"],"picked":"LessonLearned","floor":16.0},{"not_picked":["hierophant:ChurchCoffers","m_Survivalism"],"picked":"stsjorbsmod:CoupDeGrace","floor":17.0},{"not_picked":["Tools of the Trade","Phantasmal Killer"],"picked":"DeusExMachina","floor":17.0},{"not_picked":["Swift Strike","PanicButton"],"picked":"Replay:BasicMightCard","floor":17.0},{"not_picked":["ReplayTheSpireMod:Haul","ReplayTheSpireMod:Echoes of Time"],"picked":"infinitespire:TheBestDefense","floor":17.0},{"not_picked":["FollowUp","EmptyBody"],"picked":"Fasting2","floor":18.0},{"not_picked":["Evaluate","WreathOfFlame","WaveOfTheHand"],"picked":"SKIP","floor":19.0},{"not_picked":["EmptyFist","Evaluate","ClearTheMind+1"],"picked":"SKIP","floor":20.0},{"not_picked":["ClearTheMind","Brilliance"],"picked":"Replay:AtTheReady+1","floor":21.0},{"not_picked":["WaveOfTheHand","Prostrate","Replay:Cycle"],"picked":"SKIP","floor":24.0},{"not_picked":["WaveOfTheHand","Nirvana"],"picked":"DeceiveReality+1","floor":28.0},{"not_picked":["Replay:AtTheReady","FlyingSleeves"],"picked":"CrushJoints","floor":30.0},{"not_picked":["LessonLearned","FollowUp"],"picked":"ThirdEye","floor":31.0},{"not_picked":["Establishment","Replay:AllIn"],"picked":"Devotion","floor":33.0},{"not_picked":["Replay:Battleflow","Protect"],"picked":"Wallop","floor":35.0},{"not_picked":["EmptyMind+1","Wallop+1"],"picked":"Tantrum+1","floor":38.0},{"not_picked":["Ragnarok+1","SpiritShield+1"],"picked":"Vault+1","floor":38.0},{"not_picked":["CrushJoints","Wallop","ClearTheMind"],"picked":"SKIP","floor":41.0},{"not_picked":["EmptyFist","FollowUp"],"picked":"WreathOfFlame","floor":44.0},{"not_picked":["BowlingBash","InnerPeace+1","EmptyBody"],"picked":"SKIP","floor":46.0},{"not_picked":["infinitespire:Execution","infinitespire:FutureSight"],"picked":"infinitespire:UltimateForm","floor":47.0},{"not_picked":["CutThroughFate","Replay:BluntJabs"],"picked":"DeusExMachina","floor":48.0}],"player_experience":1248463,"relics_obtained":[{"floor":9.0,"key":"Vajra"},{"floor":14.0,"key":"Replay:Bottled Snecko"},{"floor":24.0,"key":"Thread and Needle"},{"floor":26.0,"key":"infinitespire:WardingShard"},{"floor":27.0,"key":"ReplayTheSpireMod:Ring of Collecting"},{"floor":27.0,"key":"Ring of Fury"},{"floor":28.0,"key":"Lantern"},{"floor":30.0,"key":"Red Mask"},{"floor":34.0,"key":"Akabeko"},{"floor":34.0,"key":"Matryoshka"},{"floor":34.0,"key":"Shovel"},{"floor":40.0,"key":"TungstenRod"},{"floor":43.0,"key":"Ring of Misfortune"},{"floor":43.0,"key":"Juzu Bracelet"},{"floor":43.0,"key":"Boot"},{"floor":44.0,"key":"Blue Candle"},{"floor":46.0,"key":"infinitespire:CursedDice"}],"event_choices":[{"damage_healed":0.0,"max_hp_gain":0.0,"max_hp_loss":0.0,"gold_gain":0.0,"event_name":"betterSkull:BetterSkull","player_choice":"RE ","floor":2.0,"gold_loss":0.0,"damage_taken":20.0,"cards_upgraded":[],"relics_obtained":["Oddly Smooth Stone"]},{"damage_healed":0.0,"max_hp_gain":0.0,"max_hp_loss":0.0,"gold_gain":0.0,"event_name":"Masked Bandits","player_choice":"Fought Bandits","floor":30.0,"gold_loss":0.0,"damage_taken":0.0},{"damage_healed":0.0,"max_hp_gain":0.0,"max_hp_loss":0.0,"gold_gain":0.0,"event_name":"Winding Halls","player_choice":"Embrace Madness","floor":36.0,"gold_loss":0.0,"damage_taken":13.0,"cards_obtained":["Madness","Madness"]},{"damage_healed":0.0,"max_hp_gain":0.0,"max_hp_loss":0.0,"gold_gain":3.0,"event_name":"betterStone:BetterStone","player_choice":"3","floor":37.0,"gold_loss":0.0,"damage_taken":0.0,"cards_obtained":["infinitespire:Gouge"]},{"damage_healed":0.0,"max_hp_gain":0.0,"max_hp_loss":0.0,"gold_gain":0.0,"event_name":"betterThird:BetterPortal","player_choice":"Random: Orange","floor":38.0,"gold_loss":0.0,"damage_taken":0.0},{"damage_healed":0.0,"max_hp_gain":0.0,"max_hp_loss":0.0,"gold_gain":0.0,"event_name":"betterMatch:BetterMatch","player_choice":"2","floor":38.0,"gold_loss":0.0,"damage_taken":0.0,"cards_obtained":["betterMatch:RareCard","betterMatch:UncommonCard"]},{"cards_removed":["Strike_P"],"damage_healed":0.0,"max_hp_gain":0.0,"max_hp_loss":0.0,"gold_gain":0.0,"event_name":"Falling","player_choice":"Removed Attack","floor":42.0,"gold_loss":0.0,"damage_taken":0.0}],"is_beta":false,"boss_relics":[{"not_picked":["ReplayTheSpireMod:DimensionalGlitch","Runic Pyramid"],"picked":"Replay:Grab Bag"},{"not_picked":["Runic Dome","Velvet Choker"],"picked":"ChewingGum"},{"not_picked":["SacredBark","Empty Cage"],"picked":"ReplayTheSpireMod:SealedPack"},{"not_picked":["Replay:Bronze Core","Black Star"],"picked":"Calling Bell"}],"items_purged_floors":[22,39],"is_endless":false,"potions_floor_spawned":[1,5,7,8,14,18,21,24,33,35,48],"ascension_level":15}}