{"host":"ctlqibkg0sskiu65","time":1608646778,"event":{"mods":["2.2 Compatiblity","AchievementEnabler","Aspiration","BaseMod","BetterRewards","Colored Map","Colored Powertips","Conspire","Downfall","Fiend Mod","Infinite Spire","Minty Spire (QoL Compilation)","Quick Restart","Replay The Spire","Shop Mod","StSLib","The Bladedancer","The Cursed","The Hierophant","The Jungle","The Kombatant","The Servant 0.9.4","TheBandit"],"gold_per_floor":[117,132,150,2,2,2,21,21,21,47,47,47,81,93,93,194,194,213,241,319,335,54,54,54,54,54,74,86,106,106,118,118,222,222,238,238,250,250,266,266,286,302,350,350,57,57,71,87,87,87,87],"floor_reached":50,"playtime":2777,"items_purged":["Strike_G","Strike_G"],"score":834,"play_id":"62543896-96b5-476e-a18f-3679cf796007","local_time":"20201222081938","is_ascension_mode":true,"campfire_choices":[{"data":"Toxin Wave","floor":6.0,"key":"SMITH"},{"data":"Poisoned Stab","floor":12.0,"key":"SMITH"},{"floor":15.0,"key":"REST"},{"floor":23.0,"key":"REST"},{"data":"After Image","floor":25.0,"key":"SMITH"},{"data":"expansioncontent:ChargeUp","floor":30.0,"key":"SMITH"},{"data":"Neutralize","floor":32.0,"key":"SMITH"},{"data":"infinitespire:Starlight","floor":40.0,"key":"SMITH"},{"floor":44.0,"key":"REST"},{"floor":49,"key":"REST"}],"circlet_count":0,"master_deck":["Strike_G","Strike_G","Strike_G","Defend_G","Defend_G","Defend_G","Defend_G","Defend_G","Survivor","Neutralize+1","Acrobatics","expansioncontent:ChargeUp+1","PiercingWail","Toxin Wave+1","Poisoned Stab+1","Deadly Poison","After Image+1","Bane","Poisoned Stab","Deadly Poison","infinitespire:Neurotoxin","infinitespire:Starlight+1","Noxious Fumes+1","Replay:Poison Smokescreen","Poisoned Stab+1"],"relics":["Ring of the Snake","Tough Bandages","TwistedFunnel","conspire:DeflatedDodgeball","aspiration:ChemicalBlood","Centennial Puzzle","Philosopher\u0027s Stone","Red Mask","ClockworkSouvenir","Kunai","Black Star","Omamori","Blue Doll","Garlic"],"acts_visited":["Exordium","TheCity","TheBeyond"],"potions_floor_usage":[48,48,50],"damage_taken":[{"damage":0.0,"enemies":"Cultist","floor":1.0,"turns":3.0},{"damage":0.0,"enemies":"2 Louse","floor":2.0,"turns":3.0},{"damage":9.0,"enemies":"Small Slimes","floor":3.0,"turns":3.0},{"damage":2.0,"enemies":"Blue Slaver","floor":7.0,"turns":5.0},{"damage":19.0,"enemies":"Lagavulin","floor":13.0,"turns":7.0},{"damage":3.0,"enemies":"Looter","floor":14.0,"turns":2.0},{"damage":50.0,"enemies":"Slime Boss","floor":16.0,"turns":12.0},{"damage":0.0,"enemies":"Shell Parasite","floor":18.0,"turns":5.0},{"damage":2.0,"enemies":"Masked Bandits","floor":19.0,"turns":3.0},{"damage":23.0,"enemies":"3 Byrds","floor":21.0,"turns":4.0},{"damage":0.0,"enemies":"Centurion and Healer","floor":27.0,"turns":6.0},{"damage":5.0,"enemies":"Shelled Parasite and Fungi","floor":28.0,"turns":5.0},{"damage":7.0,"enemies":"Sentry and Sphere","floor":29.0,"turns":4.0},{"damage":3.0,"enemies":"Cultist and Chosen","floor":31.0,"turns":6.0},{"damage":23.0,"enemies":"Automaton","floor":33.0,"turns":10.0},{"damage":9.0,"enemies":"Orb Walker","floor":35.0,"turns":5.0},{"damage":2.0,"enemies":"3 Darklings","floor":37.0,"turns":5.0},{"damage":5.0,"enemies":"Sphere and 2 Shapes","floor":39.0,"turns":6.0},{"damage":10.0,"enemies":"Spire Growth","floor":41.0,"turns":6.0},{"damage":29.0,"enemies":"Jaw Worm Horde","floor":42.0,"turns":5.0},{"damage":48.0,"enemies":"Writhing Mass","floor":47.0,"turns":5.0},{"damage":14,"enemies":"3 Darklings","floor":48,"turns":7},{"damage":74,"enemies":"conspire:OrnateMirror","floor":50,"turns":5}],"seed_played":"-3862753286165332947","potions_obtained":[{"floor":2.0,"key":"Poison Potion"},{"floor":3.0,"key":"Regen Potion"},{"floor":27.0,"key":"Languid Potion"},{"floor":33.0,"key":"Strength Potion"},{"floor":35.0,"key":"AttackPotion"},{"floor":39.0,"key":"GamblersBrew"},{"floor":41.0,"key":"LiquidMemories"},{"floor":47.0,"key":"EssenceOfSteel"}],"is_trial":false,"path_per_floor":["M","M","M","$","?","R","M","?","T","T","?","R","E","M","R","B",null,"M","?","T","M","$","R","?","R","T","M","M","M","R","M","R","B",null,"M","?","M","AVR","M","R","M","M","T","R","$","?","M","M","R","B"],"character_chosen":"THE_SILENT","items_purchased":["TwistedFunnel","Acrobatics","LifebloodPotion","Poisoned Stab","ClockworkSouvenir","Noxious Fumes+1","Garlic"],"campfire_rested":4,"item_purchase_floors":[0,0,4,22,22,45,45],"current_hp_per_floor":[63,63,54,54,54,54,52,52,52,52,52,52,33,30,51,1,53,68,66,66,43,43,64,64,64,64,64,59,52,52,49,49,26,59,50,50,48,48,53,53,58,44,44,65,65,65,32,33,54,0,0],"gold":87,"neow_bonus":"","is_daily":false,"chose_seed":false,"campfire_upgraded":6,"win_rate":0.0,"timestamp":1608646778,"path_taken":["M","M","?","$","?","R","M","?","T","?","?","R","E","M","R","BOSS","M","?","?","M","$","R","?","R","T","M","M","M","R","M","R","BOSS","M","?","?","AVR","M","R","M","M","T","R","?","?","M","M","R","BOSS"],"items_purchased_type":["Relic","Card","Potion","Card","Relic","Card","Relic"],"build_version":"2020-12-13","purchased_purges":2,"victory":false,"max_hp_per_floor":[70,70,70,70,70,70,70,70,70,70,70,70,70,70,70,70,70,70,70,70,70,70,70,70,70,70,70,70,70,70,70,70,70,70,70,70,70,70,70,70,70,70,70,70,70,70,70,70,70,70,70],"card_choices":[{"not_picked":["Deflect","Dagger Throw"],"picked":"PiercingWail","floor":1.0},{"not_picked":["Dagger Spray","Leg Sweep"],"picked":"Toxin Wave","floor":2.0},{"not_picked":["Slice","Skewer","ReplayTheSpireMod:Speed Training"],"picked":"SKIP","floor":3.0},{"not_picked":["Blade Dance","Outmaneuver"],"picked":"Poisoned Stab","floor":7.0},{"not_picked":["Dodge and Roll","ReplayTheSpireMod:The Works","Night Terror"],"picked":"SKIP","floor":13.0},{"not_picked":["Draining Mist","Accuracy"],"picked":"Deadly Poison","floor":14.0},{"not_picked":["Phantasmal Killer","Glass Knife"],"picked":"After Image","floor":16.0},{"not_picked":["Prepared","Flechettes","Sucker Punch"],"picked":"SKIP","floor":18.0},{"not_picked":["ReplayTheSpireMod:Scrap Shanks","Acrobatics"],"picked":"Bane","floor":19.0},{"not_picked":["Blade Dance","Leg Sweep","Dagger Spray"],"picked":"SKIP","floor":21.0},{"not_picked":["Prepared","Outmaneuver"],"picked":"Deadly Poison","floor":27.0},{"not_picked":["Hidden Blade","Deflect","Blade Dance"],"picked":"SKIP","floor":28.0},{"not_picked":["Riddle With Holes+1","Flying Knee","Acrobatics"],"picked":"SKIP","floor":29.0},{"not_picked":["Slice","Riddle With Holes","Blade Dance"],"picked":"SKIP","floor":31.0},{"not_picked":["Unload","Grand Finale"],"picked":"infinitespire:Neurotoxin","floor":33.0},{"not_picked":["Deflect","Underhanded Strike+1","Eviscerate+1"],"picked":"SKIP","floor":35.0},{"not_picked":["Leg Sweep","Outmaneuver","Underhanded Strike+1"],"picked":"SKIP","floor":37.0},{"not_picked":["Dagger Spray+1","Toxin Wave","Outmaneuver"],"picked":"SKIP","floor":39.0},{"not_picked":["Deadly Poison","Hidden Blade+1","Unload"],"picked":"SKIP","floor":41.0},{"not_picked":["Riddle With Holes","Bane","Quick Slash"],"picked":"SKIP","floor":42.0},{"not_picked":["Dagger Spray+1","ReplayTheSpireMod:Scrap Shanks"],"picked":"Replay:Poison Smokescreen","floor":47.0},{"not_picked":["Underhanded Strike+1","Flechettes+1"],"picked":"Poisoned Stab+1","floor":48}],"player_experience":167743,"relics_obtained":[{"floor":9.0,"key":"conspire:DeflatedDodgeball"},{"floor":10.0,"key":"aspiration:ChemicalBlood"},{"floor":13.0,"key":"Centennial Puzzle"},{"floor":19.0,"key":"Red Mask"},{"floor":26.0,"key":"Kunai"},{"floor":43.0,"key":"Blue Doll"}],"event_choices":[{"damage_healed":0.0,"max_hp_gain":0.0,"max_hp_loss":0.0,"gold_gain":0.0,"event_name":"Liars Game","player_choice":"Ignored","floor":5.0,"gold_loss":0.0,"damage_taken":0.0},{"damage_healed":0.0,"max_hp_gain":0.0,"max_hp_loss":0.0,"gold_gain":0.0,"event_name":"conspire:Investor","player_choice":"Leave","floor":8.0,"gold_loss":0.0,"damage_taken":0.0},{"damage_healed":0.0,"max_hp_gain":0.0,"max_hp_loss":0.0,"gold_gain":0.0,"event_name":"Lab","player_choice":"Got Potions","floor":11.0,"gold_loss":0.0,"damage_taken":0.0},{"damage_healed":0.0,"max_hp_gain":0.0,"max_hp_loss":0.0,"gold_gain":0.0,"event_name":"Masked Bandits","player_choice":"Fought Bandits","floor":19.0,"gold_loss":0.0,"damage_taken":0.0},{"damage_healed":0.0,"max_hp_gain":0.0,"max_hp_loss":0.0,"gold_gain":0.0,"event_name":"WeMeetAgain","player_choice":"Ignored","floor":36.0,"gold_loss":0.0,"damage_taken":0.0}],"is_beta":false,"boss_relics":[{"not_picked":["SacredBark","Sozu"],"picked":"Philosopher\u0027s Stone"},{"not_picked":["Replay:Grab Bag","Ring of the Serpent"],"picked":"Black Star"}],"items_purged_floors":[4,22],"is_endless":false,"potions_floor_spawned":[2,3,14,27,28,33,35,39,41,48],"killed_by":"conspire:OrnateMirror","ascension_level":8}}