{"host":"v0dnu0zs4qo0v13s","time":1608656606,"event":{"mods":["BaseMod","Colored Map","Colored Powertips","Minty Spire (QoL Compilation)","Relic Stats","StSLib","SuperFastMode","everything is the same but u backflip on backflip"],"gold_per_floor":[109,128,139,154,170,170,18,18,73,73,91,126,142,142,142,142,142],"floor_reached":16,"playtime":833,"items_purged":[],"score":200,"play_id":"93f6743e-410b-49ea-8c86-81d86cc3ad6f","local_time":"20201222120326","is_ascension_mode":true,"campfire_choices":[{"data":"Sword Boomerang","floor":6.0,"key":"SMITH"},{"data":"Evolve","floor":8.0,"key":"SMITH"},{"data":"Rupture","floor":15,"key":"SMITH"}],"circlet_count":0,"master_deck":["AscendersBane","Strike_R","Strike_R","Strike_R","Defend_R","Defend_R","Defend_R","Defend_R","Bash","Flex","Burning Pact","Sword Boomerang+1","Seeing Red","Evolve+1","Power Through","Rupture+1"],"relics":["Burning Blood","Toy Ornithopter","Gremlin Horn"],"acts_visited":["Exordium"],"potions_floor_usage":[14,16],"damage_taken":[{"damage":1.0,"enemies":"2 Louse","floor":1.0,"turns":2.0},{"damage":6.0,"enemies":"Cultist","floor":2.0,"turns":4.0},{"damage":6.0,"enemies":"Small Slimes","floor":3.0,"turns":6.0},{"damage":13.0,"enemies":"3 Louse","floor":4.0,"turns":4.0},{"damage":22.0,"enemies":"Blue Slaver","floor":5.0,"turns":5.0},{"damage":10.0,"enemies":"2 Fungi Beasts","floor":11.0,"turns":3.0},{"damage":35.0,"enemies":"Lagavulin","floor":12.0,"turns":7.0},{"damage":6.0,"enemies":"Looter","floor":13.0,"turns":4.0},{"damage":0,"enemies":"3 Sentries","floor":14,"turns":1},{"damage":46,"enemies":"Hexaghost","floor":16,"turns":9}],"seed_played":"7103163784998515189","potions_obtained":[{"floor":1.0,"key":"Energy Potion"},{"floor":2.0,"key":"Regen Potion"},{"floor":12.0,"key":"FearPotion"},{"floor":13.0,"key":"SmokeBomb"}],"is_trial":false,"path_per_floor":["M","M","M","M","M","R","$","R","T","?","M","E","M","E","R","B"],"character_chosen":"IRONCLAD","items_purchased":["Evolve","Power Through"],"campfire_rested":0,"item_purchase_floors":[7,7],"current_hp_per_floor":[73,73,73,66,50,50,50,50,50,50,46,37,37,48,48,7,7],"gold":142,"neow_bonus":"TRANSFORM_CARD","is_daily":false,"chose_seed":false,"campfire_upgraded":3,"win_rate":0.0,"timestamp":1608656606,"path_taken":["M","M","M","M","M","R","$","R","T","?","M","E","M","E","R","BOSS"],"items_purchased_type":["Card","Card"],"build_version":"2020-12-13","purchased_purges":0,"victory":false,"max_hp_per_floor":[75,75,75,75,75,75,75,75,75,75,75,75,75,75,75,75,75],"relic_stats":{"Gremlin Horn":[0,0],"counters":[10,45],"obtain_stats":[{"Gremlin Horn":12,"Burning Blood":0,"Toy Ornithopter":9},{"Gremlin Horn":7,"Burning Blood":0,"Toy Ornithopter":5},{"Gremlin Horn":31,"Burning Blood":0,"Toy Ornithopter":21}],"Burning Blood":54,"Toy Ornithopter":15},"card_choices":[{"not_picked":["Pummel","Dual Wield"],"picked":"Burning Pact","floor":1.0},{"not_picked":["Cleave","Anger","Hemokinesis"],"picked":"SKIP","floor":2.0},{"not_picked":["Combust","Body Slam","Warcry"],"picked":"SKIP","floor":3.0},{"not_picked":["Iron Wave","Body Slam"],"picked":"Sword Boomerang","floor":4.0},{"not_picked":["Rage","Sever Soul"],"picked":"Seeing Red","floor":5.0},{"not_picked":["Warcry","Combust","Armaments"],"picked":"SKIP","floor":11.0},{"not_picked":["Havoc","Pommel Strike","Clash"],"picked":"SKIP","floor":12.0},{"not_picked":["Entrench","Clothesline"],"picked":"Rupture","floor":13.0}],"player_experience":637328,"relics_obtained":[{"floor":9.0,"key":"Toy Ornithopter"},{"floor":12.0,"key":"Gremlin Horn"}],"event_choices":[{"cards_removed":["Strike_R"],"damage_healed":0.0,"max_hp_gain":0.0,"max_hp_loss":0.0,"gold_gain":0.0,"event_name":"Bonfire Elementals","player_choice":"Offered Basic","floor":10.0,"gold_loss":0.0,"damage_taken":0.0}],"is_beta":false,"boss_relics":[],"items_purged_floors":[],"is_endless":false,"potions_floor_spawned":[1,2,12,13],"killed_by":"Hexaghost","ascension_level":15}}