{"host":"30jsp143e4v19aze","time":1608672237,"event":{"mods":["BaseMod","Colored Map","Colored Powertips","Curses Come First","DeckTracker","Highlight Path","Minty Spire (QoL Compilation)","Quick Restart","Relic Stats","StSLib"],"gold_per_floor":[114,132,145,157,157,157,22,49,73,73,106,106,106,130,130,130,130],"floor_reached":16,"playtime":539,"items_purged":[],"score":215,"play_id":"9d0cfaa2-d0ec-4066-9386-a3e35ecff00c","local_time":"20201222222357","is_ascension_mode":true,"campfire_choices":[{"data":"Poisoned Stab","floor":6,"key":"SMITH"},{"floor":10,"key":"REST"},{"data":"Dagger Spray","floor":12,"key":"SMITH"},{"floor":15,"key":"REST"}],"circlet_count":0,"master_deck":["AscendersBane","Strike_G","Strike_G","Strike_G","Strike_G","Strike_G","Defend_G","Defend_G","Defend_G","Defend_G","Defend_G","Survivor","Neutralize","Poisoned Stab+1","Backflip","Malaise","Dagger Spray+1","Terror","Endless Agony","Crippling Poison","Leg Sweep"],"relics":["Ring of the Snake","Tiny Chest","Toy Ornithopter","Pen Nib","Golden Idol"],"acts_visited":["Exordium"],"potions_floor_usage":[4,8],"damage_taken":[{"damage":8,"enemies":"Small Slimes","floor":1,"turns":4},{"damage":0,"enemies":"2 Louse","floor":2,"turns":2},{"damage":7,"enemies":"Jaw Worm","floor":3,"turns":4},{"damage":7,"enemies":"Exordium Wildlife","floor":4,"turns":5},{"damage":19,"enemies":"Gremlin Nob","floor":8,"turns":4},{"damage":23,"enemies":"Lagavulin","floor":11,"turns":7},{"damage":6,"enemies":"3 Louse","floor":14,"turns":2},{"damage":30,"enemies":"Slime Boss","floor":16,"turns":8}],"seed_played":"8741570573766128005","potions_obtained":[{"floor":2,"key":"SkillPotion"},{"floor":4,"key":"Strength Potion"},{"floor":14,"key":"Energy Potion"}],"is_trial":false,"path_per_floor":["M","M","M","M","$","R","$","E","T","R","E","R","?","M","R","B"],"character_chosen":"THE_SILENT","items_purchased":["Dagger Spray","Terror"],"campfire_rested":2,"item_purchase_floors":[7,7],"current_hp_per_floor":[57,57,50,43,43,43,43,24,24,45,22,22,22,16,35,5,5],"gold":130,"neow_bonus":"TEN_PERCENT_HP_BONUS","is_daily":false,"chose_seed":false,"campfire_upgraded":2,"win_rate":0.0,"timestamp":1608672237,"path_taken":["M","M","M","M","$","R","$","E","T","R","E","R","?","M","R","BOSS"],"items_purchased_type":["Card","Card"],"build_version":"2020-12-13","purchased_purges":0,"victory":false,"max_hp_per_floor":[72,72,72,72,72,72,72,72,72,72,72,72,65,65,65,65,65],"relic_stats":{"counters":[8,36],"Golden Idol":5,"Tiny Chest":0,"Pen Nib":[1],"obtain_stats":[{"Golden Idol":13,"Tiny Chest":8,"Pen Nib":11,"Toy Ornithopter":9,"Ring of the Snake":0},{"Golden Idol":6,"Tiny Chest":5,"Pen Nib":6,"Toy Ornithopter":5,"Ring of the Snake":0},{"Golden Idol":26,"Tiny Chest":19,"Pen Nib":26,"Toy Ornithopter":19,"Ring of the Snake":0}],"Toy Ornithopter":0,"Ring of the Snake":[16]},"card_choices":[{"not_picked":["Slice","Deadly Poison"],"picked":"Poisoned Stab","floor":1},{"not_picked":["Deadly Poison","Acrobatics"],"picked":"Backflip","floor":2},{"not_picked":["Calculated Gamble","Cloak And Dagger"],"picked":"Malaise","floor":3},{"not_picked":["Slice","Expertise","Poisoned Stab"],"picked":"SKIP","floor":4},{"not_picked":["Cloak And Dagger","Terror"],"picked":"Endless Agony","floor":8},{"not_picked":["Bane","Malaise"],"picked":"Crippling Poison","floor":11},{"not_picked":["Bane","Flying Knee"],"picked":"Leg Sweep","floor":14}],"player_experience":3067708,"relics_obtained":[{"floor":8,"key":"Tiny Chest"},{"floor":9,"key":"Toy Ornithopter"},{"floor":11,"key":"Pen Nib"}],"event_choices":[{"damage_healed":0,"gold_gain":0,"player_choice":"Lose Max HP","damage_taken":0,"relics_obtained":["Golden Idol"],"max_hp_gain":0,"max_hp_loss":7,"event_name":"Golden Idol","floor":13,"gold_loss":0}],"is_beta":false,"boss_relics":[],"items_purged_floors":[],"is_endless":false,"potions_floor_spawned":[2,4,14],"killed_by":"Slime Boss","ascension_level":19}}