{"host":"a1kj1kkwgoo3jtle","time":1608635398,"event":{"mods":["2.2 Compatiblity","AchievementEnabler","AlwaysNeverKeys","BaseMod","Better Synergies","Better Third Choice","Colored Powertips","Communication Mod","Custom Start","Downfall","Faster Ascension Climbing","Filter the Spire","Friendly Minions","GifTheSpireLib","Gremlin Skip","Highlight Path","HololiveMod","Infinite Spire","Luminous","Minty Spire (QoL Compilation)","Quick Restart","Reimu??????","Relic Stats","Remilia??????","Replay The Spire","Reworked Bosses","Shade Mod","StSLib","The Alterego","The Druid","The Exalted","The Runesmith","The Servant 0.9.4","TheSwordswoman","Wandering Minibosses","WarShipGirlsR/????R mod","Yuri Mod"],"gold_per_floor":[132,132,136,136,168,168,213,237,237,271,305,305,356,98,98,102,102],"floor_reached":16,"playtime":1469,"items_purged":[],"score":165,"play_id":"b3f0371a-adb6-4556-ace9-19c47356e7e1","local_time":"20201222130958","daily_mods":["Uncertain Future"],"is_ascension_mode":true,"campfire_choices":[{"data":"theDruid:Resourcefulness","floor":12.0,"key":"SMITH"},{"floor":15.0,"key":"DIG"}],"circlet_count":0,"master_deck":["AscendersBane","theDruid:Strike_O","theDruid:Strike_O","theDruid:Strike_O","theDruid:Strike_O","theDruid:Defend_O","theDruid:Defend_O","theDruid:Defend_O","theDruid:Defend_O","theDruid:BriarArmor+1","theDruid:WildSlash","theDruid:Guidance","theDruid:Forage+1","theDruid:Slingshot","theDruid:ThickHide","theDruid:Resupply","theDruid:Resourcefulness+1","Pot Of Greed","Pot Of Greed","theDruid:InsectSwarm","theDruid:Resupply","theDruid:Slingshot+1","theDruid:Pathfinder"],"relics":["theDruid:CrownOfTheWilds","Replay:Bandana","Black Star","Replay:Towering Pillar of Hats","Blue Doll","Lizard Tail","Sling","Sizzling Blood","SacredBark","Regal Pillow","Guardian:PickAxe","Question Card","infinitespire:PuzzleCube","Potion Belt","infinitespire:Midas Blood","Replay:Multitool","Bromod:ArcaneMomentum","Gremlin Food","theDruid:PetrifiedLog","ReplayTheSpireMod:Ninjato","PureWhite:ReiMu","Grinning Jar","Anchor","The Courier"],"acts_visited":["Exordium"],"potions_floor_usage":[],"damage_taken":[{"damage":19.0,"enemies":"Jaw Worm","floor":1.0,"turns":4.0},{"damage":0.0,"enemies":"Small Slimes","floor":5.0,"turns":3.0},{"damage":33.0,"enemies":"Lagavulin","floor":7.0,"turns":7.0},{"damage":0.0,"enemies":"2 Louse","floor":8.0,"turns":2.0},{"damage":10.0,"enemies":"Exordium Wildlife","floor":10.0,"turns":5.0},{"damage":6.0,"enemies":"Blue Slaver","floor":11.0,"turns":5.0},{"damage":21.0,"enemies":"3 Sentries","floor":13.0,"turns":7.0},{"damage":0,"enemies":"Fading Forest","floor":16,"turns":2}],"seed_played":"5163537494848733685","potions_obtained":[{"floor":7.0,"key":"Regen Potion"},{"floor":8.0,"key":"Block Potion"},{"floor":10.0,"key":"Toxic Potion"},{"floor":13.0,"key":"Venom Potion"}],"is_trial":true,"path_per_floor":["M","?","?","?","M","R","E","M","T","M","M","R","E","$","R","B"],"character_chosen":"DRUID","items_purchased":["theDruid:Resupply","theDruid:Slingshot+1","Anchor","theDruid:Pathfinder"],"campfire_rested":0,"item_purchase_floors":[14,14,14,14],"current_hp_per_floor":[57,57,50,50,54,79,50,59,59,58,61,61,79,79,79,79,79],"gold":102,"neow_bonus":"","is_daily":false,"chose_seed":false,"campfire_upgraded":1,"win_rate":0.0,"timestamp":1608635398,"path_taken":["M","?","?","?","M","R","E","M","T","M","M","R","E","$","R","BOSS"],"items_purchased_type":["Card","Card","Relic","Card"],"build_version":"2020-12-13","purchased_purges":0,"victory":false,"max_hp_per_floor":[79,79,79,79,79,79,79,79,79,79,79,79,79,79,79,79,79],"relic_stats":{"Lizard Tail":0,"Regal Pillow":2,"counters":[8,34],"Black Star":2,"Question Card":7,"obtain_stats":[{"Potion Belt":0,"Gremlin Food":7,"Regal Pillow":0,"ReplayTheSpireMod:Ninjato":9,"Replay:Towering Pillar of Hats":0,"SacredBark":0,"Blue Doll":0,"The Courier":15,"Sizzling Blood":0,"Replay:Multitool":0,"Sling":0,"Question Card":0,"theDruid:CrownOfTheWilds":0,"Bromod:ArcaneMomentum":3,"Guardian:PickAxe":0,"Replay:Bandana":0,"Lizard Tail":0,"theDruid:PetrifiedLog":7,"PureWhite:ReiMu":13,"Anchor":14,"Black Star":0,"Grinning Jar":13,"infinitespire:PuzzleCube":0,"infinitespire:Midas Blood":0},{"Potion Belt":0,"Gremlin Food":3,"Regal Pillow":0,"ReplayTheSpireMod:Ninjato":4,"Replay:Towering Pillar of Hats":0,"SacredBark":0,"Blue Doll":0,"The Courier":7,"Sizzling Blood":0,"Replay:Multitool":0,"Sling":0,"Question Card":0,"theDruid:CrownOfTheWilds":0,"Bromod:ArcaneMomentum":1,"Guardian:PickAxe":0,"Replay:Bandana":0,"Lizard Tail":0,"theDruid:PetrifiedLog":3,"PureWhite:ReiMu":7,"Anchor":7,"Black Star":0,"Grinning Jar":7,"infinitespire:PuzzleCube":0,"infinitespire:Midas Blood":0},{"Potion Belt":0,"Gremlin Food":14,"Regal Pillow":0,"ReplayTheSpireMod:Ninjato":16,"Replay:Towering Pillar of Hats":0,"SacredBark":0,"Blue Doll":0,"The Courier":33,"Sizzling Blood":0,"Replay:Multitool":0,"Sling":0,"Question Card":0,"theDruid:CrownOfTheWilds":0,"Bromod:ArcaneMomentum":4,"Guardian:PickAxe":0,"Replay:Bandana":0,"Lizard Tail":0,"theDruid:PetrifiedLog":14,"PureWhite:ReiMu":33,"Anchor":33,"Black Star":0,"Grinning Jar":33,"infinitespire:PuzzleCube":0,"infinitespire:Midas Blood":0}]},"card_choices":[{"not_picked":["theDruid:BrambleLash","theDruid:ExposingSlash","theDruid:Moonbeam"],"picked":"theDruid:Guidance","floor":1.0},{"not_picked":["theDruid:FuriousSlash","theDruid:Pathfinder","theDruid:ThornStrike"],"picked":"theDruid:Forage","floor":5.0},{"not_picked":["theDruid:ViralBites","theDruid:Gore","theDruid:FelineGrace"],"picked":"theDruid:Slingshot","floor":7.0},{"not_picked":["theDruid:Prowl","theDruid:FaerieFire","theDruid:Recoil"],"picked":"theDruid:ThickHide","floor":8.0},{"not_picked":["theDruid:IronClaw","theDruid:Moonbeam","theDruid:ApexPredator"],"picked":"theDruid:Resupply","floor":10.0},{"not_picked":["theDruid:IronClaw","theDruid:BristlingBulwark","theDruid:WildArmor"],"picked":"theDruid:Resourcefulness","floor":11.0},{"not_picked":["theDruid:Stampede","theDruid:ExposingSlash","theDruid:Recoil"],"picked":"theDruid:InsectSwarm","floor":13.0}],"player_experience":60973,"relics_obtained":[{"floor":7.0,"key":"Gremlin Food"},{"floor":7.0,"key":"theDruid:PetrifiedLog"},{"floor":9.0,"key":"ReplayTheSpireMod:Ninjato"},{"floor":13.0,"key":"PureWhite:ReiMu"},{"floor":13.0,"key":"Grinning Jar"},{"floor":15.0,"key":"The Courier"}],"event_choices":[{"damage_healed":0.0,"max_hp_gain":0.0,"max_hp_loss":0.0,"gold_gain":0.0,"event_name":"Living Wall","player_choice":"Grow","floor":2.0,"gold_loss":0.0,"damage_taken":0.0,"cards_upgraded":["theDruid:BriarArmor"]},{"damage_healed":0.0,"max_hp_gain":0.0,"max_hp_loss":0.0,"gold_gain":0.0,"event_name":"betterThird:BetterScrap","player_choice":"Relic ","floor":3.0,"gold_loss":0.0,"damage_taken":7.0,"cards_obtained":["ReplaySolidLightProjector"]}],"is_beta":false,"boss_relics":[],"items_purged_floors":[],"is_endless":false,"potions_floor_spawned":[7,8,10,13],"killed_by":"Fading Forest","ascension_level":10}}