{"host":"2o3sockympbxxanu","time":1608650133,"event":{"mods":["AchievementEnabler","BaseMod","Colored Map","Colored Powertips","Downfall","Marisa£®ÏF”Í°°ƒß¿Ì…≥£©","Minty Spire (QoL Compilation)","StSLib"],"gold_per_floor":[110,110,124,143,156,156,188,188,213,242,242,277,51,70,70,170,170,186,203,203,220,272,272,298,298,372,119,119,129,149,164,164,265,265,279,279,290,131,0,27,27,27,52,52,70,70,88,101,101,101,101,101,3,35,35,35],"floor_reached":55,"playtime":4361,"items_purged":["Defend_G","Writhe","Strike_G"],"score":783,"play_id":"85638902-4e4d-4651-9ef1-ca168d8a451b","local_time":"20201222231533","is_ascension_mode":true,"campfire_choices":[{"data":"Infinite Blades","floor":6.0,"key":"SMITH"},{"floor":8.0,"key":"REST"},{"floor":15.0,"key":"REST"},{"floor":23.0,"key":"REST"},{"floor":32.0,"key":"REST"},{"floor":44.0,"key":"REST"},{"data":"Accuracy","floor":46.0,"key":"SMITH"},{"floor":49.0,"key":"RECALL"},{"data":"Terror","floor":52.0,"key":"SMITH"}],"circlet_count":0,"master_deck":["Strike_G+1","Strike_G+1","Defend_G","Defend_G","Survivor","Neutralize+1","Infinite Blades+1","Cloak And Dagger+1","Die Die Die","Infinite Blades","Cloak And Dagger","Accuracy","Corpse Explosion","Deflect+1","Accuracy+1","Terror+1","Night Terror","Deflect+1","Deadly Poison","Quick Slash+1","Storm of Steel","Burst","Noxious Fumes+1","Parasite","A Thousand Cuts+1"],"relics":["Ring of the Serpent","Whetstone","Ancient Tea Set","MealTicket","Nunchaku","Tiny Chest","Strange Spoon","Meat on the Bone","Orichalcum","HandDrill","Nloth\u0027s Gift","Runic Pyramid","Frozen Egg 2","Red Mask","FossilizedHelix","Bag of Marbles","Juzu Bracelet","Toy Ornithopter"],"acts_visited":["Exordium","TheCity","TheBeyond","TheEnding"],"potions_floor_usage":[55,55],"damage_taken":[{"damage":0.0,"enemies":"2 Louse","floor":1.0,"turns":2.0},{"damage":6.0,"enemies":"Jaw Worm","floor":3.0,"turns":4.0},{"damage":0.0,"enemies":"Cultist","floor":4.0,"turns":3.0},{"damage":4.0,"enemies":"Large Slime","floor":5.0,"turns":6.0},{"damage":16.0,"enemies":"Lagavulin","floor":7.0,"turns":8.0},{"damage":20.0,"enemies":"Gremlin Nob","floor":10.0,"turns":4.0},{"damage":12.0,"enemies":"Lagavulin","floor":12.0,"turns":6.0},{"damage":0.0,"enemies":"Exordium Wildlife","floor":14.0,"turns":2.0},{"damage":34.0,"enemies":"The Guardian","floor":16.0,"turns":10.0},{"damage":25.0,"enemies":"2 Thieves","floor":18.0,"turns":3.0},{"damage":15.0,"enemies":"Spheric Guardian","floor":19.0,"turns":4.0},{"damage":26.0,"enemies":"Snake Plant","floor":21.0,"turns":5.0},{"damage":14.0,"enemies":"Gremlin Leader","floor":24.0,"turns":4.0},{"damage":13.0,"enemies":"Cultist and Chosen","floor":29.0,"turns":4.0},{"damage":7.0,"enemies":"Snecko","floor":30.0,"turns":4.0},{"damage":19.0,"enemies":"3 Cultists","floor":31.0,"turns":4.0},{"damage":40.0,"enemies":"Collector","floor":33.0,"turns":6.0},{"damage":20.0,"enemies":"3 Darklings","floor":35.0,"turns":3.0},{"damage":33.0,"enemies":"3 Shapes","floor":37.0,"turns":5.0},{"damage":20.0,"enemies":"Giant Head","floor":40.0,"turns":6.0},{"damage":20.0,"enemies":"Writhing Mass","floor":45.0,"turns":5.0},{"damage":0.0,"enemies":"Maw","floor":47.0,"turns":6.0},{"damage":10.0,"enemies":"Sphere and 2 Shapes","floor":48.0,"turns":5.0},{"damage":50.0,"enemies":"Donu and Deca","floor":50.0,"turns":5.0},{"damage":40.0,"enemies":"Shield and Spear","floor":54.0,"turns":4.0},{"damage":65,"enemies":"The Heart","floor":55,"turns":5}],"seed_played":"4856793048160452873","potions_obtained":[{"floor":1.0,"key":"GamblersBrew"},{"floor":4.0,"key":"DistilledChaos"},{"floor":5.0,"key":"Dexterity Potion"},{"floor":14.0,"key":"Block Potion"},{"floor":16.0,"key":"Fire Potion"},{"floor":18.0,"key":"SneckoOil"},{"floor":24.0,"key":"BlessingOfTheForge"},{"floor":29.0,"key":"Fire Potion"},{"floor":35.0,"key":"ColorlessPotion"},{"floor":40.0,"key":"Explosive Potion"},{"floor":47.0,"key":"SpeedPotion"},{"floor":48.0,"key":"Regen Potion"}],"is_trial":false,"path_per_floor":["M","?","M","M","M","R","E","R","T","E","?","E","$","M","R","B",null,"M","M","?","M","T","R","E","?","T","$","?","M","M","M","R","B",null,"M","T","M","$","?","E","?","T","T","R","M","R","M","M","R","B",null,"R","$","E","B"],"character_chosen":"THE_SILENT","items_purchased":["Strange Spoon","HandDrill","Noxious Fumes+1","SteroidPotion","Fire Potion"],"campfire_rested":5,"item_purchase_floors":[13,27,38,53,53],"current_hp_per_floor":[70,63,57,57,53,53,37,58,58,38,24,12,27,27,48,14,70,45,30,30,16,16,37,35,35,35,50,50,37,42,35,56,28,70,50,50,29,44,44,36,36,36,36,57,37,37,37,39,39,15,70,70,70,42,0,0],"gold":35,"neow_bonus":"RANDOM_COMMON_RELIC","is_daily":false,"chose_seed":false,"campfire_upgraded":3,"win_rate":0.0,"timestamp":1608650133,"path_taken":["M","?","M","M","M","R","E","R","T","E","?","E","?","?","R","BOSS","M","M","?","M","?","R","E","?","T","$","?","M","M","?","R","BOSS","M","?","M","?","?","E","?","?","T","R","M","R","M","M","R","BOSS","R","$","E","BOSS"],"items_purchased_type":["Relic","Relic","Card","Potion","Potion"],"build_version":"2020-12-13","purchased_purges":3,"victory":false,"max_hp_per_floor":[70,70,70,70,70,70,70,70,70,70,70,70,70,70,70,70,70,70,70,70,70,70,70,70,70,70,70,70,70,70,70,70,70,70,70,70,70,70,70,70,70,70,70,70,70,70,70,70,70,70,70,70,70,70,70,70],"card_choices":[{"not_picked":["Blade Dance","Masterful Stab"],"picked":"Infinite Blades","floor":1.0},{"not_picked":["Dodge and Roll","Backstab"],"picked":"Cloak And Dagger","floor":3.0},{"not_picked":["Dagger Spray","Tools of the Trade","Outmaneuver"],"picked":"SKIP","floor":4.0},{"not_picked":["Dagger Spray","Dagger Throw","Prepared"],"picked":"SKIP","floor":5.0},{"not_picked":["Heel Hook","Prepared"],"picked":"Die Die Die","floor":7.0},{"not_picked":["Prepared","Bane"],"picked":"Infinite Blades","floor":10.0},{"not_picked":["Prepared","Poisoned Stab"],"picked":"Cloak And Dagger","floor":12.0},{"not_picked":["Glass Knife","Outmaneuver"],"picked":"Accuracy","floor":14.0},{"not_picked":["Wraith Form v2","Bullet Time"],"picked":"Corpse Explosion","floor":16.0},{"not_picked":["Prepared","Well Laid Plans+1","Deflect"],"picked":"SKIP","floor":18.0},{"not_picked":["Eviscerate","Backflip+1","Endless Agony"],"picked":"SKIP","floor":19.0},{"not_picked":["Crippling Poison","Tactician"],"picked":"Deflect+1","floor":21.0},{"not_picked":["Quick Slash","Concentrate+1"],"picked":"Accuracy","floor":24.0},{"not_picked":["Masterful Stab","Grand Finale"],"picked":"Deflect+1","floor":29.0},{"not_picked":["Acrobatics","Underhanded Strike"],"picked":"Deadly Poison","floor":30.0},{"not_picked":["Expertise","Tactician"],"picked":"Quick Slash+1","floor":31.0},{"not_picked":["Adrenaline","Glass Knife"],"picked":"Storm of Steel","floor":33.0},{"not_picked":["PiercingWail","Concentrate+1"],"picked":"Burst","floor":35.0},{"not_picked":["Poisoned Stab","Deflect","Sucker Punch"],"picked":"SKIP","floor":37.0},{"not_picked":["Eviscerate+1","Sucker Punch+1","Calculated Gamble+1"],"picked":"SKIP","floor":40.0},{"not_picked":["Phantasmal Killer","Envenom+1","Skewer+1"],"picked":"SKIP","floor":45.0},{"not_picked":["Deflect+1","Flying Knee","Slice+1"],"picked":"SKIP","floor":47.0},{"not_picked":["Poisoned Stab+1","Bouncing Flask","Acrobatics+1"],"picked":"SKIP","floor":48.0},{"not_picked":["Eviscerate","Predator+1"],"picked":"A Thousand Cuts+1","floor":54.0}],"player_experience":275755,"relics_obtained":[{"floor":7.0,"key":"Ancient Tea Set"},{"floor":9.0,"key":"MealTicket"},{"floor":10.0,"key":"Nunchaku"},{"floor":12.0,"key":"Tiny Chest"},{"floor":24.0,"key":"Orichalcum"},{"floor":26.0,"key":"Darkstone Periapt"},{"floor":36.0,"key":"Frozen Egg 2"},{"floor":40.0,"key":"FossilizedHelix"},{"floor":42.0,"key":"Bag of Marbles"},{"floor":43.0,"key":"Juzu Bracelet"},{"floor":54.0,"key":"Toy Ornithopter"}],"event_choices":[{"cards_removed":["Defend_G"],"damage_healed":0.0,"max_hp_gain":0.0,"max_hp_loss":0.0,"gold_gain":0.0,"event_name":"Golden Wing","player_choice":"Card Removal","floor":2.0,"gold_loss":0.0,"damage_taken":7.0},{"damage_healed":0.0,"max_hp_gain":0.0,"max_hp_loss":0.0,"gold_gain":0.0,"event_name":"Shining Light","player_choice":"Entered Light","floor":11.0,"gold_loss":0.0,"damage_taken":14.0,"cards_upgraded":["Cloak And Dagger","Strike_G"]},{"damage_healed":0.0,"max_hp_gain":0.0,"max_hp_loss":0.0,"gold_gain":0.0,"event_name":"The Mausoleum","player_choice":"Opened","floor":20.0,"gold_loss":0.0,"damage_taken":0.0,"relics_obtained":["Meat on the Bone"],"cards_obtained":["Writhe"]},{"damage_healed":0.0,"max_hp_gain":0.0,"max_hp_loss":0.0,"gold_gain":0.0,"cards_transformed":["Strike_G","Defend_G"],"event_name":"Drug Dealer","player_choice":"Became Test Subject","floor":25.0,"gold_loss":0.0,"damage_taken":0.0,"cards_obtained":["Terror","Night Terror"]},{"damage_healed":0.0,"max_hp_gain":0.0,"max_hp_loss":0.0,"gold_gain":0.0,"event_name":"N\u0027loth","player_choice":"Traded Relic","floor":28.0,"relics_lost":["Darkstone Periapt"],"gold_loss":0.0,"damage_taken":0.0,"relics_obtained":["Nloth\u0027s Gift"]},{"damage_healed":0.0,"max_hp_gain":0.0,"max_hp_loss":0.0,"gold_gain":0.0,"event_name":"Tomb of Lord Red Mask","player_choice":"Paid","floor":39.0,"gold_loss":131.0,"damage_taken":0.0,"relics_obtained":["Red Mask"]},{"cards_removed":["Strike_G"],"damage_healed":0.0,"max_hp_gain":0.0,"max_hp_loss":0.0,"gold_gain":0.0,"event_name":"Falling","player_choice":"Removed Attack","floor":41.0,"gold_loss":0.0,"damage_taken":0.0}],"is_beta":false,"boss_relics":[{"not_picked":["Velvet Choker","HoveringKite"],"picked":"Ring of the Serpent"},{"not_picked":["SlaversCollar","SacredBark"],"picked":"Runic Pyramid"}],"items_purged_floors":[13,27,38],"is_endless":false,"potions_floor_spawned":[1,4,5,14,16,18,24,29,35,40,47,48],"killed_by":"The Heart","ascension_level":2}}