{"host":"4nqeo0vu1vuav7gg","time":1608653061,"event":{"mods":["AchievementEnabler","BaseMod","Block Reminder","Colored Map","Colored Powertips","Highlight Path","Minty Spire (QoL Compilation)","Quick Restart","Rare Cards Sparkle","Relic Relevance Reorder","StSLib"],"gold_per_floor":[117,392,402,402,402,402,436,436,436,436,24,49,88,112,112,208,208,229,242,37,60,31,31,51,51,121,121,142,185,209,278,278,278,278],"floor_reached":33,"playtime":1767,"items_purged":["Injury"],"score":536,"play_id":"6e8ae00b-8cec-4746-96eb-7f388884d05f","local_time":"20201222170421","is_ascension_mode":true,"campfire_choices":[{"data":"Zap","floor":6.0,"key":"SMITH"},{"data":"Dualcast","floor":8.0,"key":"SMITH"},{"floor":15.0,"key":"REST"},{"floor":23,"key":"REST"},{"data":"Loop","floor":25,"key":"SMITH"},{"floor":27,"key":"REST"},{"floor":32,"key":"REST"}],"circlet_count":0,"master_deck":["AscendersBane","Strike_B","Strike_B","Strike_B","Strike_B","Defend_B","Defend_B","Defend_B","Defend_B","Zap+1","Dualcast+1","Cold Snap","Static Discharge","Barrage","Chill","White Noise","Echo Form","CurseOfTheBell","Genetic Algorithm","Redo","Loop+1","Conserve Battery","Seek","Coolheaded","Redo+1","Ball Lightning","Rainbow"],"relics":["Cracked Core","Letter Opener","Emotion Chip","Lantern","Lizard Tail","NeowsBlessing","PreservedInsect","Oddly Smooth Stone","Singing Bowl","Ancient Tea Set","Dream Catcher","Tiny Chest","Golden Idol","Calling Bell"],"acts_visited":["Exordium","TheCity"],"potions_floor_usage":[24],"damage_taken":[{"damage":0.0,"enemies":"Jaw Worm","floor":1.0,"turns":1.0},{"damage":0.0,"enemies":"Cultist","floor":3.0,"turns":1.0},{"damage":0.0,"enemies":"3 Sentries","floor":7.0,"turns":1.0},{"damage":0.0,"enemies":"2 Louse","floor":12.0,"turns":2.0},{"damage":32.0,"enemies":"Gremlin Nob","floor":13.0,"turns":4.0},{"damage":48.0,"enemies":"Hexaghost","floor":16.0,"turns":9.0},{"damage":12.0,"enemies":"3 Byrds","floor":18.0,"turns":3.0},{"damage":17,"enemies":"Shell Parasite","floor":19,"turns":4},{"damage":18,"enemies":"Chosen and Byrds","floor":21,"turns":4},{"damage":58,"enemies":"3 Cultists","floor":24,"turns":6},{"damage":11,"enemies":"Shelled Parasite and Fungi","floor":28,"turns":4},{"damage":25,"enemies":"Gremlin Leader","floor":29,"turns":7},{"damage":2,"enemies":"Centurion and Healer","floor":30,"turns":8},{"damage":46,"enemies":"Automaton","floor":33,"turns":8}],"seed_played":"3244141965854221885","potions_obtained":[{"floor":7.0,"key":"Strength Potion"},{"floor":12.0,"key":"LiquidBronze"},{"floor":18.0,"key":"LiquidBronze"},{"floor":24,"key":"SteroidPotion"}],"is_trial":false,"path_per_floor":["M","?","M","?","?","R","E","R","T","?","$","M","E","T","R","B",null,"M","M","$","M","$","R","M","R","T","R","M","E","M","T","R","B"],"character_chosen":"DEFECT","items_purchased":["Static Discharge","Tiny Chest","Fruit Juice","Barrage","Loop","Conserve Battery","Coolheaded"],"campfire_rested":4,"item_purchase_floors":[11,11,11,11,20,20,22],"current_hp_per_floor":[64,64,64,64,64,64,64,64,64,64,64,69,37,37,59,11,60,48,31,31,13,13,35,20,20,20,42,33,8,6,6,31,0,0],"gold":278,"neow_bonus":"THREE_ENEMY_KILL","is_daily":false,"chose_seed":false,"campfire_upgraded":3,"win_rate":0.0,"timestamp":1608653061,"path_taken":["M","?","?","?","?","R","E","R","T","?","$","M","E","?","R","BOSS","M","M","?","M","$","R","?","R","T","R","M","E","M","?","R","BOSS"],"items_purchased_type":["Card","Relic","Potion","Card","Card","Card","Card"],"build_version":"2020-12-13","purchased_purges":1,"victory":false,"max_hp_per_floor":[71,71,71,71,71,71,71,71,71,71,71,76,76,76,76,76,76,76,76,76,76,76,76,76,76,76,76,78,78,78,78,80,80,80],"card_choices":[{"not_picked":["Stack","Force Field","Hologram"],"picked":"SKIP","floor":1.0},{"not_picked":["Stack","Go for the Eyes"],"picked":"Cold Snap","floor":3.0},{"not_picked":["Steam Power","Go for the Eyes","Heatsinks"],"picked":"SKIP","floor":7.0},{"not_picked":["Undo","Hello World"],"picked":"Chill","floor":12.0},{"not_picked":["All For One","Gash"],"picked":"White Noise","floor":13.0},{"not_picked":["Seek","Multi-Cast"],"picked":"Echo Form","floor":16.0},{"not_picked":["Coolheaded","Steam"],"picked":"Genetic Algorithm","floor":18.0},{"not_picked":["Hologram","Reinforced Body"],"picked":"Redo","floor":19},{"not_picked":["FTL","Go for the Eyes"],"picked":"Seek","floor":21},{"not_picked":["Tempest","Hello World+1"],"picked":"Redo+1","floor":24},{"not_picked":["Skim","Rebound","Gash"],"picked":"Singing Bowl","floor":28},{"not_picked":["Conserve Battery","Beam Cell"],"picked":"Ball Lightning","floor":29},{"not_picked":["Barrage","Leap+1"],"picked":"Rainbow","floor":30},{"not_picked":["Stack","Leap","Sweeping Beam"],"picked":"Singing Bowl","floor":32}],"player_experience":982362,"relics_obtained":[{"floor":7.0,"key":"Emotion Chip"},{"floor":9.0,"key":"Lantern"},{"floor":13.0,"key":"Ancient Tea Set"},{"floor":14.0,"key":"PreservedInsect"},{"floor":17.0,"key":"Oddly Smooth Stone"},{"floor":17.0,"key":"Letter Opener"},{"floor":17.0,"key":"Lizard Tail"},{"floor":26,"key":"Singing Bowl"},{"floor":29,"key":"Dream Catcher"}],"event_choices":[{"damage_healed":0.0,"max_hp_gain":0.0,"max_hp_loss":0.0,"gold_gain":275.0,"event_name":"Golden Shrine","player_choice":"Desecrate","floor":2.0,"gold_loss":0.0,"damage_taken":0.0,"cards_obtained":["Regret"]},{"damage_healed":0.0,"max_hp_gain":0.0,"max_hp_loss":0.0,"gold_gain":0.0,"event_name":"Golden Idol","player_choice":"Take Wound","floor":4.0,"gold_loss":0.0,"damage_taken":0.0,"relics_obtained":["Golden Idol"],"cards_obtained":["Injury"]},{"cards_removed":["Regret"],"damage_healed":0.0,"max_hp_gain":0.0,"max_hp_loss":0.0,"gold_gain":0.0,"event_name":"Living Wall","player_choice":"Forget","floor":5.0,"gold_loss":0.0,"damage_taken":0.0},{"damage_healed":0.0,"max_hp_gain":0.0,"max_hp_loss":0.0,"gold_gain":0.0,"event_name":"The Cleric","player_choice":"Leave","floor":10.0,"gold_loss":0.0,"damage_taken":0.0}],"is_beta":false,"boss_relics":[{"not_picked":["Busted Crown","Pandora\u0027s Box"],"picked":"Calling Bell"}],"items_purged_floors":[20],"is_endless":false,"potions_floor_spawned":[7,12,18,24],"killed_by":"Automaton","ascension_level":16}}