{"host":"7yxt37kap0q16lk4","time":1608631213,"event":{"mods":["2.2 Compatiblity","Act Like it!","BaseMod","Better Third Choice","Better-Laid Plans","Colored Map","Custom Start","Highlight Path","Keyboard Shortcuts","Minty Spire (QoL Compilation)","Quick Restart","Rare Cards Sparkle","Relic Stats","Shop Mod","Slay the Relics Exporter","StSLib","SuperFastMode"],"gold_per_floor":[114,128,278,278,292,326,326,336,336,336,351,351,384,403,403,480,480,493,503,503,271,287,287,320,320,343,355,367,379,391,436,448,534,546,573,585,181,194,207,207,207,239,239,269,282,294,344,7,7,7,7,7,7,7,39,39,39],"floor_reached":56,"playtime":2272,"items_purged":["Strike_B","Strike_B","Parasite"],"score":2181,"play_id":"34d5986a-a9dc-4ee0-8456-3f6640b20a96","local_time":"20201222190013","is_ascension_mode":true,"campfire_choices":[{"data":"Zap","floor":7.0,"key":"SMITH"},{"data":"Beam Cell","floor":12.0,"key":"SMITH"},{"data":"Capacitor","floor":15.0,"key":"SMITH"},{"floor":23.0,"key":"REST"},{"floor":27.0,"key":"REST"},{"data":"Steam","floor":29.0,"key":"SMITH"},{"data":"Machine Learning","floor":32.0,"key":"SMITH"},{"floor":40.0,"key":"RECALL"},{"data":"Dualcast","floor":49,"key":"SMITH"},{"floor":53,"key":"DIG"}],"circlet_count":0,"master_deck":["AscendersBane","Defend_B","Defend_B","Defend_B","Defend_B","Zap+1","Dualcast+1","Sweeping Beam","Gash","Beam Cell+1","All For One","Steam+1","All For One","Conserve Battery+1","Turbo+1","Capacitor+1","Echo Form","Gash","Steam+1","Steam Power+1","Machine Learning+1","Go for the Eyes+1","Meteor Strike","Hologram+1","Glacier+1","Double Energy+1","Amplify+1","Loop+1","Undo+1","Coolheaded+1"],"relics":["Cracked Core","Omamori","Bag of Preparation","Toxic Egg 2","Du-Vu Doll","Nuclear Battery","Runic Capacitor","Juzu Bracelet","MawBank","Thread and Needle","Ancient Tea Set","Runic Dome","FossilizedHelix","Gremlin Horn","Happy Flower","Shovel","Lee\u0027s Waffle","Pear","Orichalcum"],"acts_visited":["Exordium","TheCity","TheBeyond","TheEnding"],"potions_floor_usage":[55,56,56],"damage_taken":[{"damage":1.0,"enemies":"Cultist","floor":1.0,"turns":3.0},{"damage":0.0,"enemies":"2 Louse","floor":2.0,"turns":3.0},{"damage":2.0,"enemies":"Jaw Worm","floor":5.0,"turns":3.0},{"damage":8.0,"enemies":"Gremlin Nob","floor":6.0,"turns":3.0},{"damage":0.0,"enemies":"Looter","floor":8.0,"turns":1.0},{"damage":1.0,"enemies":"Exordium Thugs","floor":11.0,"turns":4.0},{"damage":20.0,"enemies":"3 Sentries","floor":13.0,"turns":8.0},{"damage":0.0,"enemies":"Gremlin Gang","floor":14.0,"turns":2.0},{"damage":0.0,"enemies":"Slime Boss","floor":16.0,"turns":5.0},{"damage":22.0,"enemies":"2 Thieves","floor":18.0,"turns":5.0},{"damage":17.0,"enemies":"3 Byrds","floor":19.0,"turns":2.0},{"damage":24.0,"enemies":"Shelled Parasite and Fungi","floor":22.0,"turns":4.0},{"damage":8.0,"enemies":"Book of Stabbing","floor":24.0,"turns":3.0},{"damage":0.0,"enemies":"Gremlin Leader","floor":31.0,"turns":4.0},{"damage":37.0,"enemies":"Collector","floor":33.0,"turns":7.0},{"damage":2.0,"enemies":"3 Shapes","floor":35.0,"turns":5.0},{"damage":1.0,"enemies":"3 Darklings","floor":38.0,"turns":6.0},{"damage":0.0,"enemies":"Writhing Mass","floor":39.0,"turns":4.0},{"damage":0.0,"enemies":"Giant Head","floor":42.0,"turns":4.0},{"damage":0.0,"enemies":"Reptomancer","floor":44.0,"turns":3.0},{"damage":0.0,"enemies":"Transient","floor":45.0,"turns":6.0},{"damage":7,"enemies":"Maw","floor":46,"turns":6},{"damage":11,"enemies":"2 Orb Walkers","floor":47,"turns":3},{"damage":9,"enemies":"Awakened One","floor":50,"turns":10},{"damage":23,"enemies":"Time Eater","floor":51,"turns":13},{"damage":44,"enemies":"Shield and Spear","floor":55,"turns":8},{"damage":48,"enemies":"The Heart","floor":56,"turns":2}],"seed_played":"-4515714923662111171","potions_obtained":[{"floor":1.0,"key":"Swift Potion"},{"floor":5.0,"key":"CultistPotion"},{"floor":8.0,"key":"LiquidBronze"},{"floor":14.0,"key":"SteroidPotion"},{"floor":19.0,"key":"EssenceOfDarkness"},{"floor":24.0,"key":"Fire Potion"},{"floor":33.0,"key":"FocusPotion"},{"floor":35.0,"key":"PotionOfCapacity"},{"floor":45.0,"key":"AttackPotion"},{"floor":55,"key":"Ancient Potion"}],"is_trial":false,"path_per_floor":["M","M","?","?","M","E","R","M","T","?","M","R","E","M","R","B",null,"M","M","?","$","M","R","E","?","T","R","?","R","?","E","R","B",null,"M","?","$","M","M","R","?","E","T","E","M","M","?","$","R","B","B",null,"R","$","E","B"],"character_chosen":"DEFECT","items_purchased":["Runic Capacitor","FossilizedHelix","Lee\u0027s Waffle","Coolheaded+1"],"campfire_rested":2,"item_purchase_floors":[21,37,48,48],"current_hp_per_floor":[63,63,63,63,61,53,53,53,53,53,52,52,32,32,32,32,61,39,22,36,36,12,33,25,25,25,46,46,46,46,46,46,9,56,54,54,54,53,53,53,53,53,53,53,53,46,35,75,75,66,43,67,77,77,33,0,0],"gold":39,"neow_bonus":"RANDOM_COMMON_RELIC","is_daily":false,"chose_seed":false,"campfire_upgraded":6,"win_rate":0.0,"timestamp":1608631213,"path_taken":["M","M","?","?","M","E","R","?","T","?","M","R","E","?","R","BOSS","M","M","?","$","M","R","E","?","T","R","?","R","?","E","R","BOSS","M","?","?","M","M","R","?","E","T","E","M","M","?","$","R","BOSS","BOSS","R","$","E","BOSS"],"items_purchased_type":["Relic","Relic","Relic","Card"],"build_version":"2020-12-13","purchased_purges":3,"victory":false,"max_hp_per_floor":[71,71,71,71,71,71,71,71,71,71,71,71,71,71,71,71,71,71,71,71,71,71,71,71,71,71,71,71,71,71,71,71,71,71,71,71,71,71,71,71,71,71,71,71,71,71,71,75,75,75,75,75,85,85,85,85,85],"relic_stats":{"Lee\u0027s Waffle":43,"Shovel":1,"Gremlin Horn":[10,10],"Happy Flower":[16],"counters":[27,127],"Bag of Preparation":[46],"Juzu Bracelet":4,"Orichalcum":[6],"MawBank":132,"obtain_stats":[{"Lee\u0027s Waffle":48,"Pear":53,"Gremlin Horn":42,"Happy Flower":44,"Thread and Needle":30,"Omamori":0,"Bag of Preparation":6,"Runic Capacitor":21,"Juzu Bracelet":24,"Orichalcum":55,"MawBank":26,"Ancient Tea Set":31,"Nuclear Battery":17,"Du-Vu Doll":13,"Runic Dome":34,"Shovel":47,"Toxic Egg 2":9,"Cracked Core":0,"FossilizedHelix":37},{"Lee\u0027s Waffle":23,"Pear":25,"Gremlin Horn":19,"Happy Flower":20,"Thread and Needle":13,"Omamori":0,"Bag of Preparation":4,"Runic Capacitor":11,"Juzu Bracelet":13,"Orichalcum":26,"MawBank":13,"Ancient Tea Set":14,"Nuclear Battery":9,"Du-Vu Doll":7,"Runic Dome":15,"Shovel":23,"Toxic Egg 2":5,"Cracked Core":0,"FossilizedHelix":16},{"Lee\u0027s Waffle":94,"Pear":117,"Gremlin Horn":76,"Happy Flower":79,"Thread and Needle":46,"Omamori":0,"Bag of Preparation":12,"Runic Capacitor":39,"Juzu Bracelet":46,"Orichalcum":125,"MawBank":46,"Ancient Tea Set":50,"Nuclear Battery":32,"Du-Vu Doll":25,"Runic Dome":57,"Shovel":94,"Toxic Egg 2":13,"Cracked Core":0,"FossilizedHelix":62}]},"card_choices":[{"not_picked":["Static Discharge","BootSequence"],"picked":"Sweeping Beam","floor":1.0},{"not_picked":["Chaos","Steam"],"picked":"Gash","floor":2.0},{"not_picked":["Sweeping Beam","Fusion"],"picked":"Beam Cell","floor":5.0},{"not_picked":["Rainbow","Coolheaded"],"picked":"All For One","floor":6.0},{"not_picked":["Compile Driver","Leap"],"picked":"Steam","floor":8.0},{"not_picked":["Leap+1","Scrape"],"picked":"Conserve Battery+1","floor":11.0},{"not_picked":["FTL","Thunder Strike"],"picked":"Turbo+1","floor":13.0},{"not_picked":["Barrage","Reprogram+1"],"picked":"Capacitor","floor":14.0},{"not_picked":["Fission+1","Electrodynamics"],"picked":"Echo Form","floor":16.0},{"not_picked":["Fusion+1","Hologram+1"],"picked":"Gash","floor":18.0},{"not_picked":["Reinforced Body+1","Cold Snap"],"picked":"Steam+1","floor":19.0},{"not_picked":["Gash","Conserve Battery+1"],"picked":"Steam Power+1","floor":22.0},{"not_picked":["Conserve Battery+1","Steam+1"],"picked":"Machine Learning","floor":24.0},{"not_picked":["Turbo+1","Melter+1"],"picked":"Go for the Eyes+1","floor":31.0},{"not_picked":["Electrodynamics","Hyperbeam"],"picked":"Meteor Strike","floor":33.0},{"not_picked":["Steam+1","Cold Snap","Blizzard"],"picked":"SKIP","floor":35.0},{"not_picked":["Sweeping Beam","Hologram+1","Conserve Battery+1"],"picked":"SKIP","floor":38.0},{"not_picked":["Sweeping Beam","Conserve Battery+1"],"picked":"Hologram+1","floor":38.0},{"not_picked":["Barrage","Rebound+1"],"picked":"Glacier+1","floor":39.0},{"not_picked":["Sweeping Beam+1","Ball Lightning+1"],"picked":"Double Energy+1","floor":42.0},{"not_picked":["Ball Lightning+1","Doom and Gloom+1"],"picked":"Amplify+1","floor":44.0},{"not_picked":["Ball Lightning","Reinforced Body+1"],"picked":"Loop+1","floor":45.0},{"not_picked":["Self Repair","BootSequence+1"],"picked":"Undo+1","floor":46},{"not_picked":["Self Repair","Ball Lightning","Rebound+1"],"picked":"SKIP","floor":55}],"player_experience":1009329,"relics_obtained":[{"floor":6.0,"key":"Bag of Preparation"},{"floor":9.0,"key":"Toxic Egg 2"},{"floor":13.0,"key":"Du-Vu Doll"},{"floor":24.0,"key":"Juzu Bracelet"},{"floor":26.0,"key":"MawBank"},{"floor":31.0,"key":"Ancient Tea Set"},{"floor":42.0,"key":"Gremlin Horn"},{"floor":44.0,"key":"Happy Flower"},{"floor":47,"key":"Shovel"},{"floor":53,"key":"Pear"},{"floor":55,"key":"Orichalcum"}],"event_choices":[{"damage_healed":0.0,"max_hp_gain":0.0,"max_hp_loss":0.0,"gold_gain":150.0,"event_name":"betterThird:BetterSerpent","player_choice":"AGREE","floor":3.0,"gold_loss":0.0,"damage_taken":128.0},{"cards_removed":["Strike_B"],"damage_healed":0.0,"max_hp_gain":0.0,"max_hp_loss":0.0,"gold_gain":0.0,"event_name":"Purifier","player_choice":"Purged","floor":4.0,"gold_loss":0.0,"damage_taken":0.0},{"damage_healed":0.0,"max_hp_gain":0.0,"max_hp_loss":0.0,"gold_gain":0.0,"cards_transformed":["Strike_B"],"event_name":"Transmorgrifier","player_choice":"Transformed","floor":10.0,"gold_loss":0.0,"damage_taken":0.0,"cards_obtained":["All For One"]},{"damage_healed":14.0,"max_hp_gain":0.0,"max_hp_loss":0.0,"gold_gain":0.0,"event_name":"The Library","player_choice":"Heal","floor":20.0,"gold_loss":0.0,"damage_taken":0.0},{"damage_healed":0.0,"max_hp_gain":0.0,"max_hp_loss":0.0,"gold_gain":0.0,"event_name":"Match and Keep!","player_choice":"0 cards matched","floor":25.0,"gold_loss":0.0,"damage_taken":0.0,"cards_obtained":[]},{"damage_healed":0.0,"max_hp_gain":0.0,"max_hp_loss":0.0,"gold_gain":0.0,"event_name":"N\u0027loth","player_choice":"Ignored","floor":28.0,"gold_loss":0.0,"damage_taken":0.0},{"damage_healed":0.0,"max_hp_gain":0.0,"max_hp_loss":0.0,"gold_gain":0.0,"event_name":"The Mausoleum","player_choice":"Opened","floor":30.0,"gold_loss":0.0,"damage_taken":0.0,"relics_obtained":["Thread and Needle"],"cards_obtained":["Writhe"]},{"damage_healed":0.0,"max_hp_gain":0.0,"max_hp_loss":0.0,"gold_gain":0.0,"event_name":"betterThird:BetterPortal","player_choice":"Ignored","floor":36.0,"gold_loss":0.0,"damage_taken":0.0},{"damage_healed":0.0,"max_hp_gain":0.0,"max_hp_loss":0.0,"gold_gain":0.0,"event_name":"Lab","player_choice":"Got Potions","floor":41.0,"gold_loss":0.0,"damage_taken":0.0},{"damage_healed":0,"gold_gain":0,"player_choice":"Fight","damage_taken":0,"max_hp_gain":0,"max_hp_loss":0,"event_name":"Mysterious Sphere","floor":47,"gold_loss":0}],"is_beta":false,"boss_relics":[{"not_picked":["Busted Crown","SlaversCollar"],"picked":"Nuclear Battery"},{"not_picked":["Velvet Choker","Pandora\u0027s Box"],"picked":"Runic Dome"}],"items_purged_floors":[21,37,48],"is_endless":false,"potions_floor_spawned":[1,5,8,14,16,19,24,33,35,39,45,47,55],"killed_by":"The Heart","ascension_level":20}}