{"host":"o3b7ow6d1xe49css","time":1608674286,"event":{"mods":["Act Like it!","Aspiration","BaseMod","Bestiary","Better Altar","Better Match","Better Note","Better Sensory Stone","Better Skull","Better Third Choice","Colored Powertips","Conspire","Energized Spire","Force Act Four","GifTheSpireLib","Halation","Hermit","Hubris","Infinite Spire","Lobotomy","Minty Spire (QoL Compilation)","Quick Restart","Replay The Spire","Spicy Shops","Spikes Relics","StSLib","Stuff the Spire","The Blue Laboratory","Wandering Minibosses","vexMod"],"gold_per_floor":[112,132,143,92,108,133,164,164,164,190,222,222,254,254,254],"floor_reached":14,"playtime":943,"items_purged":[],"score":160,"play_id":"cbefb2bf-6d84-4b8f-b954-a58cf26310ac","local_time":"20201222125806","daily_mods":["Heirloom","Flight","Elite Swarm"],"is_ascension_mode":true,"campfire_choices":[{"data":"Bash","floor":8,"key":"SMITH"},{"floor":12,"key":"REST"}],"circlet_count":0,"master_deck":["Strike_R","Strike_R","Strike_R","Strike_R","Strike_R","Defend_R","Defend_R","Defend_R","Defend_R","Bash+1","UniverseFragment","Scorched","Spot Weakness","Anger","OSAHOGD","Cleave","Berserk","VoidDream","Mercenary","Offering","GreedKing"],"relics":["Burning Blood","Ring of Chaos","conspire:Boomerang","CogitoBucket","vexMod:Dragonfruit","StuffTheSpire:Wildfire","infinitespire:FocusingShard","conspire:BottledYoYo","conspire:DeflatedDodgeball","Matryoshka"],"acts_visited":["Exordium"],"potions_floor_usage":[6,13],"damage_taken":[{"damage":15,"enemies":"infinitespire:Voidling","floor":1,"turns":5},{"damage":5,"enemies":"Small Slimes","floor":2,"turns":4},{"damage":6,"enemies":"conspire:RoseBush","floor":3,"turns":2},{"damage":7,"enemies":"2 Fungi Beasts","floor":5,"turns":2},{"damage":12,"enemies":"3 Sentries","floor":6,"turns":3},{"damage":30,"enemies":"Lagavulin","floor":7,"turns":6},{"damage":61,"enemies":"Replay:BlueRogue","floor":10,"turns":4},{"damage":51,"enemies":"Lagavulin","floor":11,"turns":6},{"damage":36,"enemies":"Gremlin Nob","floor":13,"turns":2}],"seed_played":"2435649869799880386","potions_obtained":[{"floor":1,"key":"Strength Potion"},{"floor":10,"key":"BlessingOfTheForge"},{"floor":13,"key":"Death Potion"}],"is_trial":true,"path_per_floor":["M","M","M","$","M","E","E","R","T","E","E","R","E","E"],"character_chosen":"IRONCLAD","items_purchased":["Anger"],"campfire_rested":1,"item_purchase_floors":[4],"current_hp_per_floor":[80,80,80,80,79,78,54,54,54,49,34,59,29,0,0],"gold":254,"neow_bonus":"","is_daily":false,"chose_seed":false,"campfire_upgraded":1,"win_rate":0.0,"timestamp":1608674286,"path_taken":["M","M","M","$","M","E","E","R","T","E","E","R","E","E"],"items_purchased_type":["Card"],"build_version":"2020-12-13","purchased_purges":0,"victory":false,"max_hp_per_floor":[80,80,80,80,80,85,85,85,85,85,85,85,85,85,85],"card_choices":[{"not_picked":["OSAHOGD","SpiderBud"],"picked":"UniverseFragment","floor":1},{"not_picked":["hubris:ReadiedAction","Thunderclap","Bloodletting"],"picked":"SKIP","floor":1},{"not_picked":["Scarecrow","CherryBlossoms"],"picked":"Scorched","floor":2},{"not_picked":["ReplayTheSpireMod:Limb From Limb","Body Slam"],"picked":"Spot Weakness","floor":2},{"not_picked":["WhitesApple","Wellcheers","CrumblingArmor"],"picked":"Singing Bowl","floor":3},{"not_picked":["Abandon","hubris:CleavingFinish","Body Slam"],"picked":"SKIP","floor":3},{"not_picked":["MeatLantern","MHz","SnowQueen"],"picked":"Singing Bowl","floor":5},{"not_picked":["PunishingBird","CrumblingArmor"],"picked":"OSAHOGD","floor":5},{"not_picked":["StuffTheSpire:Incineration","Pommel Strike"],"picked":"Cleave","floor":5},{"not_picked":["PunishingBird","BeautyBeast","CrumblingArmor"],"picked":"Singing Bowl","floor":6},{"not_picked":["Bludgeon","Barricade"],"picked":"Berserk","floor":6},{"not_picked":["ShyLook","FairyFestival","CherryBlossoms"],"picked":"Singing Bowl","floor":7},{"not_picked":["Yin","Murderer"],"picked":"VoidDream","floor":7},{"not_picked":["Eclipse","StuffTheSpire:TitanForm","Immolate"],"picked":"SKIP","floor":7},{"not_picked":["QueenOfHatred","WhitesApple"],"picked":"Mercenary","floor":10},{"not_picked":["Juggernaut","Reaper"],"picked":"Offering","floor":10},{"not_picked":["FieryBird","CherryBlossoms"],"picked":"GreedKing","floor":11},{"not_picked":["conspire:HitWhereItHurts","Brutality","Immolate"],"picked":"SKIP","floor":11},{"not_picked":["Bloodbath","FairyFestival","Wellcheers"],"picked":"Singing Bowl","floor":13},{"not_picked":["Demonic Infusion","Barricade","Juggernaut"],"picked":"SKIP","floor":13}],"player_experience":1820790,"relics_obtained":[{"floor":6,"key":"vexMod:Dragonfruit"},{"floor":7,"key":"StuffTheSpire:Wildfire"},{"floor":9,"key":"infinitespire:FocusingShard"},{"floor":10,"key":"conspire:BottledYoYo"},{"floor":11,"key":"conspire:DeflatedDodgeball"},{"floor":13,"key":"Matryoshka"}],"event_choices":[],"is_beta":false,"boss_relics":[],"items_purged_floors":[],"is_endless":false,"potions_floor_spawned":[1,10,13],"killed_by":"3 Sentries","ascension_level":5}}