{"host":"q6rs3in4l29iepap","time":1608661289,"event":{"mods":["Aspiration","BaseMod","BetterRewards","Colored Map","Downfall","Friendly Minions","Hermit","Hubris","Infinite Spire","Jorbs\u0027s Wanderer Trilogy","Minty Spire (QoL Compilation)","Replay The Spire","Shade Mod","StSLib","The Bug Knight","The Construct","The Cursed","The Disciple","The Hierophant","The Mystic","The Runesmith"],"gold_per_floor":[112,112,128,128,141,166,166,23,23,23,34,63,76,90,90,195,195,210,222,222,234,246,246,265,265,265,365,392,392,410,427,427,527,527,545,545,561,622,641,641,641,641,668,191,203,215,230,230,230,230,230,230,54,85,85],"floor_reached":56,"playtime":4817,"items_purged":[],"score":1183,"play_id":"de1b26c8-75ce-4323-a12f-e6b98f789398","local_time":"20201222102129","is_ascension_mode":false,"campfire_choices":[{"floor":7,"key":"REST"},{"floor":10,"key":"REST"},{"floor":15,"key":"REST"},{"floor":23,"key":"REST"},{"floor":25,"key":"REST"},{"floor":29,"key":"REST"},{"floor":32,"key":"REST"},{"floor":40,"key":"RECALL"},{"floor":42,"key":"REST"},{"data":"hubris:TrickCloak","floor":49,"key":"SMITH"},{"data":"Skewer","floor":52,"key":"SMITH"}],"circlet_count":0,"master_deck":["Defend_G","Defend_G","Defend_G","Defend_G","Defend_G","Survivor","Neutralize","Dagger Spray+1","Caltrops","Quick Slash","Dagger Spray","Backstab","Tools of the Trade","Flying Knee","All Out Attack","Sucker Punch","Bullet Time","ReplayTheSpireMod:Speed Training+1","Blade Dance+1","Slimebound:Tackle+1","Slimebound:Tackle+1","Slimebound:Tackle+1","Hidden Blade","Fluid Movement","All Out Attack","hubris:TrickCloak+1","Acrobatics+1","Poisoned Stab","hubris:Counter","Poisoned Stab+1","Noxious Fumes","Bullet Time","Skewer+1","Backflip+1","Quick Slash","Cloak And Dagger+1","Backflip+1","Backstab","Noxious Fumes","ReplayTheSpireMod:Haul+1","Flying Knee","Dash+1","Blade Dance+1","ReplayTheSpireMod:Shiv Toss+1","Hidden Blade+1","Writhe","ReplayTheSpireMod:Brewmster","Poisoned Stab+1"],"relics":["Ring of the Snake","Byrd Skull","infinitespire:Joker Card","Bag of Preparation","hubris:EmptyBottle","infinitespire:Lucky Rock","ReplayTheSpireMod:Shallot","hubris:ScarierMask","TungstenRod","Prayer Wheel","hubris:BottledRain","Replay:Accelerometer","Replay:Grab Bag","Sozu","ReplayTheSpireMod:Onyx Gauntlets","hubris:HollowSoul","aspiration:PoetsPen","Toxic Egg 2","Bottled Lightning","Pet Ghost","Blue Doll"],"acts_visited":["Exordium","TheCity","TheBeyond","TheEnding"],"potions_floor_usage":[11,11,16,16,16,16,19,19,22,22,30,39,55,55,55],"damage_taken":[{"damage":1,"enemies":"Cultist","floor":1,"turns":4},{"damage":5,"enemies":"Small Slimes","floor":3,"turns":2},{"damage":0,"enemies":"Jaw Worm","floor":5,"turns":2},{"damage":14,"enemies":"Replay:BlueRogue","floor":6,"turns":7},{"damage":0,"enemies":"3 Louse","floor":11,"turns":1},{"damage":31,"enemies":"Gremlin Nob","floor":12,"turns":5},{"damage":0,"enemies":"Looter","floor":13,"turns":1},{"damage":13,"enemies":"Large Slime","floor":14,"turns":4},{"damage":44,"enemies":"The Guardian","floor":16,"turns":11},{"damage":4,"enemies":"2 Thieves","floor":18,"turns":2},{"damage":22,"enemies":"Shell Parasite","floor":19,"turns":3},{"damage":14,"enemies":"Shelled Parasite and Fungi","floor":21,"turns":4},{"damage":6,"enemies":"Centurion and Healer","floor":22,"turns":2},{"damage":11,"enemies":"Snake Plant","floor":24,"turns":4},{"damage":4,"enemies":"Colosseum Slavers","floor":27,"turns":1},{"damage":2,"enemies":"Colosseum Nobs","floor":27,"turns":1},{"damage":32,"enemies":"Replay:Snechameleon","floor":28,"turns":5},{"damage":2,"enemies":"Snecko","floor":30,"turns":4},{"damage":0,"enemies":"3 Cultists","floor":31,"turns":3},{"damage":75,"enemies":"hubris:MusketHawk","floor":33,"turns":9},{"damage":0,"enemies":"Orb Walker","floor":35,"turns":1},{"damage":0,"enemies":"3 Darklings","floor":37,"turns":2},{"damage":2,"enemies":"Transient","floor":39,"turns":5},{"damage":0,"enemies":"Spire Growth","floor":45,"turns":2},{"damage":5,"enemies":"Maw","floor":46,"turns":3},{"damage":13,"enemies":"4 Shapes","floor":47,"turns":2},{"damage":0,"enemies":"Time Eater","floor":50,"turns":1},{"damage":0,"enemies":"Shield and Spear","floor":54,"turns":2},{"damage":35,"enemies":"The Heart","floor":55,"turns":4}],"seed_played":"4042840953034014461","potions_obtained":[{"floor":1,"key":"Block Potion"},{"floor":3,"key":"PowerPotion"},{"floor":4,"key":"DuplicationPotion"},{"floor":4,"key":"Reflective Coating"},{"floor":11,"key":"Fruit Juice"},{"floor":16,"key":"Toxic Potion"},{"floor":18,"key":"FearPotion"},{"floor":21,"key":"Block Potion"},{"floor":24,"key":"GamblersBrew"},{"floor":28,"key":"SpeedPotion"},{"floor":30,"key":"Cursed Concoction"},{"floor":31,"key":"FearPotion"}],"is_trial":false,"path_per_floor":["M","T","M","?","M","E","R","$","T","R","M","E","M","M","R","B",null,"M","M","?","M","M","R","M","R","T","?","E","R","M","M","R","B",null,"M","AVR","M","?","M","R","?","R","T","?","M","M","M","?","R_BF","B",null,"R","$","E","B",null],"character_chosen":"THE_SILENT","items_purchased":["Dagger Spray+1","Caltrops","hubris:EmptyBottle","ReplayTheSpireMod:Brewmster"],"campfire_rested":8,"item_purchase_floors":[0,0,8,53],"current_hp_per_floor":[54,54,49,49,49,35,56,56,56,70,80,49,49,36,60,16,80,76,54,54,40,34,58,47,71,71,65,33,57,55,55,79,4,80,80,80,80,49,47,47,47,71,71,71,71,66,53,73,73,73,80,80,80,80,45],"gold":85,"neow_bonus":"","is_daily":false,"chose_seed":false,"campfire_upgraded":2,"win_rate":0.0,"timestamp":1608661289,"path_taken":["M","?","M","?","M","E","R","$","T","R","M","E","M","?","R","BOSS","M","M","?","M","M","R","M","R","T","?","E","R","?","M","R","BOSS","M","AVR","M","?","M","R","?","R","T","?","M","M","M","?","R_BF","BOSS","R","$","E","BOSS"],"items_purchased_type":["Card","Card","Relic","Card"],"build_version":"2020-12-13","purchased_purges":0,"victory":true,"max_hp_per_floor":[70,70,70,70,70,70,70,70,70,70,80,80,80,80,80,80,80,80,80,80,80,80,80,80,80,80,80,80,80,80,80,80,80,80,80,80,80,80,80,80,80,80,80,80,80,80,80,80,80,80,80,80,80,80,80],"card_choices":[{"not_picked":["Cloak And Dagger","Dodge and Roll"],"picked":"Quick Slash","floor":1},{"not_picked":["Calculated Gamble","Dodge and Roll"],"picked":"Dagger Spray","floor":3},{"not_picked":["Noxious Fumes","hubris:SlightOfHand"],"picked":"Backstab","floor":5},{"not_picked":["Dodge and Roll","ReplayTheSpireMod:The Works"],"picked":"Tools of the Trade","floor":6},{"not_picked":["Deadly Poison","Cloak And Dagger"],"picked":"Flying Knee","floor":11},{"not_picked":["hubris:SlightOfHand","Blur"],"picked":"All Out Attack","floor":12},{"not_picked":["Outmaneuver","Deflect"],"picked":"Sucker Punch","floor":13},{"not_picked":["Underhanded Strike","Expertise","Deflect"],"picked":"SKIP","floor":14},{"not_picked":["Glass Knife","Venomology"],"picked":"Bullet Time","floor":16},{"not_picked":["Outmaneuver","ReplayTheSpireMod:The Works"],"picked":"ReplayTheSpireMod:Speed Training+1","floor":18},{"not_picked":["ReplayTheSpireMod:The Works","Acrobatics"],"picked":"Blade Dance+1","floor":19},{"not_picked":["Flechettes","Slice"],"picked":"Hidden Blade","floor":21},{"not_picked":["ReplayTheSpireMod:The Works","hubris:TrickCloak"],"picked":"Fluid Movement","floor":22},{"not_picked":["Bane","ReplayTheSpireMod:Speed Training+1"],"picked":"All Out Attack","floor":24},{"not_picked":["Dagger Spray","Acrobatics"],"picked":"hubris:TrickCloak","floor":27},{"not_picked":["Dagger Throw","Backflip"],"picked":"Acrobatics+1","floor":28},{"not_picked":["Prepared","Masterful Stab"],"picked":"Poisoned Stab","floor":30},{"not_picked":["hubris:SlightOfHand","Dagger Throw"],"picked":"hubris:Counter","floor":30},{"not_picked":["Flying Knee","Flechettes"],"picked":"Poisoned Stab+1","floor":31},{"not_picked":["Skewer+1","Calculated Gamble"],"picked":"Noxious Fumes","floor":31},{"not_picked":["ReplayTheSpireMod:From All Sides","Doppelganger"],"picked":"Bullet Time","floor":33},{"not_picked":["Deflect","Reflex"],"picked":"Skewer","floor":35},{"not_picked":["ReplayTheSpireMod:Exploit Weakness","hubris:SlightOfHand+1"],"picked":"Backflip+1","floor":35},{"not_picked":["Deflect+1","Calculated Gamble+1"],"picked":"Quick Slash","floor":37},{"not_picked":["Deflect+1","Die Die Die"],"picked":"Cloak And Dagger+1","floor":37},{"not_picked":["Underhanded Strike+1","Deflect+1"],"picked":"Backflip+1","floor":38},{"not_picked":["Dagger Spray+1","PiercingWail+1"],"picked":"Backstab","floor":39},{"not_picked":["Dodge and Roll+1","Terror+1"],"picked":"Noxious Fumes","floor":39},{"not_picked":["infinitespire:Menacing","infinitespire:SevenWalls"],"picked":"ReplayTheSpireMod:Haul","floor":44},{"not_picked":["Slice+1","Bouncing Flask+1"],"picked":"Flying Knee","floor":45},{"not_picked":["Endless Agony+1","Glass Knife"],"picked":"Dash+1","floor":45},{"not_picked":["Reflex+1","Dagger Spray+1"],"picked":"Blade Dance+1","floor":46},{"not_picked":["Leg Sweep+1","Deadly Poison+1","Draining Mist+1"],"picked":"SKIP","floor":46},{"not_picked":["Flying Knee+1","Dodge and Roll+1"],"picked":"ReplayTheSpireMod:Shiv Toss+1","floor":47},{"not_picked":["ReplayTheSpireMod:The Works+1","hubris:SlightOfHand+1"],"picked":"Hidden Blade+1","floor":47},{"not_picked":["PiercingWail+1","Dagger Throw"],"picked":"Poisoned Stab+1","floor":54}],"player_experience":89460,"relics_obtained":[{"floor":6,"key":"Bag of Preparation"},{"floor":9,"key":"infinitespire:Lucky Rock"},{"floor":12,"key":"ReplayTheSpireMod:Shallot"},{"floor":26,"key":"TungstenRod"},{"floor":27,"key":"Prayer Wheel"},{"floor":27,"key":"hubris:BottledRain"},{"floor":28,"key":"Replay:Accelerometer"},{"floor":38,"key":"Bottled Lightning"},{"floor":43,"key":"Pet Ghost"},{"floor":54,"key":"Blue Doll"}],"event_choices":[{"damage_healed":0,"gold_gain":0,"player_choice":"Got Potions","damage_taken":0,"max_hp_gain":0,"max_hp_loss":0,"event_name":"Lab","floor":4,"gold_loss":0},{"damage_healed":0,"gold_gain":0,"player_choice":"Fight","damage_taken":0,"max_hp_gain":0,"max_hp_loss":0,"event_name":"Colosseum","floor":27,"gold_loss":0},{"damage_healed":0,"gold_gain":0,"player_choice":"Fought Nobs","damage_taken":0,"max_hp_gain":0,"max_hp_loss":0,"event_name":"Colosseum","floor":27,"gold_loss":0},{"damage_healed":20,"gold_gain":0,"player_choice":"Writhe","damage_taken":0,"max_hp_gain":0,"max_hp_loss":0,"event_name":"Winding Halls","floor":48,"gold_loss":0,"cards_obtained":["Writhe"]}],"is_beta":false,"boss_relics":[{"not_picked":["Ectoplasm","Astrolabe"],"picked":"hubris:ScarierMask"},{"not_picked":["SacredBark","construct:WeddingRing"],"picked":"Replay:Grab Bag"},{"not_picked":["ReplayTheSpireMod:DimensionalGlitch","hubris:TerracottaHorce"],"picked":"Sozu"},{"not_picked":["hubris:CrackedHourglass","ChewingGum"],"picked":"ReplayTheSpireMod:Onyx Gauntlets"},{"not_picked":["Runic Pyramid","aspiration:RunicSpoon"],"picked":"hubris:HollowSoul"},{"not_picked":["aspiration:RitualDagger","SlaversCollar"],"picked":"aspiration:PoetsPen"}],"items_purged_floors":[],"is_endless":false,"potions_floor_spawned":[1,3,6,11,16,18,21,24,28,30,31,45,46,54],"ascension_level":0}}