{"host":"e87rn453naquue3h","time":1608603617,"event":{"mods":["AchievementEnabler","BaseMod","Downfall","Minty Spire (QoL Compilation)","StSLib"],"gold_per_floor":[99,119,139,139,153,78,78,78,3,17,47,197,216,249,265,361,361,361,361],"floor_reached":17,"playtime":1868,"items_purged":[],"score":202,"play_id":"c0da27d6-386b-4586-a152-7de14753d076","local_time":"20201221212017","is_ascension_mode":true,"campfire_choices":[{"floor":1,"key":"RECALL"},{"data":"Guardian:TimeBomb","floor":6,"key":"SMITH"},{"data":"Guardian:GuardianWhirl","floor":9,"key":"SMITH"}],"circlet_count":0,"master_deck":["Guardian:Strike_Guardian","Guardian:Strike_Guardian","Guardian:Strike_Guardian","Guardian:Strike_Guardian","Guardian:Defend_Guardian","Guardian:Defend_Guardian","Guardian:Defend_Guardian","Guardian:Defend_Guardian","Guardian:CurlUp","Guardian:TwinSlam","Guardian:StasisField","Guardian:GuardianWhirl+1","Guardian:PiercingHide","Guardian:TimeBomb+1","Guardian:GuardianWhirl","Slimebound:Icky","Guardian:TimeSifter"],"relics":["Guardian:ModeShifter","downfall:HeartBlessingRed","downfall:ShatteredFragment","downfall:HeartBlessingBlue","Art of War","Centennial Puzzle","SlaversCollar"],"acts_visited":["Exordium","TheCity"],"potions_floor_usage":[14,16],"damage_taken":[{"damage":0,"enemies":"Cultist","floor":2,"turns":4},{"damage":3,"enemies":"Jaw Worm","floor":3,"turns":5},{"damage":7,"enemies":"2 Louse","floor":5,"turns":4},{"damage":6,"enemies":"Large Slime","floor":10,"turns":5},{"damage":0,"enemies":"Lagavulin","floor":11,"turns":6},{"damage":4,"enemies":"2 Fungi Beasts","floor":13,"turns":3},{"damage":4,"enemies":"Gremlin Nob","floor":14,"turns":3},{"damage":1,"enemies":"Blue Slaver","floor":15,"turns":2},{"damage":20,"enemies":"downfall:Watcher","floor":16,"turns":9}],"seed_played":"-4986612267172162608","potions_obtained":[{"floor":2,"key":"champ:CounterPotion"},{"floor":11,"key":"Swift Potion"},{"floor":15,"key":"LiquidBronze"},{"floor":16,"key":"GamblersBrew"}],"is_trial":false,"path_per_floor":["R","M","M","?","M","R","T","?","R","M","E","?","M","E","M","B",null],"character_chosen":"GUARDIAN","items_purchased":[],"campfire_rested":0,"item_purchase_floors":[],"current_hp_per_floor":[72,72,69,69,62,62,62,38,48,42,42,42,38,34,33,13,82,82,82],"gold":361,"neow_bonus":"THREE_RARE_CARDS","is_daily":false,"chose_seed":false,"campfire_upgraded":2,"win_rate":0.0,"timestamp":1608603617,"path_taken":["R","M","M","?","?","R","T","?","R","M","E","?","M","E","M","BOSS"],"items_purchased_type":[],"build_version":"2020-12-13","purchased_purges":0,"victory":false,"max_hp_per_floor":[72,72,72,72,72,72,72,72,82,82,82,82,82,82,82,82,82,82,82],"card_choices":[{"not_picked":["Guardian:HyperBeam_Guardian","Guardian:GemFire"],"picked":"Guardian:StasisField","floor":0},{"not_picked":["Guardian:TemporalShield","Guardian:PiercingHide"],"picked":"Guardian:GuardianWhirl","floor":2},{"not_picked":["Guardian:Recover","Guardian:WalkerClaw"],"picked":"Guardian:PiercingHide","floor":3},{"not_picked":["Guardian:Gem_Lightblue","Guardian:Incinerate"],"picked":"Guardian:TimeBomb","floor":5},{"not_picked":["Guardian:RollAttack","Guardian:TemporalStrike","Guardian:Gem_Cyan"],"picked":"SKIP","floor":10},{"not_picked":["Guardian:PiercingHide","Guardian:TimeBomb"],"picked":"Guardian:GuardianWhirl","floor":11},{"not_picked":["Guardian:Gem_Cyan","Guardian:TemporalStrike","Guardian:WalkerClaw"],"picked":"SKIP","floor":13},{"not_picked":["Guardian:ChargeCore","Guardian:EvasiveProtocol","Guardian:VentSteam"],"picked":"SKIP","floor":14},{"not_picked":["Guardian:TemporalStrike","Guardian:BronzeArmor","Guardian:TimeBomb"],"picked":"SKIP","floor":15},{"not_picked":["Guardian:GatlingBeam","Guardian:FastForward"],"picked":"Guardian:TimeSifter","floor":16}],"player_experience":2348775,"relics_obtained":[{"floor":11,"key":"Art of War"},{"floor":14,"key":"Centennial Puzzle"}],"event_choices":[],"is_beta":false,"boss_relics":[{"not_picked":["Calling Bell","Guardian:StasisSlotReductionRelic"],"picked":"SlaversCollar"}],"items_purged_floors":[],"is_endless":false,"potions_floor_spawned":[2,11,15,16],"ascension_level":1}}