{"host":"npubv26u89aif4fa","time":1608616676,"event":{"mods":["Astrologer","BaseMod","Better Vampires","Better-Laid Plans","Colored Powertips","GifTheSpireLib","GungeonMod","HornydragonMod","Hubris","Jedi Mod","KinomotoSakuraMod(木之本樱)","Minty Spire (QoL Compilation)","Nova Terra(诺娃・泰拉)","Quick Restart","Remilia（蕾米莉亚）","Replay The Spire","StSLib","Td1madao Mod","The Administrix","The Alterego","The Bug Knight","The Cursed","The Dragon Tamer","The Hayseed","The Mystic","The Runesmith","TheWitcher","Yuri Mod","Yuyuko","【东方二次创作】八云紫mod"],"gold_per_floor":[117,117,192,211,261,289,289,302,302,302,336,336,350,369,369,466,466,479,491,518,518,126,126,126,126],"floor_reached":23,"playtime":1294,"items_purged":["Normality"],"score":199,"play_id":"8a632d9f-877f-4524-a26a-518500bb2618","local_time":"20201222135756","is_ascension_mode":false,"metric_token":1943,"campfire_choices":[{"floor":7,"key":"REST"},{"floor":10,"key":"RECALL"},{"data":"DTMod:Outburst","floor":12,"key":"SMITH"},{"data":"ReplayTheSpireMod:Restless Dread","floor":15,"key":"PURGE"}],"dtmod_dragon_data":[0,50,3,-1,6,0],"circlet_count":0,"master_deck":["DTMod:Strike","DTMod:Strike","DTMod:DoubleHit","DTMod:TargetDefense","DTMod:TargetDefense","DTMod:TargetDefense","DTMod:TargetDefense","DTMod:SwitchingTactic","DTMod:Training","Regret","DTMod:QuickFly","Hallucinations","DTMod:Training","DTMod:Outburst+1","DTMod:CalculatedDefense","DTMod:ComboAttack","DTMod:HeatWave","DTMod:TriAttack","DTMod:ComboAttack","DTMod:ForkedFire","jedi:forcepush"],"relics":["DTMod:PactStone","Nunchaku","Ring of Greed","Membership Card","Replay:Wax Seal","DemoMod:MeltedRock","DemoMod:DecoyRelic","Ring of Chaos","Red Mask","DTMod:SwitchButton","ReplayFunnel","WingedGreaves"],"acts_visited":["Exordium","TheCity"],"potions_floor_usage":[14],"damage_taken":[{"damage":0.0,"enemies":"2 Louse","floor":1.0,"turns":3.0},{"damage":0.0,"enemies":"Small Slimes","floor":4.0,"turns":3.0},{"damage":2,"enemies":"Lagavulin","floor":6,"turns":8},{"damage":0,"enemies":"Cultist","floor":8,"turns":3},{"damage":24,"enemies":"Gremlin Nob","floor":11,"turns":4},{"damage":0,"enemies":"3 Louse","floor":13,"turns":2},{"damage":0,"enemies":"2 Fungi Beasts","floor":14,"turns":3},{"damage":12,"enemies":"Hexaghost","floor":16,"turns":9},{"damage":0,"enemies":"2 Thieves","floor":18,"turns":3},{"damage":3,"enemies":"3 Byrds","floor":19,"turns":3},{"damage":35,"enemies":"Masked Bandits","floor":20,"turns":5},{"damage":1,"enemies":"Snecko","floor":23,"turns":4}],"seed_played":"-4248888740791944845","potions_obtained":[{"floor":4.0,"key":"DemoMod:BlankPotion"},{"floor":11,"key":"SpeedPotion"},{"floor":13,"key":"SteroidPotion"},{"floor":16,"key":"EssenceOfSteel"}],"is_trial":false,"path_per_floor":["M","?","?","M","?","E","R","M","T","R","E","R","M","M","R","B",null,"M","M","?","?","$","M"],"character_chosen":"THE_DT","items_purchased":["DTMod:SwitchButton","ReplayFunnel","WingedGreaves","jedi:forcepush"],"campfire_rested":1,"item_purchase_floors":[22,22,22,22],"current_hp_per_floor":[33,33,29,29,29,27,40,40,40,40,16,16,16,16,16,4,45,45,42,7,1,1,0,0,0],"gold":126,"neow_bonus":"REMOVE_TWO","is_daily":false,"chose_seed":false,"campfire_upgraded":1,"win_rate":0.0,"timestamp":1608616676,"path_taken":["M","?","?","?","?","E","R","M","T","R","E","R","M","M","R","BOSS","M","M","?","?","$","M"],"items_purchased_type":["Relic","Relic","Relic","Card"],"build_version":"2020-12-13","purchased_purges":1,"victory":false,"max_hp_per_floor":[45,45,45,45,45,45,45,45,45,45,45,45,45,45,45,45,45,45,45,45,50,50,50,50,50],"card_choices":[{"not_picked":["DTMod:Hide","DTMod:MasterPlan"],"picked":"DTMod:Training","floor":1.0},{"not_picked":["DTMod:CleansingStrike","DTMod:BreakAttack"],"picked":"DTMod:QuickFly","floor":4.0},{"not_picked":["DTMod:BizarreTactic","DTMod:Hide"],"picked":"DTMod:Training","floor":6},{"not_picked":["DTMod:SneakAttack","DTMod:QuickFly"],"picked":"DTMod:Outburst","floor":8},{"not_picked":["DTMod:Cover","DTMod:GhostSkin"],"picked":"DTMod:CalculatedDefense","floor":11},{"not_picked":["DTMod:Dissolve","DTMod:Haste"],"picked":"DTMod:ComboAttack","floor":13},{"not_picked":["DTMod:TagTeam","DTMod:Punisher"],"picked":"DTMod:HeatWave","floor":14},{"not_picked":["DTMod:ShadowImage","DTMod:Safeguard"],"picked":"DTMod:TriAttack","floor":16},{"not_picked":["DTMod:BizarreTactic+1","DTMod:RecklessFlurry"],"picked":"DTMod:ComboAttack","floor":18},{"not_picked":["DTMod:InvisibleFlame+1","DTMod:DeepFocus","DTMod:MagicField"],"picked":"SKIP","floor":19},{"not_picked":["DTMod:BlueScale","DTMod:BuildUp"],"picked":"DTMod:ForkedFire","floor":20}],"player_experience":141723,"relics_obtained":[{"floor":5,"key":"Ring of Greed"},{"floor":5,"key":"Membership Card"},{"floor":5,"key":"Replay:Wax Seal"},{"floor":6,"key":"DemoMod:MeltedRock"},{"floor":11,"key":"DemoMod:DecoyRelic"},{"floor":20,"key":"Red Mask"}],"event_choices":[{"damage_healed":0.0,"max_hp_gain":0.0,"max_hp_loss":0.0,"gold_gain":0.0,"event_name":"Big Fish","player_choice":"Box","floor":2.0,"gold_loss":0.0,"damage_taken":0.0,"relics_obtained":["Nunchaku"],"cards_obtained":["Regret"]},{"damage_healed":0.0,"max_hp_gain":0.0,"max_hp_loss":0.0,"gold_gain":75.0,"event_name":"FaceTrader","player_choice":"Touch","floor":3.0,"gold_loss":0.0,"damage_taken":4.0},{"damage_healed":0,"gold_gain":0,"player_choice":"Fought Bandits","damage_taken":0,"max_hp_gain":0,"max_hp_loss":0,"event_name":"Masked Bandits","floor":20,"gold_loss":0},{"damage_healed":0,"gold_gain":0,"player_choice":"Shed Blood","damage_taken":11,"max_hp_gain":5,"max_hp_loss":0,"event_name":"Forgotten Altar","floor":21,"gold_loss":0}],"is_beta":false,"boss_relics":[{"not_picked":["hubris:GrandSneckoEye","Coffee Dripper"],"picked":"Ring of Chaos"}],"items_purged_floors":[22],"is_endless":false,"potions_floor_spawned":[4,11,13,16,20],"killed_by":"Snecko","ascension_level":0}}