{"host":"28bpuzdckreop5i0","time":1608649869,"event":{"mods":["BaseMod","BetterRewards","Challenge The Spire","Defuse TimeMaze Blight","Downfall","Energized Spire","Googly Eyes","Hubris","Lobotomy","Mimic Mod","Minty Spire (QoL Compilation)","Relic Stats","Replay The Spire","Spicy Shops","StSLib","The Awakened One except there are too many feathers","The Cursed","The Hierophant","The IronCluck","Thieving Mod","Transform Curses","Wandering Minibosses","slay the spire mod where everything is the same but ironclad has a cowboy hat"],"gold_per_floor":[118,43,57,71,91,91,91,91],"floor_reached":7,"playtime":167,"items_purged":["Bash"],"score":43,"play_id":"dfc96bde-05b1-4797-9bd4-f1b8d344fd0d","local_time":"20201222091109","is_ascension_mode":false,"campfire_choices":[{"data":"Cleave","floor":6,"key":"SMITH"}],"circlet_count":0,"master_deck":["Strike_R","Strike_R","Strike_R","Strike_R","Strike_R","Defend_R","Defend_R","Defend_R","Defend_R","Scorched","Infernal Blade","VoidDream","hubris:ReadiedAction","Rudolta","Headbutt","MeatLantern","Cleave+1"],"relics":["Burning Blood","CogitoBucket"],"acts_visited":["Exordium"],"potions_floor_usage":[],"damage_taken":[{"damage":4,"enemies":"Small Slimes","floor":1,"turns":3},{"damage":0,"enemies":"2 Louse","floor":3,"turns":1},{"damage":0,"enemies":"Cultist","floor":4,"turns":2},{"damage":32,"enemies":"3 Louse","floor":5,"turns":2},{"damage":61,"enemies":"Lagavulin","floor":7,"turns":6}],"seed_played":"5219245106200127835","potions_obtained":[],"is_trial":false,"path_per_floor":["M","$","M","M","M","R","E"],"character_chosen":"IRONCLAD","items_purchased":[],"campfire_rested":0,"item_purchase_floors":[],"current_hp_per_floor":[80,80,80,80,54,54,0,0],"gold":91,"neow_bonus":"","is_daily":false,"chose_seed":false,"campfire_upgraded":1,"win_rate":0.0,"timestamp":1608649869,"path_taken":["M","$","M","M","M","R","E"],"items_purchased_type":[],"build_version":"2020-12-13","purchased_purges":1,"victory":false,"max_hp_per_floor":[80,80,80,80,80,80,80,80],"relic_stats":{"counters":[5,14],"obtain_stats":[{"CogitoBucket":0,"Burning Blood":0},{"CogitoBucket":0,"Burning Blood":0},{"CogitoBucket":0,"Burning Blood":0}],"Burning Blood":10},"card_choices":[{"not_picked":["Murderer","CrumblingArmor"],"picked":"Scorched","floor":1},{"not_picked":["Havoc","Ghostly Armor"],"picked":"Infernal Blade","floor":1},{"not_picked":["WallGazer","Bloodbath"],"picked":"VoidDream","floor":3},{"not_picked":["Thunderclap","Dropkick"],"picked":"hubris:ReadiedAction","floor":3},{"not_picked":["Murderer","PunishingBird"],"picked":"Rudolta","floor":4},{"not_picked":["Twin Strike","Berserk"],"picked":"Headbutt","floor":4},{"not_picked":["DespairKnight","BlueStar"],"picked":"MeatLantern","floor":5},{"not_picked":["Run Through","Shrug It Off"],"picked":"Cleave","floor":5}],"player_experience":873391,"relics_obtained":[],"event_choices":[],"is_beta":false,"boss_relics":[],"items_purged_floors":[2],"is_endless":false,"potions_floor_spawned":[],"killed_by":"Lagavulin","ascension_level":0}}