{"host":"0i8dz4ityulxi1rd","time":1608638515,"event":{"mods":["BaseMod","Colored Map","Colored Powertips","Custom Start","Highlight Path","Hubris","Keyboard Shortcuts","Minty Spire (QoL Compilation)","StSLib","SuperFastMode","The Runesmith"],"gold_per_floor":[115,115,115,1,18,50,50,83,83,115,115,127,107,126,126,126,126],"floor_reached":16,"playtime":527,"items_purged":["Strike_B"],"score":286,"play_id":"b3435c93-3df1-4b43-a6ee-2ef91e06aac1","local_time":"20201222210155","is_ascension_mode":true,"campfire_choices":[{"data":"Heatsinks","floor":7,"key":"SMITH"},{"floor":11,"key":"REST"},{"data":"White Noise","floor":15,"key":"SMITH"}],"circlet_count":0,"master_deck":["AscendersBane","Strike_B","Strike_B+1","Strike_B","Defend_B","Defend_B+1","Defend_B","Defend_B","Zap","Dualcast","Sweeping Beam","White Noise","Ball Lightning","Heatsinks+1","Consume","Capacitor","White Noise+1"],"relics":["Cracked Core","NeowsBlessing","hubris:Icosahedron","Thread and Needle","Anchor","Turnip","hubris:FunFungus"],"acts_visited":["Exordium"],"potions_floor_usage":[10,10],"damage_taken":[{"damage":0,"enemies":"Small Slimes","floor":1,"turns":1},{"damage":0,"enemies":"Jaw Worm","floor":5,"turns":1},{"damage":0,"enemies":"Gremlin Nob","floor":6,"turns":1},{"damage":32,"enemies":"3 Sentries","floor":8,"turns":7},{"damage":16,"enemies":"Lagavulin","floor":10,"turns":6},{"damage":2,"enemies":"Cultist","floor":12,"turns":4},{"damage":24,"enemies":"Exordium Thugs","floor":14,"turns":6},{"damage":27,"enemies":"Hexaghost","floor":16,"turns":7}],"seed_played":"-7302567148202558342","potions_obtained":[{"floor":1,"key":"BlessingOfTheForge"},{"floor":10,"key":"Strength Potion"},{"floor":13,"key":"FearPotion"}],"is_trial":false,"path_per_floor":["M","?","?","$","M","E","R","E","T","E","R","M","?","M","R","B"],"character_chosen":"DEFECT","items_purchased":["White Noise"],"campfire_rested":1,"item_purchase_floors":[4],"current_hp_per_floor":[64,64,43,43,43,43,43,39,39,23,44,42,42,21,21,0,0],"gold":126,"neow_bonus":"THREE_ENEMY_KILL","is_daily":false,"chose_seed":false,"campfire_upgraded":2,"win_rate":0.0,"timestamp":1608638515,"path_taken":["M","?","?","$","M","E","R","E","T","E","R","M","?","?","R","BOSS"],"items_purchased_type":["Card"],"build_version":"2020-12-13","purchased_purges":1,"victory":false,"max_hp_per_floor":[71,71,71,71,71,71,71,71,71,71,71,71,71,71,71,71,71],"card_choices":[{"not_picked":["Static Discharge","Rebound"],"picked":"Sweeping Beam","floor":1},{"not_picked":["Heatsinks","Blizzard"],"picked":"Ball Lightning","floor":5},{"not_picked":["Cold Snap","Double Energy"],"picked":"Heatsinks","floor":6},{"not_picked":["Melter","Conserve Battery"],"picked":"Consume","floor":8},{"not_picked":["Steam Power","Steam"],"picked":"Capacitor","floor":10},{"not_picked":["Blizzard","Redo"],"picked":"White Noise","floor":12},{"not_picked":["Streamline","Steam","Compile Driver"],"picked":"SKIP","floor":14}],"player_experience":1265964,"relics_obtained":[{"floor":6,"key":"Thread and Needle"},{"floor":8,"key":"Anchor"},{"floor":9,"key":"Turnip"},{"floor":10,"key":"hubris:FunFungus"}],"event_choices":[{"damage_healed":0,"gold_gain":0,"player_choice":"Entered Light","damage_taken":21,"max_hp_gain":0,"max_hp_loss":0,"event_name":"Shining Light","floor":3,"gold_loss":0,"cards_upgraded":["Defend_B","Strike_B"]},{"damage_healed":0,"gold_gain":0,"player_choice":"Bought 1 Potion","damage_taken":0,"max_hp_gain":0,"max_hp_loss":0,"event_name":"The Woman in Blue","floor":13,"gold_loss":0}],"is_beta":false,"boss_relics":[],"items_purged_floors":[4],"is_endless":false,"potions_floor_spawned":[1,10,14],"killed_by":"Hexaghost","ascension_level":20}}