{"host":"dhv3u8yhd2rnugsp","time":1608663347,"event":{"mods":["BaseMod","Block Reminder","Colored Map","Googly Eyes","Highlight Path","Minty Spire (QoL Compilation)","Permanent Neow","Quick Restart","Random Character Button","StSLib"],"gold_per_floor":[117,117,130,150,161,161,193,193,193,193,193,203,229,239,239,344,344,362,376,376,376,430,459,459,470,470,470,499,519,545,183,183,286,286,301,301,301,317,112,112,138,138,138,138,173,187,222,235,235,235],"floor_reached":51,"playtime":2551,"items_purged":["Writhe","Strike_P"],"score":1384,"play_id":"2e0d0201-a599-4a05-b5f8-29cc1f3b352e","local_time":"20201222125547","is_ascension_mode":true,"campfire_choices":[{"data":"Eruption","floor":6,"key":"SMITH"},{"floor":8,"key":"REST"},{"data":"TalkToTheHand","floor":10,"key":"SMITH"},{"data":"SpiritShield","floor":15,"key":"SMITH"},{"data":"WheelKick","floor":24,"key":"SMITH"},{"data":"Fasting2","floor":27,"key":"SMITH"},{"floor":32,"key":"REST"},{"data":"Wallop","floor":40,"key":"SMITH"},{"floor":44,"key":"REST"},{"floor":49,"key":"DIG"}],"circlet_count":0,"master_deck":["Strike_P","Strike_P","Defend_P","Defend_P","Defend_P","Defend_P","Eruption+1","Vigilance","TalkToTheHand+1","Halt","Meditate+1","SpiritShield+1","BowlingBash","WheelKick+1","FearNoEvil","Scrawl","FlurryOfBlows","Necronomicurse","Fasting2+1","Wallop+1","CutThroughFate+1","Finesse+1","Scrawl+1","Indignation+1","Chrysalis+1","EmptyBody+1","SashWhip+1","CutThroughFate+1"],"relics":["VioletLotus","Shovel","Pantograph","The Courier","Sozu","Necronomicon","Pear","Bag of Marbles","Gremlin Horn","White Beast Statue","Toy Ornithopter","Toxic Egg 2","Philosopher\u0027s Stone","Strange Spoon","Mummified Hand","FossilizedHelix","Bottled Flame","Omamori","Damaru"],"acts_visited":["Exordium","TheCity","TheBeyond"],"potions_floor_usage":[7,28,30,50],"damage_taken":[{"damage":11,"enemies":"Small Slimes","floor":1,"turns":6},{"damage":4,"enemies":"Jaw Worm","floor":3,"turns":5},{"damage":3,"enemies":"Cultist","floor":4,"turns":6},{"damage":5,"enemies":"Exordium Thugs","floor":5,"turns":4},{"damage":46,"enemies":"Gremlin Nob","floor":7,"turns":4},{"damage":0,"enemies":"Exordium Wildlife","floor":12,"turns":4},{"damage":5,"enemies":"3 Sentries","floor":13,"turns":3},{"damage":0,"enemies":"Blue Slaver","floor":14,"turns":4},{"damage":0,"enemies":"Slime Boss","floor":16,"turns":7},{"damage":0,"enemies":"Shell Parasite","floor":18,"turns":4},{"damage":0,"enemies":"Spheric Guardian","floor":19,"turns":3},{"damage":27,"enemies":"Gremlin Leader","floor":23,"turns":6},{"damage":0,"enemies":"Shelled Parasite and Fungi","floor":25,"turns":2},{"damage":13,"enemies":"Book of Stabbing","floor":28,"turns":3},{"damage":4,"enemies":"Centurion and Healer","floor":29,"turns":4},{"damage":0,"enemies":"Gremlin Leader","floor":30,"turns":4},{"damage":4,"enemies":"Collector","floor":33,"turns":9},{"damage":0,"enemies":"3 Shapes","floor":35,"turns":2},{"damage":0,"enemies":"Orb Walker","floor":38,"turns":1},{"damage":67,"enemies":"Reptomancer","floor":41,"turns":7},{"damage":0,"enemies":"Giant Head","floor":45,"turns":4},{"damage":0,"enemies":"Spire Growth","floor":46,"turns":3},{"damage":3,"enemies":"Nemesis","floor":47,"turns":5},{"damage":0,"enemies":"Writhing Mass","floor":48,"turns":3},{"damage":0,"enemies":"Time Eater","floor":50,"turns":6}],"seed_played":"-3578224408649393208","potions_obtained":[{"floor":3,"key":"BlessingOfTheForge"},{"floor":13,"key":"Dexterity Potion"},{"floor":14,"key":"Dexterity Potion"},{"floor":16,"key":"SteroidPotion"}],"is_trial":false,"path_per_floor":["M","?","M","M","M","R","E","R","T","R","?","M","E","M","R","B",null,"M","M","?","?","T","E","R","M","T","R","E","M","E","$","R","B",null,"M","?","?","M","$","R","E","?","T","R","E","M","E","M","R","B",null],"character_chosen":"WATCHER","items_purchased":["Toxic Egg 2","Finesse+1","Halt+1","Strange Spoon"],"campfire_rested":3,"item_purchase_floors":[31,31,31,39],"current_hp_per_floor":[54,59,55,52,47,47,1,24,24,24,24,24,19,19,19,44,69,69,69,53,63,63,36,36,36,36,36,23,19,19,19,45,66,82,82,82,82,82,82,82,15,15,15,41,41,41,38,38,38,68],"gold":235,"neow_bonus":"BOSS_RELIC","is_daily":false,"chose_seed":false,"campfire_upgraded":6,"win_rate":0.0,"timestamp":1608663347,"path_taken":["M","?","M","M","M","R","E","R","T","R","?","?","E","M","R","BOSS","M","M","?","?","?","E","R","M","T","R","E","M","E","$","R","BOSS","M","?","?","M","$","R","E","?","T","R","E","M","E","?","R","BOSS"],"items_purchased_type":["Relic","Card","Card","Relic"],"build_version":"2020-12-13","purchased_purges":2,"victory":true,"max_hp_per_floor":[72,77,77,77,77,77,77,77,77,77,77,77,77,77,77,77,77,77,77,77,87,87,87,87,87,87,87,87,87,87,87,87,87,87,87,87,87,87,87,87,87,87,87,87,87,87,87,87,87,87],"card_choices":[{"not_picked":["Protect","Halt"],"picked":"TalkToTheHand","floor":1},{"not_picked":["EmptyBody","Worship"],"picked":"Halt","floor":3},{"not_picked":["JustLucky","Vengeance"],"picked":"Meditate","floor":4},{"not_picked":["Weave","ClearTheMind"],"picked":"SpiritShield","floor":5},{"not_picked":["Evaluate","Scrawl"],"picked":"BowlingBash","floor":7},{"not_picked":["LikeWater","Consecrate"],"picked":"WheelKick","floor":12},{"not_picked":["BowlingBash","InnerPeace","Evaluate"],"picked":"SKIP","floor":13},{"not_picked":["Consecrate","FlyingSleeves"],"picked":"FearNoEvil","floor":14},{"not_picked":["Omniscience","Alpha"],"picked":"Scrawl","floor":16},{"not_picked":["BowlingBash","CrushJoints"],"picked":"FlurryOfBlows","floor":18},{"not_picked":["FollowUp+1","MasterReality","SashWhip"],"picked":"SKIP","floor":19},{"not_picked":["SpiritShield","JustLucky"],"picked":"Fasting2","floor":23},{"not_picked":["LikeWater","Perseverance","Consecrate"],"picked":"SKIP","floor":25},{"not_picked":["PathToVictory","Judgement","FlyingSleeves"],"picked":"SKIP","floor":28},{"not_picked":["Evaluate","Vengeance+1"],"picked":"Wallop","floor":29},{"not_picked":["BowlingBash+1","WreathOfFlame"],"picked":"CutThroughFate+1","floor":30},{"not_picked":["Ragnarok","SpiritShield+1"],"picked":"Scrawl+1","floor":33},{"not_picked":["Halt+1","Perseverance+1"],"picked":"Indignation+1","floor":35},{"not_picked":["Magnetism","Jack Of All Trades+1"],"picked":"Chrysalis+1","floor":37},{"not_picked":["Prostrate+1","BowlingBash","EmptyBody+1"],"picked":"SKIP","floor":38},{"not_picked":["ForeignInfluence+1","Nirvana+1"],"picked":"EmptyBody+1","floor":41},{"not_picked":["FlyingSleeves","ThirdEye+1"],"picked":"SashWhip+1","floor":45},{"not_picked":["Crescendo+1","Vengeance+1"],"picked":"CutThroughFate+1","floor":46},{"not_picked":["Alpha+1","FearNoEvil+1","JustLucky+1"],"picked":"SKIP","floor":47},{"not_picked":["Prostrate+1","CarveReality+1","CutThroughFate+1"],"picked":"SKIP","floor":48}],"player_experience":1605804,"relics_obtained":[{"floor":7,"key":"Shovel"},{"floor":9,"key":"Pantograph"},{"floor":13,"key":"The Courier"},{"floor":20,"key":"Necronomicon"},{"floor":22,"key":"Bag of Marbles"},{"floor":23,"key":"Gremlin Horn"},{"floor":28,"key":"White Beast Statue"},{"floor":30,"key":"Toy Ornithopter"},{"floor":41,"key":"Mummified Hand"},{"floor":43,"key":"FossilizedHelix"},{"floor":45,"key":"Bottled Flame"},{"floor":47,"key":"Omamori"},{"floor":49,"key":"Damaru"}],"event_choices":[{"damage_healed":0,"gold_gain":0,"player_choice":"Donut","damage_taken":0,"max_hp_gain":5,"max_hp_loss":0,"event_name":"Big Fish","floor":2,"gold_loss":0},{"cards_removed":["Strike_P"],"damage_healed":0,"gold_gain":0,"player_choice":"Offered Basic","damage_taken":0,"max_hp_gain":0,"max_hp_loss":0,"event_name":"Bonfire Elementals","floor":11,"gold_loss":0},{"damage_healed":0,"gold_gain":0,"player_choice":"Obtained Book","damage_taken":16,"max_hp_gain":0,"max_hp_loss":0,"event_name":"Cursed Tome","floor":20,"gold_loss":0},{"damage_healed":0,"gold_gain":0,"player_choice":"Opened","damage_taken":0,"relics_obtained":["Pear"],"max_hp_gain":0,"max_hp_loss":0,"event_name":"The Mausoleum","floor":21,"gold_loss":0,"cards_obtained":["Writhe"]},{"cards_removed":["Halt"],"damage_healed":0,"gold_gain":0,"player_choice":"Removed Skill","damage_taken":0,"max_hp_gain":0,"max_hp_loss":0,"event_name":"Falling","floor":36,"gold_loss":0},{"damage_healed":0,"gold_gain":0,"player_choice":"Memory 1","damage_taken":0,"max_hp_gain":0,"max_hp_loss":0,"event_name":"SensoryStone","floor":37,"gold_loss":0},{"damage_healed":0,"gold_gain":0,"player_choice":"Forge","damage_taken":0,"max_hp_gain":0,"max_hp_loss":0,"event_name":"Accursed Blacksmith","floor":42,"gold_loss":0,"cards_upgraded":["Meditate"]}],"is_beta":false,"boss_relics":[{"not_picked":["Black Star","Busted Crown"],"picked":"Sozu"},{"not_picked":["Coffee Dripper","Tiny House"],"picked":"Philosopher\u0027s Stone"}],"items_purged_floors":[31,39],"is_endless":false,"potions_floor_spawned":[3,13,14,16,18,23,28,29,30,33,35,38,41,45,46,47,48],"ascension_level":9}}