{"host":"5jn3rki867005t18","time":1608619009,"event":{"mods":["2.2 Compatiblity","AchievementEnabler","BaseMod","Colored Map","DeckTracker","Minty Spire (QoL Compilation)","Permanent Neow","Rare Cards Sparkle","StSLib","SuperFastMode"],"gold_per_floor":[118,118,118,131,150,150,183,183,183,196,225,225,412,443,455,566,578,609,639,665,677,689,701,724,750,762,774,774],"floor_reached":27,"playtime":807,"items_purged":[],"score":225,"play_id":"b2536306-db5b-4ec2-aad5-4cce60fc5621","local_time":"20201222153649","is_ascension_mode":false,"campfire_choices":[{"floor":6,"key":"REST"},{"data":"Thunderclap","floor":8,"key":"SMITH"},{"floor":15,"key":"REST"},{"floor":23,"key":"REST"}],"circlet_count":0,"master_deck":["Strike_R","Strike_R","Strike_R","Strike_R","Defend_R","Defend_R","Defend_R","Defend_R","Bash+1","Carnage","Thunderclap+1","Anger","Clash","Clothesline","Spot Weakness","Doubt","Seeing Red","Carnage","Limit Break","Infernal Blade","Blood for Blood+1","Heavy Blade","Inflame+1","Body Slam+1","Decay","RitualDagger","Clash","Iron Wave+1","Ghostly Armor+1","Doubt"],"relics":["Burning Blood","PreservedInsect","Happy Flower","Mercury Hourglass","Prayer Wheel","MawBank","Cursed Key","Frozen Egg 2"],"acts_visited":["Exordium","TheCity"],"potions_floor_usage":[11,16,16,27,27],"damage_taken":[{"damage":10,"enemies":"Cultist","floor":1,"turns":4},{"damage":15,"enemies":"Jaw Worm","floor":4,"turns":4},{"damage":7,"enemies":"Small Slimes","floor":5,"turns":3},{"damage":14,"enemies":"Gremlin Nob","floor":7,"turns":3},{"damage":10,"enemies":"Exordium Thugs","floor":10,"turns":2},{"damage":18,"enemies":"Lagavulin","floor":11,"turns":3},{"damage":15,"enemies":"Gremlin Gang","floor":14,"turns":3},{"damage":45,"enemies":"Hexaghost","floor":16,"turns":8},{"damage":20,"enemies":"Spheric Guardian","floor":18,"turns":4},{"damage":5,"enemies":"2 Thieves","floor":19,"turns":2},{"damage":53,"enemies":"Chosen and Byrds","floor":20,"turns":5},{"damage":10,"enemies":"Sentry and Sphere","floor":24,"turns":3},{"damage":19,"enemies":"Centurion and Healer","floor":25,"turns":3},{"damage":23,"enemies":"Snake Plant","floor":27,"turns":2}],"seed_played":"-5752694773322766512","potions_obtained":[{"floor":5,"key":"Swift Potion"},{"floor":7,"key":"ColorlessPotion"},{"floor":10,"key":"CultistPotion"},{"floor":14,"key":"DistilledChaos"},{"floor":18,"key":"ElixirPotion"},{"floor":20,"key":"Fire Potion"}],"is_trial":false,"path_per_floor":["M","?","?","M","M","R","E","R","T","M","E","T","?","M","R","B",null,"M","M","M","?","?","R","M","M","T","M"],"character_chosen":"IRONCLAD","items_purchased":[],"campfire_rested":3,"item_purchase_floors":[],"current_hp_per_floor":[76,43,43,34,33,57,49,49,49,45,33,33,33,24,48,9,80,66,67,20,20,14,38,34,21,21,0,0],"gold":774,"neow_bonus":"UPGRADE_CARD","is_daily":false,"chose_seed":false,"campfire_upgraded":1,"win_rate":0.0,"timestamp":1608619009,"path_taken":["M","?","?","M","M","R","E","R","T","M","E","?","?","?","R","BOSS","M","?","M","?","?","R","M","M","T","M"],"items_purchased_type":[],"build_version":"2020-12-13","purchased_purges":0,"victory":false,"max_hp_per_floor":[80,80,80,80,80,80,80,80,80,80,80,80,80,80,80,80,80,80,80,80,80,80,80,80,80,80,80,80],"card_choices":[{"not_picked":["Flex","Body Slam"],"picked":"Carnage","floor":1},{"not_picked":["Pommel Strike","Headbutt"],"picked":"Thunderclap","floor":4},{"not_picked":["Exhume","Battle Trance"],"picked":"Anger","floor":5},{"not_picked":["Metallicize","Uppercut"],"picked":"Clash","floor":7},{"not_picked":["Body Slam","Evolve"],"picked":"Clothesline","floor":10},{"not_picked":["Whirlwind","Inflame"],"picked":"Spot Weakness","floor":11},{"not_picked":["Disarm","Thunderclap"],"picked":"Seeing Red","floor":14},{"not_picked":["Entrench","Iron Wave"],"picked":"Carnage","floor":14},{"not_picked":["Reaper","Juggernaut"],"picked":"Limit Break","floor":16},{"not_picked":["Heavy Blade","Perfected Strike"],"picked":"Infernal Blade","floor":18},{"not_picked":["Clash","Shockwave+1"],"picked":"Blood for Blood+1","floor":18},{"not_picked":["Spot Weakness","Havoc+1"],"picked":"Heavy Blade","floor":19},{"not_picked":["Shrug It Off","Ghostly Armor+1","Seeing Red"],"picked":"SKIP","floor":19},{"not_picked":["Pommel Strike+1","Anger+1"],"picked":"Inflame+1","floor":20},{"not_picked":["Second Wind","Flex"],"picked":"Body Slam+1","floor":20},{"not_picked":["Twin Strike","Headbutt"],"picked":"Clash","floor":24},{"not_picked":["Immolate","Sword Boomerang","Body Slam+1"],"picked":"SKIP","floor":24},{"not_picked":["Anger+1","Seeing Red"],"picked":"Iron Wave+1","floor":25},{"not_picked":["Anger+1","Cleave"],"picked":"Ghostly Armor+1","floor":25}],"player_experience":47141,"relics_obtained":[{"floor":7,"key":"Happy Flower"},{"floor":9,"key":"Mercury Hourglass"},{"floor":11,"key":"Prayer Wheel"},{"floor":12,"key":"MawBank"},{"floor":26,"key":"Frozen Egg 2"}],"event_choices":[{"damage_healed":0,"gold_gain":0,"player_choice":"Success","damage_taken":33,"relics_obtained":["PreservedInsect"],"max_hp_gain":0,"max_hp_loss":0,"event_name":"Scrap Ooze","floor":2,"gold_loss":0},{"cards_removed":["Strike_R"],"damage_healed":0,"gold_gain":0,"player_choice":"Forget","damage_taken":0,"max_hp_gain":0,"max_hp_loss":0,"event_name":"Living Wall","floor":3,"gold_loss":0},{"damage_healed":0,"gold_gain":175,"player_choice":"AGREE","damage_taken":0,"max_hp_gain":0,"max_hp_loss":0,"event_name":"Liars Game","floor":13,"gold_loss":0,"cards_obtained":["Doubt"]},{"damage_healed":0,"gold_gain":0,"player_choice":"Smashed Altar","damage_taken":0,"max_hp_gain":0,"max_hp_loss":0,"event_name":"Forgotten Altar","floor":21,"gold_loss":0,"cards_obtained":["Decay"]},{"damage_healed":0,"gold_gain":0,"player_choice":"Joined the Cult","damage_taken":6,"max_hp_gain":0,"max_hp_loss":0,"event_name":"Nest","floor":22,"gold_loss":0,"cards_obtained":["RitualDagger"]}],"is_beta":false,"boss_relics":[{"not_picked":["Tiny House","Black Blood"],"picked":"Cursed Key"}],"items_purged_floors":[],"is_endless":false,"potions_floor_spawned":[5,7,10,14,18,20,25],"killed_by":"Snake Plant","ascension_level":0}}