{"host":"2hea6pl5vmah38iy","time":1608625058,"event":{"mods":["AchievementEnabler","BaseMod","Colored Map","DeckTracker","Keyboard Shortcuts","Minty Spire (QoL Compilation)","Rare Cards Sparkle","StSLib","SuperFastMode","everything is the same but u backflip on backflip"],"gold_per_floor":[110,127,127,127,127,156,156,169,169,188,217,229,260,272,272,349,349,361,373,142,142,42,42,42,42],"floor_reached":24,"playtime":872,"items_purged":["Strike_R","Strike_R"],"score":410,"play_id":"a41d0405-42c7-4021-bcf3-1507382bf22a","local_time":"20201222171738","is_ascension_mode":true,"campfire_choices":[{"data":"Whirlwind","floor":7.0,"key":"SMITH"},{"data":"Rupture","floor":15.0,"key":"SMITH"},{"data":"Bloodletting","floor":23,"key":"SMITH"}],"circlet_count":0,"master_deck":["AscendersBane","Strike_R+1","Strike_R","Strike_R+1","Defend_R","Defend_R","Defend_R","Defend_R","Bash","Whirlwind+1","Thunderclap","Rupture+1","Evolve","Brutality","Exhume","Intimidate","Bloodletting+1"],"relics":["Black Blood","NeowsBlessing","Singing Bowl","Dream Catcher","Letter Opener","Mummified Hand","Happy Flower","Medical Kit","Strawberry"],"acts_visited":["Exordium","TheCity"],"potions_floor_usage":[16,19],"damage_taken":[{"damage":0.0,"enemies":"Jaw Worm","floor":1.0,"turns":1.0},{"damage":0.0,"enemies":"2 Louse","floor":2.0,"turns":1.0},{"damage":0.0,"enemies":"Lagavulin","floor":6.0,"turns":2.0},{"damage":10.0,"enemies":"Small Slimes","floor":8.0,"turns":3.0},{"damage":11.0,"enemies":"Looter","floor":10.0,"turns":2.0},{"damage":15.0,"enemies":"3 Sentries","floor":11.0,"turns":6.0},{"damage":0.0,"enemies":"Exordium Thugs","floor":12.0,"turns":3.0},{"damage":14.0,"enemies":"Gremlin Nob","floor":13.0,"turns":4.0},{"damage":9.0,"enemies":"3 Louse","floor":14.0,"turns":2.0},{"damage":39,"enemies":"The Guardian","floor":16,"turns":8},{"damage":30,"enemies":"Chosen","floor":18,"turns":5},{"damage":16,"enemies":"3 Byrds","floor":19,"turns":4},{"damage":50,"enemies":"Book of Stabbing","floor":24,"turns":5}],"seed_played":"3587576604846721832","potions_obtained":[{"floor":6.0,"key":"SkillPotion"},{"floor":8.0,"key":"SpeedPotion"},{"floor":11.0,"key":"EssenceOfSteel"},{"floor":14.0,"key":"FearPotion"},{"floor":16,"key":"PowerPotion"}],"is_trial":false,"path_per_floor":["M","M","?","?","?","E","R","M","T","M","E","M","E","M","R","B",null,"M","M","$","?","$","R","E"],"character_chosen":"IRONCLAD","items_purchased":["Medical Kit"],"campfire_rested":0,"item_purchase_floors":[20],"current_hp_per_floor":[74,75,80,64,61,67,67,63,63,58,49,57,51,48,48,15,67,49,45,45,52,52,52,2,2],"gold":42,"neow_bonus":"THREE_ENEMY_KILL","is_daily":false,"chose_seed":false,"campfire_upgraded":3,"win_rate":0.0,"timestamp":1608625058,"path_taken":["M","M","?","?","?","E","R","M","T","M","E","M","E","M","R","BOSS","M","M","$","?","$","R","E"],"items_purchased_type":["Relic"],"build_version":"2020-12-13","purchased_purges":2,"victory":false,"max_hp_per_floor":[75,75,80,80,80,80,80,80,80,80,80,82,84,84,84,84,84,84,84,84,91,91,91,91,91],"card_choices":[{"not_picked":["Clothesline","Sword Boomerang","Havoc"],"picked":"SKIP","floor":1.0},{"not_picked":["Reckless Charge","Dark Embrace","True Grit"],"picked":"SKIP","floor":2.0},{"not_picked":["Sword Boomerang","Inflame"],"picked":"Whirlwind","floor":6.0},{"not_picked":["Body Slam","Sword Boomerang"],"picked":"Thunderclap","floor":8.0},{"not_picked":["Havoc","Cleave"],"picked":"Rupture","floor":10.0},{"not_picked":["Thunderclap","Seeing Red"],"picked":"Evolve","floor":11.0},{"not_picked":["Clothesline","Pommel Strike","True Grit"],"picked":"Singing Bowl","floor":12.0},{"not_picked":["Second Wind","Fire Breathing","Sword Boomerang"],"picked":"Singing Bowl","floor":13.0},{"not_picked":["Dual Wield","Body Slam"],"picked":"Brutality","floor":14.0},{"not_picked":["Demon Form","Immolate"],"picked":"Exhume","floor":16},{"not_picked":["Feel No Pain","Iron Wave"],"picked":"Intimidate","floor":18},{"not_picked":["Warcry","Ghostly Armor"],"picked":"Bloodletting","floor":19}],"player_experience":436069,"relics_obtained":[{"floor":6.0,"key":"Dream Catcher"},{"floor":9.0,"key":"Letter Opener"},{"floor":11.0,"key":"Mummified Hand"},{"floor":13.0,"key":"Happy Flower"}],"event_choices":[{"damage_healed":0.0,"max_hp_gain":5.0,"max_hp_loss":0.0,"gold_gain":0.0,"event_name":"Big Fish","player_choice":"Donut","floor":3.0,"gold_loss":0.0,"damage_taken":0.0},{"damage_healed":0.0,"max_hp_gain":0.0,"max_hp_loss":0.0,"gold_gain":0.0,"event_name":"Shining Light","player_choice":"Entered Light","floor":4.0,"gold_loss":0.0,"damage_taken":16.0,"cards_upgraded":["Strike_R","Strike_R"]},{"damage_healed":0.0,"max_hp_gain":0.0,"max_hp_loss":0.0,"gold_gain":0.0,"event_name":"Scrap Ooze","player_choice":"Success","floor":5.0,"gold_loss":0.0,"damage_taken":3.0,"relics_obtained":["Singing Bowl"]},{"damage_healed":0,"gold_gain":0,"player_choice":"Opened","damage_taken":0,"relics_obtained":["Strawberry"],"max_hp_gain":0,"max_hp_loss":0,"event_name":"The Mausoleum","floor":21,"gold_loss":0}],"is_beta":false,"boss_relics":[{"not_picked":["Ectoplasm","Fusion Hammer"],"picked":"Black Blood"}],"items_purged_floors":[20,22],"is_endless":false,"potions_floor_spawned":[6,8,11,14,16],"killed_by":"Book of Stabbing","ascension_level":14}}