{"host":"w3inebsqralru4zj","time":1608599223,"event":{"mods":["AchievementEnabler","Aspiration","BaseMod","Better Altar","Better Match","Better Note","Better Sensory Stone","Better Skull","Better Third Choice","BetterRewards","CCEM","Colored Map","Conspire","Downfall","GifTheSpireLib","Googly Eyes","Halation","Highlight Path","Hubris","Infinite Spire","Jedi Mod","Marisa????????","Mimic Mod","Minty Spire (QoL Compilation)","Permanent Neow","Replay The Spire","Shade Mod","Shop Mod","Spicy Shops","StSLib","Stuff the Spire","everything is the same but u backflip on backflip"],"gold_per_floor":[113,131,8,19,19,19,50,69,92,124,124,124,154,154,154,174,174,277,277,289,306,306,325,325,350,350,369,369,397,322,342,353,370,370,469,469,486,17,34,45,65,90,90,118,155,181,191,216,216,248,248,248,248,248,51,80,80,80],"floor_reached":57,"playtime":2887,"items_purged":[],"score":958,"play_id":"ee9f4341-28f0-443a-bde6-ff9ccfff4d02","local_time":"20201222020703","is_ascension_mode":true,"campfire_choices":[{"data":"Bash","floor":6,"key":"SMITH"},{"floor":17,"key":"REST"},{"data":"StuffTheSpire:Slingshot","floor":26,"key":"SMITH"},{"data":"Uppercut","floor":34,"key":"SMITH"},{"floor":51,"key":"RECALL"},{"data":"Limit Break","floor":54,"key":"SMITH"}],"circlet_count":0,"master_deck":["Defend_R","Defend_R","Defend_R","Defend_R","Bash+1","Twin Strike","ReplayTheSpireMod:Muscle Training","ReplayTheSpireMod:Muscle Training","ReplayTheSpireMod:Strike From Hell","Clash","ReplayTheSpireMod:Strike From Hell","jedi:unlimitedpower","infinitespire:Menacing","Rupture","conspire:HitWhereItHurts","StuffTheSpire:Slingshot+1","Clash","Clash+1","Slimebound:Tackle+1","Slimebound:Tackle+1","Slimebound:Tackle+1","StuffTheSpire:Slingshot","Thunderclap+1","Heavy Blade","Immolate+1","Cleave+1","Uppercut+1","Combust+1","Hemogenesis","Replay:Many Hands","Limit Break+1","Sword Boomerang+1","jedi:unlimitedpower"],"relics":["Burning Blood","CCEMRelics:TinyMinotavrHorn","Meat on the Bone","StuffTheSpire:Gunfinga","Runic Dome","ReplayTheSpireMod:Shallot","HornCleat","StuffTheSpire:Kangaroo","halation:TrafficLight","Charon\u0027s Ashes","Pen Nib","conspire:BottledYoYo","MerchantsRug","StuffTheSpire:ForceGauntlet","jedi:leech","hubris:Spice"],"acts_visited":["Exordium","TheCity","TheBeyond","TheEnding"],"potions_floor_usage":[10,18,21,35,40,50,57,57],"damage_taken":[{"damage":10,"enemies":"Cultist","floor":1,"turns":4},{"damage":0,"enemies":"2 Louse","floor":2,"turns":3},{"damage":14,"enemies":"Jaw Worm","floor":4,"turns":3},{"damage":39,"enemies":"3 Sentries","floor":7,"turns":7},{"damage":6,"enemies":"Looter","floor":8,"turns":2},{"damage":16,"enemies":"Lagavulin","floor":10,"turns":3},{"damage":28,"enemies":"3 Sentries","floor":13,"turns":7},{"damage":17,"enemies":"Gremlin Gang","floor":16,"turns":3},{"damage":36,"enemies":"Hexaghost","floor":18,"turns":4},{"damage":20,"enemies":"2 Thieves","floor":20,"turns":3},{"damage":9,"enemies":"3 Byrds","floor":21,"turns":3},{"damage":37,"enemies":"Centurion and Healer","floor":23,"turns":5},{"damage":26,"enemies":"Gremlin Leader","floor":25,"turns":5},{"damage":3,"enemies":"Snecko","floor":27,"turns":3},{"damage":8,"enemies":"Book of Stabbing","floor":29,"turns":3},{"damage":11,"enemies":"3 Cultists","floor":31,"turns":2},{"damage":1,"enemies":"Snake Plant","floor":32,"turns":2},{"damage":2,"enemies":"Snecko","floor":33,"turns":3},{"damage":34,"enemies":"conspire:MysteriousRune","floor":35,"turns":6},{"damage":7,"enemies":"3 Shapes","floor":37,"turns":2},{"damage":5,"enemies":"Orb Walker","floor":39,"turns":1},{"damage":2,"enemies":"Spire Growth","floor":40,"turns":3},{"damage":0,"enemies":"Sphere and 2 Shapes","floor":41,"turns":1},{"damage":11,"enemies":"Giant Head","floor":42,"turns":2},{"damage":19,"enemies":"Nemesis","floor":44,"turns":3},{"damage":7,"enemies":"Transient","floor":45,"turns":2},{"damage":4,"enemies":"Giant Head","floor":46,"turns":3},{"damage":11,"enemies":"Transient","floor":47,"turns":3},{"damage":9,"enemies":"Reptomancer","floor":48,"turns":1},{"damage":5,"enemies":"Nemesis","floor":50,"turns":2},{"damage":75,"enemies":"Awakened One","floor":52,"turns":4},{"damage":10,"enemies":"Shield and Spear","floor":56,"turns":3},{"damage":88,"enemies":"The Heart","floor":57,"turns":3}],"seed_played":"64964705060441757","potions_obtained":[{"floor":7,"key":"Strength Potion"},{"floor":8,"key":"AttackPotion"},{"floor":16,"key":"LiquidBronze"},{"floor":18,"key":"BlessingOfTheForge"},{"floor":20,"key":"jedi:StrikingPotion"},{"floor":23,"key":"FearPotion"},{"floor":31,"key":"PowerPotion"},{"floor":37,"key":"HeartOfIron"},{"floor":42,"key":"Milkshake"},{"floor":44,"key":"LifebloodPotion"},{"floor":56,"key":"Strength Potion"}],"is_trial":false,"path_per_floor":["M","M","$","M","$","R","E","M","T","E","PTL","PTL","E","?","?","M","R","B",null,"M","M","?","M","?","E","R","M","T","E","?","M","M","M","R","B",null,"M","$","M","M","M","E","?","E","MIM","E","M","E","?","E","R","B",null,"R","$","E","B"],"character_chosen":"IRONCLAD","items_purchased":["CCEMRelics:TinyMinotavrHorn","halation:TrafficLight","Charon\u0027s Ashes","MerchantsRug","StuffTheSpire:ForceGauntlet","jedi:leech"],"campfire_rested":1,"item_purchase_floors":[3,38,38,55,55,55],"current_hp_per_floor":[76,80,80,72,72,72,39,51,51,53,53,53,43,23,23,24,48,30,80,66,63,63,44,44,36,36,51,51,49,49,56,61,65,65,49,80,79,79,80,80,80,75,80,67,66,68,63,73,73,79,79,22,80,80,80,88,0,0],"gold":80,"neow_bonus":"NOSTALGIA","is_daily":false,"chose_seed":false,"campfire_upgraded":4,"win_rate":0.0,"timestamp":1608599223,"path_taken":["M","M","?","?","$","R","E","M","T","E","PTL","PTL","E","?","?","M","R","BOSS","M","?","?","?","?","E","R","M","T","E","?","M","M","M","R","BOSS","M","$","M","M","M","E","?","E","MIM","E","M","E","?","E","R","BOSS","R","$","E","BOSS"],"items_purchased_type":["Relic","Relic","Relic","Relic","Relic","Relic"],"build_version":"2020-12-13","purchased_purges":0,"victory":false,"max_hp_per_floor":[80,80,80,80,80,80,80,80,80,80,80,80,80,80,80,80,80,80,80,80,80,80,80,80,80,80,80,80,80,80,80,80,80,80,80,80,80,80,80,80,80,80,80,80,80,80,80,80,80,80,80,80,80,80,80,88,88,88],"card_choices":[{"not_picked":["FlyingSleeves","Burning Pact"],"picked":"Twin Strike","floor":1},{"not_picked":["Wild Strike","FlyingSleeves"],"picked":"ReplayTheSpireMod:Muscle Training","floor":2},{"not_picked":["jedi:fear","Bloodletting"],"picked":"ReplayTheSpireMod:Muscle Training","floor":4},{"not_picked":["Swivel","Barricade"],"picked":"ReplayTheSpireMod:Strike From Hell","floor":7},{"not_picked":["CrushJoints","StuffTheSpire:BloodClot"],"picked":"Clash","floor":8},{"not_picked":["Body Slam","Second Wind"],"picked":"ReplayTheSpireMod:Strike From Hell","floor":10},{"not_picked":["Replay:Undeath\u0027s Touch","Warcry"],"picked":"jedi:unlimitedpower","floor":13},{"not_picked":["hubris:Rewind","ReplayTheSpireMod:Haul"],"picked":"infinitespire:Menacing","floor":14},{"not_picked":["Armaments","Halt"],"picked":"Rupture","floor":16},{"not_picked":["hubris:StunningStrike","Bludgeon"],"picked":"conspire:HitWhereItHurts","floor":18},{"not_picked":["Carnage","StuffTheSpire:Incineration"],"picked":"StuffTheSpire:Slingshot","floor":20},{"not_picked":["Thunderclap","Clothesline"],"picked":"Clash","floor":21},{"not_picked":["StuffTheSpire:RagingBull","hubris:ReadiedAction"],"picked":"Clash+1","floor":23},{"not_picked":["Berserk","StuffTheSpire:RagingBull"],"picked":"StuffTheSpire:Slingshot","floor":25},{"not_picked":["True Grit","Headbutt"],"picked":"Thunderclap+1","floor":27},{"not_picked":["Fiend Fire","Shrug It Off"],"picked":"Heavy Blade","floor":29},{"not_picked":["jedi:unlimitedpower","jedi:harder+1"],"picked":"Immolate+1","floor":30},{"not_picked":["Sword Boomerang","ReplayTheSpireMod:Corrosion Curse"],"picked":"Cleave+1","floor":31},{"not_picked":["Infernal Blade","StuffTheSpire:RockThrow"],"picked":"Uppercut","floor":32},{"not_picked":["ReplayReversal","Rampage"],"picked":"Combust+1","floor":33},{"not_picked":["Demonic Infusion","Bludgeon"],"picked":"Hemogenesis","floor":35},{"not_picked":["Perfected Strike","StuffTheSpire:RockThrow+1","Carnage+1"],"picked":"SKIP","floor":37},{"not_picked":["conspire:Charge","Pommel Strike+1","hubris:ReadiedAction+1"],"picked":"SKIP","floor":39},{"not_picked":["Body Slam+1","Pommel Strike","Cleave+1"],"picked":"SKIP","floor":40},{"not_picked":["jedi:collectorstrike+1","Disarm+1"],"picked":"Replay:Many Hands","floor":41},{"not_picked":["StuffTheSpire:TitanForm","StuffTheSpire:Resist+1"],"picked":"Limit Break","floor":42},{"not_picked":["Ghostly Armor+1","jedi:controlledanger+1","Flame Barrier"],"picked":"SKIP","floor":44},{"not_picked":["Juggernaut","Body Slam+1"],"picked":"Sword Boomerang+1","floor":46},{"not_picked":["Wild Strike","Second Wind+1","Armaments"],"picked":"SKIP","floor":47},{"not_picked":["Feel No Pain+1","conspire:HitWhereItHurts"],"picked":"jedi:unlimitedpower","floor":48},{"not_picked":["jedi:controlledanger+1","StuffTheSpire:RagingBull","StuffTheSpire:Resist"],"picked":"SKIP","floor":50},{"not_picked":["Twin Strike+1","True Grit+1","jedi:harder"],"picked":"SKIP","floor":56}],"player_experience":168494,"relics_obtained":[{"floor":7,"key":"Meat on the Bone"},{"floor":9,"key":"StuffTheSpire:Gunfinga"},{"floor":10,"key":"halation:Toothbrush"},{"floor":13,"key":"halation:TwoAmDonut"},{"floor":25,"key":"ReplayTheSpireMod:Shallot"},{"floor":29,"key":"HornCleat"},{"floor":42,"key":"Pen Nib"},{"floor":44,"key":"CCEMRelics:PorcelainBowl"},{"floor":45,"key":"halation:BlackBeret"},{"floor":46,"key":"hubris:TenFootPole"},{"floor":48,"key":"Toy Ornithopter"},{"floor":50,"key":"conspire:BottledYoYo"},{"floor":56,"key":"hubris:Spice"}],"event_choices":[{"damage_healed":0,"gold_gain":0,"player_choice":"Ignored","damage_taken":0,"max_hp_gain":0,"max_hp_loss":0,"event_name":"betterNote:BetterNote","floor":15,"gold_loss":0,"cards_obtained":["Rampage"]},{"damage_healed":0,"gold_gain":0,"player_choice":"Traded Relic","damage_taken":0,"relics_obtained":["Nloth\u0027s Gift"],"max_hp_gain":0,"max_hp_loss":0,"event_name":"N\u0027loth","floor":22,"relics_lost":["aspiration:Nostalgia"],"gold_loss":0},{"damage_healed":0,"gold_gain":0,"player_choice":"2","damage_taken":0,"max_hp_gain":0,"max_hp_loss":0,"event_name":"betterMatch:BetterMatch","floor":30,"gold_loss":0,"cards_obtained":["betterMatch:RareCard","betterMatch:UncommonCard"]}],"is_beta":false,"boss_relics":[{"not_picked":["Calling Bell","CCEMRelics:TransientCore"],"picked":"Runic Dome"},{"not_picked":["hubris:ScarierMask","Kintsugi"],"picked":"StuffTheSpire:Kangaroo"}],"items_purged_floors":[],"is_endless":false,"potions_floor_spawned":[7,8,16,18,20,23,25,29,31,37,42,44,46,56],"killed_by":"The Heart","ascension_level":1}}