{"host":"dwyzfvnzfcqffr30","time":1608662213,"event":{"mods":["2.2 Compatiblity","Act Like it!","BaseMod","Beaked The Cultist","Better Altar","Better Match","Better Note","Better Sensory Stone","Better Skull","Better Third Choice","Clockwork Mod","Colored Map","Colored Powertips","Conspire","Downfall","Elementarium","GifTheSpireLib","Halation","Hermit","Hubris","Infinite Spire","Ironclad Rager","Jedi Mod","Menagerie","Mimic Mod","Minty Spire (QoL Compilation)","Permanent Neow","Random Character Button","Replay The Spire","Spicy Shops","StSLib","Stuff the Spire","The Construct","The Disciple","The Druid","The Marked","TheFirefly","Trackpad","vexMod"],"gold_per_floor":[418,378,378,398,410,410,18,18,53,177,192,192,212,316,316,415,415,428,428,456,471,491,603,603,156,181,309,327,327,455,467,467,567,617,636,636,656,668,10,10,110,31,31,135,135,271,290,290,290,290,290,290,57,169,169,169],"floor_reached":55,"playtime":6213,"items_purged":["Shame","Strike_B+1","Strike_B+1","Strike_B+1","Strike_B+1","Pain"],"score":1297,"play_id":"632faf89-8343-47e2-bef6-d74cf16f3b36","local_time":"20201222103653","is_ascension_mode":true,"campfire_choices":[{"floor":6,"key":"RECALL"},{"floor":8,"key":"REST"},{"floor":15,"key":"REST"},{"floor":24,"key":"REST"},{"floor":29,"key":"REST"},{"floor":32,"key":"REST"},{"floor":40,"key":"REST"},{"floor":45,"key":"REST"},{"floor":49,"key":"REST"},{"floor":52,"key":"REST"}],"circlet_count":0,"master_deck":["AscendersBane","Defend_B+1","Defend_B+1","Defend_B+1","Defend_B+1","Zap+1","Dualcast+1","MasterReality+1","ICR:Cyclone+1","jedi:BurstLightning+1","Darkness+1","jedi:BurstFrost+1","jedi:spotbugs+1","BootSequence+1","Defragment+1","Double Energy+1","Crystallizer+1","hubris:PowerSurge+1","Doom and Gloom+1","jedi:meditation+1","Leap+1","BasicCrystalCard+1","Capacitor+1","Barrage+1","Defragment+1","Barrage+1","Redo+1","StuffTheSpire:ForEach+1","Defragment+1","Crystallizer+1","jedi:overflow+1","Defragment+1"],"relics":["Cracked Core","hubris:FruitBowl","hubris:EvacipatedBox","StuffTheSpire:TintedRock","Juzu Bracelet","Molten Egg 2","Toxic Egg 2","Frozen Egg 2","Quantum Egg","Bottled Tornado","Prayer Wheel","ReplayTheSpireMod:TigerMarble","jedi:laserpointer","Bag of Preparation","halation:LettersToHer","hubris:Icosahedron","Bag of Marbles","conspire:SlowCooker","jedi:cryingmask","trackpad:ByrdCharm","hubris:Reverence","trackpad:ByrdBGone","sneckomod:BlankCard","StuffTheSpire:Nightcore","conspire:DeflatedDodgeball","Tiny House","hubris:EmptyBottle","conspire:GiftBox","Bronze Scales","hubris:AstralHammer","Sundial","ClockworkSouvenir","hubris:SphereOfDissonance"],"acts_visited":["Exordium","TheCity","TheBeyond","TheEnding"],"potions_floor_usage":[10,14,21,23,33,33,37,44,47,50,55,55],"damage_taken":[{"damage":9,"enemies":"2 Louse","floor":1,"turns":4},{"damage":0,"enemies":"Cultist","floor":4,"turns":3},{"damage":4,"enemies":"Jaw Worm","floor":5,"turns":3},{"damage":1,"enemies":"Exordium Thugs","floor":9,"turns":4},{"damage":22,"enemies":"Gremlin Nob","floor":10,"turns":4},{"damage":0,"enemies":"Exordium Thugs","floor":11,"turns":4},{"damage":0,"enemies":"Gremlin Gang","floor":13,"turns":3},{"damage":0,"enemies":"Lagavulin","floor":14,"turns":4},{"damage":15,"enemies":"The Guardian","floor":16,"turns":7},{"damage":0,"enemies":"Spheric Guardian","floor":18,"turns":3},{"damage":24,"enemies":"conspire:MimicChest","floor":20,"turns":5},{"damage":8,"enemies":"Shell Parasite","floor":21,"turns":4},{"damage":21,"enemies":"3 Cultists","floor":22,"turns":7},{"damage":0,"enemies":"conspire:Head Lice","floor":23,"turns":6},{"damage":0,"enemies":"Gremlin Leader","floor":27,"turns":5},{"damage":0,"enemies":"Sentry and Sphere","floor":28,"turns":4},{"damage":0,"enemies":"Book of Stabbing","floor":30,"turns":4},{"damage":0,"enemies":"Snake Plant","floor":31,"turns":3},{"damage":0,"enemies":"Collector","floor":33,"turns":5},{"damage":5,"enemies":"3 Shapes","floor":35,"turns":3},{"damage":0,"enemies":"3 Darklings","floor":37,"turns":3},{"damage":0,"enemies":"4 Shapes","floor":38,"turns":3},{"damage":42,"enemies":"Reptomancer","floor":41,"turns":6},{"damage":38,"enemies":"Nemesis","floor":44,"turns":7},{"damage":1,"enemies":"Giant Head","floor":46,"turns":7},{"damage":1,"enemies":"Spire Growth","floor":47,"turns":3},{"damage":0,"enemies":"Replay:Hell Engine","floor":50,"turns":9},{"damage":29,"enemies":"Shield and Spear","floor":54,"turns":5},{"damage":54,"enemies":"The Heart","floor":55,"turns":5}],"seed_played":"-8486810067861508301","potions_obtained":[{"floor":2,"key":"jedi:holywater"},{"floor":2,"key":"Adrenaline Potion"},{"floor":2,"key":"EssenceOfDarkness"},{"floor":13,"key":"SkillPotion"},{"floor":16,"key":"jedi:StrikingPotion"},{"floor":18,"key":"FocusPotion"},{"floor":21,"key":"Dexterity Potion"},{"floor":30,"key":"FearPotion"},{"floor":31,"key":"Fire Potion"},{"floor":34,"key":"Explosive Potion"},{"floor":37,"key":"FearPotion"},{"floor":44,"key":"Dexterity Potion"}],"is_trial":false,"path_per_floor":["M","?","?","M","M","R","$","R","MIM","E","M","?","M","E","R","B",null,"M","?","?","M","M","E","R","$","T","E","M","R","E","M","R","B",null,"M","?","M","M","$","R","E","$","T","E","R","E","M","?","R","B",null,"R","$","E","B"],"character_chosen":"DEFECT","items_purchased":["Defragment+1","ReplayTheSpireMod:TigerMarble","jedi:laserpointer","Defragment+1","trackpad:ByrdBGone","Crystallizer+1","hubris:EmptyBottle","conspire:GiftBox","jedi:overflow+1","ClockworkSouvenir"],"campfire_rested":9,"item_purchase_floors":[7,7,7,25,25,39,39,39,42,53],"current_hp_per_floor":[59,59,59,59,55,55,55,75,74,52,52,52,52,52,74,59,71,71,71,47,67,46,46,68,68,68,68,68,75,75,75,75,75,82,77,77,77,77,77,82,40,40,40,2,26,25,24,24,48,48,74,82,82,53,0,0],"gold":169,"neow_bonus":"THREE_RARE_CARDS","is_daily":false,"chose_seed":false,"campfire_upgraded":0,"win_rate":0.0,"timestamp":1608662213,"path_taken":["M","?","?","M","M","R","?","R","MIM","E","M","?","M","E","R","BOSS","M","?","?","M","M","E","R","$","T","E","M","R","E","M","R","BOSS","M","?","M","M","$","R","E","?","T","E","R","E","M","?","R","BOSS","R","$","E","BOSS"],"items_purchased_type":["Card","Relic","Relic","Card","Relic","Card","Relic","Relic","Card","Relic"],"build_version":"2020-12-13","purchased_purges":6,"victory":false,"max_hp_per_floor":[75,75,75,75,75,75,75,75,75,75,75,75,75,75,75,75,75,75,75,75,75,75,75,75,75,75,75,75,75,75,75,75,75,82,82,82,82,82,82,82,82,82,82,82,82,82,82,82,82,82,82,82,82,82,82,82],"card_choices":[{"not_picked":["Machine Learning","StuffTheSpire:EventHorizon"],"picked":"ReplayTheSpireMod:Fabricate Wheel","floor":0},{"not_picked":["Heatsinks+1","Conserve Battery+1"],"picked":"jedi:BurstLightning+1","floor":1},{"not_picked":["Panic Button+1","Turbo+1","StuffTheSpire:Rend+1"],"picked":"SKIP","floor":1},{"not_picked":["Compile Driver+1","Sweeping Beam+1"],"picked":"Darkness+1","floor":4},{"not_picked":["Turbo+1","Go for the Eyes+1"],"picked":"jedi:BurstFrost+1","floor":4},{"not_picked":["Leap+1","Reinforced Body+1"],"picked":"jedi:spotbugs+1","floor":5},{"not_picked":["jedi:BurstFrost+1","hubris:DoWhile+1"],"picked":"BootSequence+1","floor":5},{"not_picked":["Redo+1","StuffTheSpire:Plugnplay+1"],"picked":"Double Energy+1","floor":10},{"not_picked":["Hologram+1","Steam+1"],"picked":"Crystallizer+1","floor":11},{"not_picked":["BootSequence+1","Biased Cognition+1","Conserve Battery+1"],"picked":"SKIP","floor":11},{"not_picked":["Coolheaded+1","StuffTheSpire:GlassShard+1"],"picked":"hubris:PowerSurge+1","floor":13},{"not_picked":["Hologram+1","Reprogram+1","StuffTheSpire:Plugnplay+1"],"picked":"SKIP","floor":13},{"not_picked":["StuffTheSpire:LoadUp+1","Streamline+1"],"picked":"Doom and Gloom+1","floor":14},{"not_picked":["jedi:studyfrost+1","Electrodynamics+1"],"picked":"jedi:meditation+1","floor":16},{"not_picked":["Reinforced Body+1","Steam+1"],"picked":"Leap+1","floor":18},{"not_picked":["Barrage+1","Doom and Gloom+1","Recycle+1"],"picked":"SKIP","floor":18},{"not_picked":["Machine Learning+1","Self Repair+1"],"picked":"BasicCrystalCard+1","floor":21},{"not_picked":["Consume+1","Tempest+1","Rebound+1"],"picked":"SKIP","floor":21},{"not_picked":["ReplayTheSpireMod:System Scan+1","Panic Button+1"],"picked":"Capacitor+1","floor":22},{"not_picked":["Compile Driver+1","Hologram+1"],"picked":"Barrage+1","floor":22},{"not_picked":["ReplayTheSpireMod:Dual Polarity+1","ReplaySolidLightProjector+1","ReplayTheSpireMod:System Scan+1"],"picked":"SKIP","floor":23},{"not_picked":["Self Repair+1","Streamline+1"],"picked":"Barrage+1","floor":27},{"not_picked":["Panic Button+1","Cold Snap+1","jedi:BurstFrost+1"],"picked":"SKIP","floor":28},{"not_picked":["Barrage+1","jedi:reiji+1","Coolheaded+1"],"picked":"SKIP","floor":28},{"not_picked":["Ball Lightning+1","Aggregate+1"],"picked":"Redo+1","floor":30},{"not_picked":["StuffTheSpire:Plugnplay+1","Panic Button+1"],"picked":"StuffTheSpire:ForEach+1","floor":31},{"not_picked":["StuffTheSpire:Plugnplay+1","Leap+1","Storm+1"],"picked":"SKIP","floor":31},{"not_picked":["Doom and Gloom+1","jedi:BurstFrost+1","Cold Snap+1"],"picked":"SKIP","floor":35},{"not_picked":["Ball Lightning+1","jedi:hex+1","Redo+1"],"picked":"SKIP","floor":35},{"not_picked":["Gash+1","jedi:BurstLightning+1","StuffTheSpire:Plugnplay+1"],"picked":"SKIP","floor":37},{"not_picked":["BootSequence+1","Sweeping Beam+1","Redo+1"],"picked":"SKIP","floor":37},{"not_picked":["Meteor Strike+1","Panic Button+1"],"picked":"Defragment+1","floor":38},{"not_picked":["Coolheaded+1","StuffTheSpire:GlassShard+1","Cold Snap+1"],"picked":"SKIP","floor":38},{"not_picked":["Recycle+1","Hello World+1","Sweeping Beam+1"],"picked":"SKIP","floor":41},{"not_picked":["FTL+1","Compile Driver+1","jedi:bruteforce+1"],"picked":"SKIP","floor":44},{"not_picked":["ReplaySort+1","Hologram+1"],"picked":"Defragment+1","floor":46},{"not_picked":["Rip and Tear+1","Conserve Battery+1","Streamline+1"],"picked":"SKIP","floor":47},{"not_picked":["Melter+1","ReplayTheSpireMod:System Scan+1","Leap+1"],"picked":"SKIP","floor":47},{"not_picked":["Ball Lightning+1","Go for the Eyes+1","Streamline+1"],"picked":"SKIP","floor":54}],"player_experience":2323447,"relics_obtained":[{"floor":9,"key":"Bag of Preparation"},{"floor":10,"key":"halation:LettersToHer"},{"floor":14,"key":"Bag of Marbles"},{"floor":20,"key":"trackpad:ByrdCharm"},{"floor":23,"key":"hubris:Reverence"},{"floor":26,"key":"halation:LettersToHer"},{"floor":26,"key":"sneckomod:BlankCard"},{"floor":27,"key":"StuffTheSpire:Nightcore"},{"floor":30,"key":"conspire:DeflatedDodgeball"},{"floor":41,"key":"Bronze Scales"},{"floor":43,"key":"halation:LettersToHer"},{"floor":44,"key":"hubris:AstralHammer"},{"floor":46,"key":"Sundial"},{"floor":54,"key":"hubris:SphereOfDissonance"}],"event_choices":[{"damage_healed":0,"gold_gain":0,"player_choice":"Simplicity","damage_taken":0,"max_hp_gain":0,"max_hp_loss":8,"event_name":"betterThird:BetterWriting","floor":0,"gold_loss":0},{"damage_healed":0,"gold_gain":0,"player_choice":"Bought 3 Potions","damage_taken":0,"max_hp_gain":0,"max_hp_loss":0,"event_name":"The Woman in Blue","floor":2,"gold_loss":0},{"cards_removed":["Spreading Infection"],"damage_healed":0,"gold_gain":0,"player_choice":"Removed Curses","damage_taken":0,"max_hp_gain":0,"max_hp_loss":0,"event_name":"Fountain of Cleansing","floor":3,"gold_loss":0},{"damage_healed":0,"gold_gain":0,"player_choice":"Ignored","damage_taken":0,"max_hp_gain":0,"max_hp_loss":0,"event_name":"Mysterious Sphere","floor":48,"gold_loss":0}],"is_beta":false,"boss_relics":[{"not_picked":["Fusion Hammer","Honey Jar","vexMod:RockOfEvil"],"picked":"conspire:SlowCooker"},{"not_picked":["Runic Dome","hubris:TerracottaHorce","infinitespire:Cupcake"],"picked":"Tiny House"}],"items_purged_floors":[7,7,25,25,39,53],"is_endless":false,"potions_floor_spawned":[5,13,14,16,18,20,21,30,31,37,44,46],"killed_by":"The Heart","ascension_level":10}}