{"host":"373g0ui1bgeshz9m","time":1608671573,"event":{"mods":["Act Like it!","Aspiration","BaseMod","Beaked The Cultist","Better Third Choice","Colored Map","Conspire","Downfall","Halation","Hermit","Hubris","Infinite Spire","Jorbs\u0027s Wanderer Trilogy","Minty Spire (QoL Compilation)","Pale of the Ancients","Permanent Neow","Quick Restart","Replay The Spire","Shade Mod","Shop Mod","Spikes Relics","StSLib","The Animator","The Bladedancer","The Bug Knight","The Construct","The Cursed","The Factory","The Florist","The Judge","The Jungle","The Necromancer","The Sage","The Wild Card","Trackpad","vexMod"],"gold_per_floor":[115,42,62,62,62,62,73,73,98,98,98,9,29,46,79,79,79,175,175,192,210,210,210,221,221,248,248,248,198,198,198,198,209,209,228,228,331,331,344,344,344,197,207,255,255,292,315,315,315],"floor_reached":48,"playtime":1690,"items_purged":[],"score":745,"play_id":"fd088c44-a53b-4f6f-960b-375708d588d0","local_time":"20201222161253","is_ascension_mode":true,"campfire_choices":[{"data":"Necrotic_Claws","floor":8,"key":"SMITH"},{"data":"Necrotic_Claws","floor":10,"key":"SMITH"},{"data":"Dramatic Entrance","floor":17,"key":"SMITH"},{"floor":25,"key":"REST"},{"data":"hubris:InfiniteBlow+4","floor":27,"key":"SMITH"},{"data":"hubris:InfiniteBlow+5","floor":32,"key":"SMITH"},{"data":"hubris:InfiniteBlow+6","floor":34,"key":"SMITH"},{"data":"hubris:InfiniteBlow+7","floor":36,"key":"SMITH"},{"data":"hubris:InfiniteBlow+8","floor":45,"key":"SMITH"}],"circlet_count":0,"master_deck":["Strike_W","Strike_W","Strike_W","Defend_W","Defend_W","Defend_W","Defend_W","Negative_Energy_Arrows","Bone_Wall","Spectral_Armor","Plague_Bolt","Necrotic_Claws+1","Pandemic","Necrotic_Claws+1","Dramatic Entrance+1","Siphon_Strength","Slay_Living","Blood_Curse","theWildCard:Polydeuces","Hellfire","Negative_Energy_Shield+1","Negative_Energy_Javelin","hubris:InfiniteBlow+9","BlessedFruit","BlessedFruit","infinitespire:FutureSight","Violent_Necrosis","Requiem","Rebound"],"relics":["Vampire_Amulet","aspiration:Nostalgia","infinitespire:DarkRift","hubris:SphereOfDissonance","Strawberry","SpikesRelics:ToyHorsey","conspire:SlowCooker","HeavenlyBonsai","vexMod:CardConverter","Pear","aspiration:DefectSkillbook","trackpad:CultistFigurine","infinitespire:EvilPickle","BlackRope"],"acts_visited":["Exordium","TheCity","TheBeyond"],"potions_floor_usage":[26,26,37,48],"damage_taken":[{"damage":1,"enemies":"Cultist","floor":1,"turns":3},{"damage":3,"enemies":"Small Slimes","floor":3,"turns":4},{"damage":2,"enemies":"2 Louse","floor":7,"turns":3},{"damage":12,"enemies":"3 Sentries","floor":9,"turns":7},{"damage":0,"enemies":"2 Fungi Beasts","floor":13,"turns":2},{"damage":0,"enemies":"Exordium Thugs","floor":14,"turns":3},{"damage":0,"enemies":"Gremlin Nob","floor":15,"turns":2},{"damage":28,"enemies":"Hexaghost","floor":18,"turns":5},{"damage":5,"enemies":"Chosen","floor":20,"turns":3},{"damage":21,"enemies":"2 Thieves","floor":21,"turns":3},{"damage":20,"enemies":"Centurion and Healer","floor":24,"turns":4},{"damage":13,"enemies":"Gremlin Leader","floor":26,"turns":4},{"damage":13,"enemies":"Snake Plant","floor":33,"turns":3},{"damage":18,"enemies":"Shelled Parasite and Fungi","floor":35,"turns":2},{"damage":22,"enemies":"Pondfish","floor":37,"turns":7},{"damage":49,"enemies":"3 Darklings","floor":39,"turns":6},{"damage":9,"enemies":"Orb Walker","floor":43,"turns":3},{"damage":20,"enemies":"Nemesis","floor":44,"turns":3},{"damage":26,"enemies":"Spire Growth","floor":46,"turns":4},{"damage":52,"enemies":"Reptomancer","floor":48,"turns":2}],"seed_played":"-7387592970204716425","potions_obtained":[{"floor":6,"key":"Explosive Potion"},{"floor":6,"key":"AttackPotion"},{"floor":6,"key":"SkillPotion"},{"floor":44,"key":"Regen Potion"},{"floor":46,"key":"Milkshake"}],"is_trial":false,"path_per_floor":["M","$","M","PTL","PTL","?","M","R","E","R","T","$","M","M","E","?","R","B",null,"M","M","AVR","?","M","R","E","R","T","?","PTL","PTL","R","M","R","M","R","B",null,"M","?","?","$","M","E","R","M","T","E"],"character_chosen":"NECROMANCER","items_purchased":["Plague_Bolt","Dramatic Entrance","trackpad:CultistFigurine"],"campfire_rested":1,"item_purchase_floors":[2,12,42],"current_hp_per_floor":[75,75,74,74,74,74,75,75,69,69,76,76,80,82,82,82,82,56,82,79,62,62,41,25,49,43,43,53,53,53,53,53,42,42,28,28,14,97,62,62,62,62,56,39,39,17,17,0,0],"gold":315,"neow_bonus":"NOSTALGIA","is_daily":false,"chose_seed":false,"campfire_upgraded":8,"win_rate":0.0,"timestamp":1608671573,"path_taken":["M","$","?","PTL","PTL","?","M","R","E","R","T","?","M","?","E","?","R","BOSS","M","M","AVR","?","M","R","E","R","T","?","PTL","PTL","R","M","R","?","R","BOSS","M","?","?","?","M","E","R","M","T","E"],"items_purchased_type":["Card","Card","Relic"],"build_version":"2020-12-13","purchased_purges":0,"victory":false,"max_hp_per_floor":[75,75,75,75,75,75,75,75,75,75,82,82,82,82,82,82,82,82,82,82,82,82,82,82,82,83,83,93,93,93,93,93,93,93,93,93,97,97,99,99,99,99,100,101,101,103,103,104,104],"card_choices":[{"not_picked":["Bone_Spikes","Negative_Energy_Mist"],"picked":"Spectral_Armor","floor":1},{"not_picked":["Blood_Shield","Life_Tap"],"picked":"Necrotic_Claws","floor":3},{"not_picked":["Shackles_Of_Pain","Death_March_Dance"],"picked":"Pandemic","floor":7},{"not_picked":["Blood_Shield","Toxic_Smoke_Screen"],"picked":"Necrotic_Claws","floor":9},{"not_picked":["Blood_for_Blood","Blood_Whip"],"picked":"Siphon_Strength","floor":13},{"not_picked":["Death_Coil","Spectral_Walk"],"picked":"Slay_Living","floor":14},{"not_picked":["Negative_Energy_Sphere","Blood_Whip"],"picked":"Blood_Curse","floor":15},{"not_picked":["Detonate_Bones","Reap_The_Weak"],"picked":"Hellfire","floor":18},{"not_picked":["Pandemic+1","Epidemic"],"picked":"Negative_Energy_Shield+1","floor":20},{"not_picked":["Finger_Of_Death+1","Bone_Spikes"],"picked":"Negative_Energy_Javelin","floor":21},{"not_picked":["Replay:Fractal Strike","infinitespire:FinalStrike"],"picked":"infinitespire:FutureSight","floor":23},{"not_picked":["Bone_Shift+1","Death_Knell"],"picked":"Violent_Necrosis","floor":24},{"not_picked":["Bones_to_Steel+1","Whirlwind_of_Bones","Blood_Is_Power"],"picked":"SKIP","floor":26},{"not_picked":["Exploit+1","Corrupt","Bones_to_Steel"],"picked":"SKIP","floor":33},{"not_picked":["Bone_Shift+1","Bone_Spikes","Chill_Blood"],"picked":"SKIP","floor":35},{"not_picked":["Hellfire","Grasp_Heart"],"picked":"Requiem","floor":37},{"not_picked":["Compile Driver","ReplayTheSpireMod:Calculation Training","BasicCrystalCard"],"picked":"Rebound","floor":39},{"not_picked":["Cold Snap+1","Glacier","Thunder Strike","Barrage"],"picked":"SKIP","floor":43},{"not_picked":["Streamline","Steam","Conserve Battery+1","Core Surge"],"picked":"SKIP","floor":44},{"not_picked":["Steam","BasicCrystalCard+1","Negative_Energy_Javelin","Cold Snap+1"],"picked":"SKIP","floor":46}],"player_experience":311648,"relics_obtained":[{"floor":9,"key":"hubris:SphereOfDissonance"},{"floor":11,"key":"Strawberry"},{"floor":15,"key":"SpikesRelics:ToyHorsey"},{"floor":26,"key":"vexMod:CardConverter"},{"floor":28,"key":"Pear"},{"floor":44,"key":"BlackRope"}],"event_choices":[{"damage_healed":0,"gold_gain":0,"player_choice":"Got Potions","damage_taken":0,"max_hp_gain":0,"max_hp_loss":0,"event_name":"Lab","floor":6,"gold_loss":0},{"damage_healed":0,"gold_gain":0,"player_choice":"Bet on Murderer","damage_taken":0,"max_hp_gain":0,"max_hp_loss":0,"event_name":"The Joust","floor":29,"gold_loss":50},{"cards_removed":["Strike_W"],"damage_healed":0,"gold_gain":0,"player_choice":"Removed Attack","damage_taken":0,"max_hp_gain":0,"max_hp_loss":0,"event_name":"Falling","floor":40,"gold_loss":0}],"is_beta":false,"boss_relics":[{"not_picked":["infinitespire:Cupcake","Ectoplasm"],"picked":"conspire:SlowCooker"},{"not_picked":["ReplayTheSpireMod:SealedPack","hubris:GrandSneckoEye"],"picked":"aspiration:DefectSkillbook"}],"items_purged_floors":[],"is_endless":false,"potions_floor_spawned":[7,9,15,18,21,24,44,46],"killed_by":"Reptomancer","ascension_level":1}}