{"host":"zzf13dk0jcen0ncv","time":1608634386,"event":{"mods":["AchievementEnabler","BaseMod","BetterRewards","Colored Map","Keyboard Shortcuts","Minty Spire (QoL Compilation)","Quick Restart","Shop Mod","StSLib","SuperFastMode","Waifu the Spire"],"gold_per_floor":[118,10,50,81,119,187,187,222,222,58,58,90,125,125,125,207,234,253,301,226,226,226,267,267,276,276,322,348,348,374,414,414,519,519,542,588,34,59,79,123,155,155,155,155,182,211,486,523,523,523,523,523,523,30,94,94],"floor_reached":57,"playtime":2472,"items_purged":["Strike_R","Strike_R","Strike_R"],"score":4000,"play_id":"3ba8ddf4-b138-47e4-911a-6f9e4a286d48","local_time":"20201222195306","is_ascension_mode":true,"campfire_choices":[{"data":"Apotheosis","floor":7,"key":"SMITH"},{"data":"1","floor":11,"key":"LIFT"},{"data":"2","floor":15,"key":"LIFT"},{"data":"3","floor":24,"key":"LIFT"},{"floor":29,"key":"RECALL"},{"data":"Barricade","floor":32,"key":"SMITH"},{"floor":42,"key":"DIG"},{"floor":44,"key":"DIG"},{"floor":49,"key":"DIG"},{"floor":53,"key":"REST"}],"circlet_count":0,"master_deck":["AscendersBane","Defend_R","Bash","Juggernaut","Battle Trance","Ghostly Armor","Whirlwind","HandOfGreed+1","Evolve","Spot Weakness","Burning Pact","Juggernaut","Apotheosis+1","Impervious","Shrug It Off","Evolve","Bandage Up","Flame Barrier","Shrug It Off","Offering","Blur","Entrench","Uppercut+1","Barricade+1","Master of Strategy","Acrobatics","Creative AI","Inflame+1","Thunderclap+1","Impervious+1","Storm","Seeing Red","Offering","Metallicize","Well Laid Plans","Blind","Reprogram","Berserk","Feed+1","Choke+1","Backflip","Master of Strategy","Evolve","Turbo","Cloak And Dagger+1","Cold Snap+1","Conserve Battery","Burst","Leg Sweep+1","Dash+1","Panache","Trip+1"],"relics":["Burning Blood","PrismaticShard","Champion Belt","PreservedInsect","Toy Ornithopter","TungstenRod","DollysMirror","Ice Cream","Mummified Hand","Lantern","Chemical X","Girya","Unceasing Top","CeramicFish","Thread and Needle","Ancient Tea Set","Blood Vial","Omamori","Odd Mushroom","Molten Egg 2","Astrolabe","Bag of Marbles","Sundial","Bird Faced Urn","SacredBark","Shovel","Prayer Wheel","Self Forming Clay","Darkstone Periapt","Pocketwatch","Ornamental Fan","Gambling Chip","Ginger","Bronze Scales","HandDrill","Whetstone","Happy Flower"],"acts_visited":["Exordium","TheCity","TheBeyond","TheEnding"],"potions_floor_usage":[6,23,33,38,56],"damage_taken":[{"damage":5,"enemies":"Cultist","floor":1,"turns":3},{"damage":0,"enemies":"Jaw Worm","floor":3,"turns":2},{"damage":2,"enemies":"Small Slimes","floor":4,"turns":3},{"damage":5,"enemies":"2 Fungi Beasts","floor":5,"turns":2},{"damage":5,"enemies":"Lagavulin","floor":6,"turns":4},{"damage":5,"enemies":"Gremlin Nob","floor":8,"turns":2},{"damage":0,"enemies":"The Mushroom Lair","floor":12,"turns":2},{"damage":5,"enemies":"Lagavulin","floor":13,"turns":5},{"damage":14,"enemies":"The Guardian","floor":16,"turns":7},{"damage":2,"enemies":"Shell Parasite","floor":18,"turns":3},{"damage":14,"enemies":"2 Thieves","floor":19,"turns":4},{"damage":11,"enemies":"Slavers","floor":23,"turns":2},{"damage":5,"enemies":"Shelled Parasite and Fungi","floor":27,"turns":3},{"damage":0,"enemies":"Cultist and Chosen","floor":28,"turns":1},{"damage":0,"enemies":"Chosen and Byrds","floor":30,"turns":1},{"damage":10,"enemies":"Gremlin Leader","floor":31,"turns":5},{"damage":10,"enemies":"Champ","floor":33,"turns":6},{"damage":18,"enemies":"Orb Walker","floor":35,"turns":4},{"damage":13,"enemies":"3 Shapes","floor":36,"turns":2},{"damage":10,"enemies":"Sphere and 2 Shapes","floor":38,"turns":3},{"damage":8,"enemies":"Writhing Mass","floor":39,"turns":5},{"damage":65,"enemies":"Reptomancer","floor":40,"turns":3},{"damage":14,"enemies":"3 Darklings","floor":41,"turns":5},{"damage":5,"enemies":"Nemesis","floor":45,"turns":4},{"damage":10,"enemies":"Transient","floor":46,"turns":6},{"damage":5,"enemies":"Giant Head","floor":48,"turns":5},{"damage":11,"enemies":"Donu and Deca","floor":50,"turns":5},{"damage":36,"enemies":"Time Eater","floor":51,"turns":7},{"damage":8,"enemies":"Shield and Spear","floor":55,"turns":6},{"damage":19,"enemies":"The Heart","floor":56,"turns":8}],"seed_played":"910123081792997002","potions_obtained":[{"floor":1,"key":"Fire Potion"},{"floor":6,"key":"Ancient Potion"},{"floor":13,"key":"Strength Potion"},{"floor":16,"key":"BloodPotion"},{"floor":23,"key":"LiquidBronze"},{"floor":33,"key":"Fruit Juice"},{"floor":36,"key":"Swift Potion"},{"floor":40,"key":"Explosive Potion"}],"is_trial":false,"path_per_floor":["M","$","M","M","M","E","R","E","T","$","R","?","E","$","R","B",null,"M","M","?","$","?","E","R","?","T","M","M","R","M","E","R","B",null,"M","M","$","M","M","E","M","R","T","R","E","M","?","E","R","B","B",null,"R","$","E","B",null],"character_chosen":"IRONCLAD","items_purchased":["PrismaticShard","Champion Belt","PreservedInsect","Juggernaut","Battle Trance","Ghostly Armor","Whirlwind","HandOfGreed","Toy Ornithopter","TungstenRod","Evolve","Spot Weakness","Burning Pact","DollysMirror","Apotheosis","Ice Cream","Impervious","Shrug It Off","Evolve","Mummified Hand","Lantern","Chemical X","Girya","Unceasing Top","Bandage Up","Flame Barrier","CeramicFish","Thread and Needle","Shrug It Off","Entrench","Uppercut","Omamori","Shovel","Master of Strategy","Evolve","Bronze Scales","HandDrill","Whetstone"],"campfire_rested":1,"item_purchase_floors":[0,0,0,0,0,0,0,0,0,0,0,0,0,0,0,0,0,0,0,0,0,0,0,0,0,0,0,0,0,2,2,10,37,37,37,54,54,54],"current_hp_per_floor":[75,75,75,75,75,75,75,75,75,75,75,75,75,75,75,71,74,75,72,72,72,72,75,75,75,75,75,75,75,75,75,75,80,80,80,79,79,84,88,39,53,53,53,53,82,88,88,92,92,92,92,92,92,92,96,96],"gold":94,"neow_bonus":"","is_daily":false,"chose_seed":false,"campfire_upgraded":2,"win_rate":0.0,"timestamp":1608634386,"path_taken":["M","$","M","M","M","E","R","E","T","?","R","?","E","$","R","BOSS","M","M","?","$","?","E","R","?","T","M","M","R","M","E","R","BOSS","M","M","$","M","M","E","M","R","T","R","E","M","?","E","R","BOSS","BOSS","R","$","E","BOSS"],"items_purchased_type":["Relic","Relic","Relic","Card","Card","Card","Card","Card","Relic","Relic","Card","Card","Card","Relic","Card","Relic","Card","Card","Card","Relic","Relic","Relic","Relic","Relic","Card","Card","Relic","Relic","Card","Card","Card","Relic","Relic","Card","Card","Relic","Relic","Relic"],"build_version":"2020-12-13","purchased_purges":3,"victory":true,"max_hp_per_floor":[75,75,75,75,75,75,75,75,75,75,75,75,75,75,75,75,75,75,75,75,75,75,75,75,75,75,75,75,75,75,75,75,80,80,80,80,80,84,88,88,88,88,88,88,88,88,88,92,92,92,92,92,92,92,96,96],"card_choices":[{"not_picked":["Prostrate","Poisoned Stab"],"picked":"Blur","floor":1},{"not_picked":["Iron Wave","Steam","Stack"],"picked":"SKIP","floor":3},{"not_picked":["Flying Knee","Clash","Uppercut"],"picked":"SKIP","floor":4},{"not_picked":["Iron Wave","JustLucky","Bane"],"picked":"SKIP","floor":5},{"not_picked":["Swivel","Panacea"],"picked":"Barricade","floor":6},{"not_picked":["Sweeping Beam","Thunderclap"],"picked":"Master of Strategy","floor":8},{"not_picked":["Dagger Throw","Iron Wave"],"picked":"Acrobatics","floor":12},{"not_picked":["Gash+1","Quick Slash+1","Consume"],"picked":"SKIP","floor":13},{"not_picked":["Exhume","DeusExMachina"],"picked":"Creative AI","floor":16},{"not_picked":["Flex+1","Body Slam+1"],"picked":"Storm","floor":18},{"not_picked":["Fire Breathing","Power Through"],"picked":"Seeing Red","floor":19},{"not_picked":["Trip","FollowUp+1"],"picked":"Offering","floor":23},{"not_picked":["EmptyFist+1","Evaluate"],"picked":"Well Laid Plans","floor":27},{"not_picked":["Finesse","Static Discharge+1"],"picked":"Blind","floor":28},{"not_picked":["Iron Wave+1","Havoc"],"picked":"Reprogram","floor":30},{"not_picked":["Coolheaded","Bandage Up"],"picked":"Berserk","floor":31},{"not_picked":["Venomology","Brilliance+1"],"picked":"Feed+1","floor":33},{"not_picked":["Clothesline+1","Blind+1"],"picked":"Choke+1","floor":35},{"not_picked":["Shrug It Off+1","Enlightenment"],"picked":"Backflip","floor":36},{"not_picked":["Flying Knee+1","Deadly Poison"],"picked":"Turbo","floor":38},{"not_picked":["Wild Strike+1","EmptyFist+1"],"picked":"Cloak And Dagger+1","floor":39},{"not_picked":["Tantrum+1","Flex"],"picked":"Cold Snap+1","floor":40},{"not_picked":["Backstab+1","Ball Lightning+1"],"picked":"Conserve Battery","floor":41},{"not_picked":["Poisoned Stab+1","Sucker Punch+1"],"picked":"Burst","floor":41},{"not_picked":["Cloak And Dagger","Conclude+1","Slice+1"],"picked":"SKIP","floor":45},{"not_picked":["ForeignInfluence","Crescendo"],"picked":"Leg Sweep+1","floor":46},{"not_picked":["Blade Dance+1","Iron Wave+1"],"picked":"Dash+1","floor":46},{"not_picked":["Acrobatics","Searing Blow+1"],"picked":"Panache","floor":48},{"not_picked":["Ball Lightning+1","Metallicize"],"picked":"Trip+1","floor":55}],"player_experience":902566,"relics_obtained":[{"floor":6,"key":"Ancient Tea Set"},{"floor":8,"key":"Blood Vial"},{"floor":12,"key":"Odd Mushroom"},{"floor":13,"key":"Molten Egg 2"},{"floor":23,"key":"Bag of Marbles"},{"floor":26,"key":"Sundial"},{"floor":31,"key":"Bird Faced Urn"},{"floor":40,"key":"Prayer Wheel"},{"floor":42,"key":"Self Forming Clay"},{"floor":43,"key":"Darkstone Periapt"},{"floor":44,"key":"Pocketwatch"},{"floor":45,"key":"Ornamental Fan"},{"floor":48,"key":"Gambling Chip"},{"floor":49,"key":"Ginger"},{"floor":55,"key":"Happy Flower"}],"event_choices":[{"damage_healed":0,"gold_gain":0,"player_choice":"Fought Mushrooms","damage_taken":0,"max_hp_gain":0,"max_hp_loss":0,"event_name":"Mushrooms","floor":12,"gold_loss":0},{"cards_removed":["Defend_R"],"damage_healed":0,"gold_gain":0,"player_choice":"Gave Gold","damage_taken":0,"max_hp_gain":0,"max_hp_loss":0,"event_name":"Beggar","floor":20,"gold_loss":75},{"cards_removed":["Defend_R"],"damage_healed":0,"gold_gain":0,"player_choice":"Elegance","damage_taken":0,"max_hp_gain":0,"max_hp_loss":0,"event_name":"Back to Basics","floor":22,"gold_loss":0},{"damage_healed":0,"gold_gain":0,"player_choice":"Read","damage_taken":0,"max_hp_gain":0,"max_hp_loss":0,"event_name":"The Library","floor":25,"gold_loss":0,"cards_obtained":["Metallicize"]},{"damage_healed":0,"gold_gain":275,"player_choice":"Desecrate","damage_taken":0,"max_hp_gain":0,"max_hp_loss":0,"event_name":"Golden Shrine","floor":47,"gold_loss":0,"cards_obtained":["Regret"]}],"is_beta":false,"boss_relics":[{"not_picked":["Busted Crown","Ectoplasm"],"picked":"Astrolabe"},{"not_picked":["Black Blood","Empty Cage"],"picked":"SacredBark"}],"items_purged_floors":[0,0,0],"is_endless":false,"potions_floor_spawned":[1,6,13,16,23,28,33,36,40,41,46],"ascension_level":20}}