{"host":"q6rs3in4l29iepap","time":1608662307,"event":{"mods":["Aspiration","BaseMod","BetterRewards","Colored Map","Downfall","Friendly Minions","Hermit","Hubris","Infinite Spire","Jorbs\u0027s Wanderer Trilogy","Minty Spire (QoL Compilation)","Replay The Spire","Shade Mod","StSLib","The Bug Knight","The Construct","The Cursed","The Disciple","The Hierophant","The Mystic","The Runesmith"],"gold_per_floor":[116,116,133,151,163,163,195,205,205,205,130,148,1,17,17,17,17],"floor_reached":16,"playtime":935,"items_purged":["Strike_B"],"score":179,"play_id":"c1eb1460-ceff-4731-a171-738fc2ebe357","local_time":"20201222103827","is_ascension_mode":false,"campfire_choices":[{"floor":6,"key":"RECALL"},{"floor":15,"key":"REST"}],"circlet_count":0,"master_deck":["Strike_B","Strike_B","Strike_B","Defend_B","Defend_B","Defend_B","Defend_B","Dualcast","Redo","ReplayTheSpireMod:Omega Cannon","Skim","Leap","Reprogram","FTL","Rebound","Panic Button","Sweeping Beam","Pot Of Greed","Pot Of Greed"],"relics":["Cracked Core","Shuriken","hubris:Towel","Grinning Jar"],"acts_visited":["Exordium"],"potions_floor_usage":[7,8,16],"damage_taken":[{"damage":0,"enemies":"2 Louse","floor":1,"turns":1},{"damage":0,"enemies":"Cultist","floor":3,"turns":2},{"damage":6,"enemies":"Jaw Worm","floor":4,"turns":4},{"damage":11,"enemies":"Exordium Wildlife","floor":5,"turns":2},{"damage":0,"enemies":"3 Sentries","floor":7,"turns":2},{"damage":2,"enemies":"Blue Slaver","floor":8,"turns":3},{"damage":10,"enemies":"Looter","floor":12,"turns":2},{"damage":8,"enemies":"2 Fungi Beasts","floor":14,"turns":3},{"damage":82,"enemies":"The Guardian","floor":16,"turns":10}],"seed_played":"-1765121134440551458","potions_obtained":[{"floor":5,"key":"SteroidPotion"},{"floor":7,"key":"Flashbang"},{"floor":12,"key":"SkillPotion"}],"is_trial":false,"path_per_floor":["M","?","M","M","M","R","E","M","T","?","$","M","$","M","R","B"],"character_chosen":"DEFECT","items_purchased":["Grinning Jar"],"campfire_rested":1,"item_purchase_floors":[13],"current_hp_per_floor":[66,66,66,60,49,49,49,47,47,47,47,37,37,29,51,0,0],"gold":17,"neow_bonus":"","is_daily":false,"chose_seed":false,"campfire_upgraded":0,"win_rate":0.0,"timestamp":1608662307,"path_taken":["M","?","M","M","?","R","E","M","T","?","$","M","$","M","R","BOSS"],"items_purchased_type":["Relic"],"build_version":"2020-12-13","purchased_purges":1,"victory":false,"max_hp_per_floor":[75,75,75,75,75,75,75,75,75,75,75,75,75,75,75,75,75],"card_choices":[{"not_picked":["BasicCrystalCard","Cold Snap"],"picked":"Leap","floor":1},{"not_picked":["Gash","Consume"],"picked":"Reprogram","floor":3},{"not_picked":["Compile Driver","Panic Button"],"picked":"FTL","floor":4},{"not_picked":["Conserve Battery","Cold Snap"],"picked":"Rebound","floor":5},{"not_picked":["Steam","Storm","Ball Lightning"],"picked":"SKIP","floor":7},{"not_picked":["aspiration:Polymerization","Barrage"],"picked":"Panic Button","floor":8},{"not_picked":["Coolheaded","Leap"],"picked":"Sweeping Beam","floor":12},{"not_picked":["Steam","Gash","hubris:Ukulele"],"picked":"SKIP","floor":14}],"player_experience":94277,"relics_obtained":[{"floor":7,"key":"Shuriken"}],"event_choices":[{"damage_healed":0,"gold_gain":0,"player_choice":"Bought 0 Potions","damage_taken":0,"max_hp_gain":0,"max_hp_loss":0,"event_name":"The Woman in Blue","floor":2,"gold_loss":0}],"is_beta":false,"boss_relics":[],"items_purged_floors":[11],"is_endless":false,"potions_floor_spawned":[5,7,12],"killed_by":"The Guardian","ascension_level":0}}