{"host":"55yei7x27djrlaep","time":1608653462,"event":{"mods":["Act Like it!","Aspiration","BaseMod","Better Third Choice","BetterRewards","Colored Map","Downfall","Friendly Minions","GifTheSpireLib","Hubris","Minty Spire (QoL Compilation)","Replay The Spire","StSLib","Stuff the Spire","The Cursed","The Servant 0.9.4"],"gold_per_floor":[119,168,184,195,195,195,370,445,445,168,182,215,215,215,215,215,215],"floor_reached":16,"playtime":649,"items_purged":["StuffTheSpire:CuriosityCurse"],"score":113,"play_id":"fa2fb53e-d09f-421a-8d7f-5d0b6e2dfad4","local_time":"20201222191102","is_ascension_mode":true,"campfire_choices":[{"data":"Fusion","floor":6,"key":"SMITH"},{"data":"Mirror Shield","floor":13,"key":"SMITH"},{"data":"Doubt","floor":15,"key":"PURGE"}],"circlet_count":0,"master_deck":["Strike_B","Strike_B","Strike_B","Strike_B","Defend_B","Defend_B","Defend_B","Defend_B","Zap+1","Dualcast","Streamline","Tempest","Beam Cell","Mirror Shield+1","Fusion+1","Sweeping Beam","Go for the Eyes","Leap"],"relics":["Cracked Core","aspiration:DSix","hubris:SphereOfDissonance","Juzu Bracelet","Blood Vial","Solar Panel"],"acts_visited":["Exordium"],"potions_floor_usage":[],"damage_taken":[{"damage":4,"enemies":"Jaw Worm","floor":1,"turns":4},{"damage":0,"enemies":"Cultist","floor":3,"turns":2},{"damage":0,"enemies":"2 Louse","floor":4,"turns":2},{"damage":2,"enemies":"Looter","floor":11,"turns":2},{"damage":8,"enemies":"Gremlin Nob","floor":12,"turns":3},{"damage":56,"enemies":"Fading Forest","floor":16,"turns":7}],"seed_played":"-7752071041113394908","potions_obtained":[{"floor":11,"key":"EssenceOfSteel"}],"is_trial":false,"path_per_floor":["M","?","M","M","?","R","?","?","T","$","M","E","R","?","R_BF","B"],"character_chosen":"DEFECT","items_purchased":["Blood Vial","Sweeping Beam"],"campfire_rested":0,"item_purchase_floors":[10,10],"current_hp_per_floor":[71,53,53,53,53,53,56,48,48,48,48,42,42,45,45,0,0],"gold":215,"neow_bonus":"DSIX","is_daily":false,"chose_seed":false,"campfire_upgraded":2,"win_rate":0.0,"timestamp":1608653462,"path_taken":["M","?","M","?","?","R","?","?","T","$","M","E","R","?","R_BF","BOSS"],"items_purchased_type":["Relic","Card"],"build_version":"2020-12-13","purchased_purges":1,"victory":false,"max_hp_per_floor":[75,75,75,75,75,75,75,75,75,75,75,75,75,75,75,75,75],"card_choices":[{"not_picked":["Ball Lightning","Cold Snap"],"picked":"Streamline","floor":1},{"not_picked":["ReplayTheSpireMod:Reroute Power","StuffTheSpire:Plugnplay"],"picked":"Tempest","floor":2},{"not_picked":["Ball Lightning","Time Bomb"],"picked":"Beam Cell","floor":2},{"not_picked":["Redo","Steam"],"picked":"Mirror Shield","floor":3},{"not_picked":["StuffTheSpire:Plugnplay","Streamline"],"picked":"Fusion","floor":4},{"not_picked":["BasicCrystalCard","Barrage"],"picked":"Go for the Eyes","floor":11},{"not_picked":["Tempest","Sweeping Beam"],"picked":"Leap","floor":12}],"player_experience":365084,"relics_obtained":[{"floor":2,"key":"hubris:SphereOfDissonance"},{"floor":12,"key":"Solar Panel"}],"event_choices":[{"damage_healed":0,"gold_gain":175,"player_choice":"AGREE","damage_taken":195,"max_hp_gain":0,"max_hp_loss":0,"event_name":"betterThird:BetterSerpent","floor":7,"gold_loss":0},{"damage_healed":0,"gold_gain":75,"player_choice":"Gold","damage_taken":11,"max_hp_gain":0,"max_hp_loss":0,"event_name":"betterThird:BetterGoop","floor":8,"gold_loss":0},{"damage_healed":0,"gold_gain":0,"player_choice":"Upgraded","damage_taken":0,"max_hp_gain":0,"max_hp_loss":0,"event_name":"Upgrade Shrine","floor":14,"gold_loss":0,"cards_upgraded":["Zap"]}],"is_beta":false,"boss_relics":[],"items_purged_floors":[10],"is_endless":false,"potions_floor_spawned":[11],"killed_by":"Fading Forest","ascension_level":3}}