{"host":"1a32ffxog1zcqoh0","time":1608621760,"event":{"mods":["BaseMod","Block Reminder","Colored Map","Colored Powertips","Googly Eyes","Minty Spire (QoL Compilation)","Quick Restart","Rare Cards Sparkle","Relic Stats","StSLib","Unceasing Turn Reminder","everything is the same but u backflip on backflip","slay the spire mod where everything is the same but ironclad has a cowboy hat"],"gold_per_floor":[119,119,294,369,26,58,58,102,166,206,230,242,11,25,25,120,120,102,102,102,102,119,119,148,148,148,183,193,193,193],"floor_reached":29,"playtime":1156,"items_purged":["Strike_G"],"score":409,"play_id":"af21c9d0-be84-4529-8d03-75ba24790b4a","local_time":"20201222022240","is_ascension_mode":true,"campfire_choices":[{"data":"Dagger Spray","floor":12,"key":"SMITH"},{"floor":15,"key":"REST"},{"floor":23,"key":"REST"},{"floor":25,"key":"REST"}],"circlet_count":0,"master_deck":["Strike_G+1","Strike_G+1","Strike_G+1","Strike_G+1","Defend_G+1","Defend_G+1","Defend_G+1","Defend_G+1","Defend_G+1","Survivor","Neutralize","Dagger Spray+1","Doubt","Cloak And Dagger","Acrobatics","Blade Dance","Caltrops","Underhanded Strike","Tools of the Trade","Blade Dance","Tactician","Envenom","Underhanded Strike","Infinite Blades","Masterful Stab","Deflect","Sucker Punch"],"relics":["Ring of the Snake","NeowsBlessing","Juzu Bracelet","Omamori","Sling","Smiling Mask","MawBank","Blood Vial","Oddly Smooth Stone","Singing Bowl","Calling Bell","Tiny Chest","Pantograph","Ginger","MealTicket","Tingsha","Bronze Scales"],"acts_visited":["Exordium","TheCity"],"potions_floor_usage":[10,18,24,24,29],"damage_taken":[{"damage":0,"enemies":"Jaw Worm","floor":1,"turns":1},{"damage":0,"enemies":"3 Sentries","floor":6,"turns":1},{"damage":0,"enemies":"Lagavulin","floor":8,"turns":1},{"damage":29,"enemies":"Gremlin Nob","floor":10,"turns":5},{"damage":0,"enemies":"Cultist","floor":11,"turns":4},{"damage":6,"enemies":"Small Slimes","floor":14,"turns":3},{"damage":39,"enemies":"Hexaghost","floor":16,"turns":11},{"damage":14,"enemies":"2 Thieves","floor":18,"turns":4},{"damage":3,"enemies":"3 Byrds","floor":22,"turns":5},{"damage":28,"enemies":"Slavers","floor":24,"turns":4},{"damage":31,"enemies":"Book of Stabbing","floor":27,"turns":5},{"damage":41,"enemies":"Shelled Parasite and Fungi","floor":28,"turns":5},{"damage":3,"enemies":"Slavers","floor":29,"turns":1}],"seed_played":"6829127665155984246","potions_obtained":[{"floor":1,"key":"Fire Potion"},{"floor":6,"key":"LiquidBronze"},{"floor":10,"key":"SteroidPotion"},{"floor":16,"key":"LiquidBronze"},{"floor":22,"key":"CultistPotion"},{"floor":28,"key":"Swift Potion"}],"is_trial":false,"path_per_floor":["M","?","?","?","$","E","?","E","T","E","M","R","$","M","R","B",null,"M","?","?","?","M","R","E","R","T","E","M","E"],"character_chosen":"THE_SILENT","items_purchased":["Cloak And Dagger","Omamori","Sling","Tools of the Trade","Blade Dance"],"campfire_rested":3,"item_purchase_floors":[5,5,5,13,13],"current_hp_per_floor":[70,70,70,63,63,63,63,63,63,36,38,38,38,34,55,18,57,45,45,32,57,56,75,47,69,69,40,1,0,0],"gold":193,"neow_bonus":"THREE_ENEMY_KILL","is_daily":false,"chose_seed":false,"campfire_upgraded":1,"win_rate":0.0,"timestamp":1608621760,"path_taken":["M","?","?","?","?","E","?","E","T","E","M","R","$","M","R","BOSS","M","?","?","?","M","R","E","R","T","E","M","E"],"items_purchased_type":["Card","Relic","Relic","Card","Card"],"build_version":"2020-12-13","purchased_purges":1,"victory":false,"max_hp_per_floor":[70,70,70,70,70,70,70,70,70,70,70,70,70,70,70,70,70,70,70,75,75,75,75,75,75,75,75,75,75,75],"relic_stats":{"Singing Bowl":0,"counters":[13,50],"Tingsha":[24],"Juzu Bracelet":1,"Ginger":[8],"Smiling Mask":25,"MawBank":72,"Blood Vial":18,"Pantograph":0,"Bronze Scales":[24],"Tiny Chest":0,"MealTicket":0,"obtain_stats":[{"NeowsBlessing":0,"Singing Bowl":10,"Oddly Smooth Stone":9,"Tingsha":26,"Juzu Bracelet":2,"Omamori":5,"Ginger":17,"Sling":5,"Smiling Mask":6,"MawBank":7,"Blood Vial":8,"Calling Bell":17,"Pantograph":17,"Bronze Scales":27,"Tiny Chest":17,"MealTicket":24,"Ring of the Snake":0},{"NeowsBlessing":0,"Singing Bowl":4,"Oddly Smooth Stone":3,"Tingsha":10,"Juzu Bracelet":1,"Omamori":1,"Ginger":7,"Sling":1,"Smiling Mask":2,"MawBank":2,"Blood Vial":3,"Calling Bell":7,"Pantograph":7,"Bronze Scales":11,"Tiny Chest":7,"MealTicket":10,"Ring of the Snake":0},{"NeowsBlessing":0,"Singing Bowl":8,"Oddly Smooth Stone":3,"Tingsha":39,"Juzu Bracelet":1,"Omamori":1,"Ginger":26,"Sling":1,"Smiling Mask":2,"MawBank":2,"Blood Vial":3,"Calling Bell":26,"Pantograph":26,"Bronze Scales":44,"Tiny Chest":26,"MealTicket":39,"Ring of the Snake":0}],"Ring of the Snake":[26]},"card_choices":[{"not_picked":["Footwork","Eviscerate"],"picked":"Dagger Spray","floor":1},{"not_picked":["Deflect","Dagger Spray"],"picked":"Acrobatics","floor":6},{"not_picked":["Doppelganger","Calculated Gamble"],"picked":"Blade Dance","floor":8},{"not_picked":["Bane","Skewer"],"picked":"Caltrops","floor":10},{"not_picked":["Sucker Punch","Endless Agony"],"picked":"Underhanded Strike","floor":11},{"not_picked":["Poisoned Stab","Deadly Poison"],"picked":"Tactician","floor":14},{"not_picked":["Storm of Steel","Venomology"],"picked":"Envenom","floor":16},{"not_picked":["PiercingWail","Choke"],"picked":"Underhanded Strike","floor":18},{"not_picked":["Quick Slash+1","Dodge and Roll+1"],"picked":"Infinite Blades","floor":22},{"not_picked":["Deflect+1","Flechettes+1"],"picked":"Masterful Stab","floor":24},{"not_picked":["Quick Slash+1","Riddle With Holes+1"],"picked":"Deflect","floor":27},{"not_picked":["Well Laid Plans","Infinite Blades"],"picked":"Sucker Punch","floor":28}],"player_experience":248386,"relics_obtained":[{"floor":6,"key":"Smiling Mask"},{"floor":8,"key":"Blood Vial"},{"floor":9,"key":"Oddly Smooth Stone"},{"floor":10,"key":"Singing Bowl"},{"floor":17,"key":"Tiny Chest"},{"floor":17,"key":"Pantograph"},{"floor":17,"key":"Ginger"},{"floor":24,"key":"MealTicket"},{"floor":26,"key":"Tingsha"},{"floor":27,"key":"Bronze Scales"}],"event_choices":[{"damage_healed":0,"gold_gain":0,"player_choice":"Gave Potion","damage_taken":0,"relics_obtained":["Juzu Bracelet"],"max_hp_gain":0,"max_hp_loss":0,"event_name":"WeMeetAgain","floor":2,"gold_loss":0},{"damage_healed":0,"gold_gain":175,"player_choice":"AGREE","damage_taken":0,"max_hp_gain":0,"max_hp_loss":0,"event_name":"Liars Game","floor":3,"gold_loss":0,"cards_obtained":["Doubt"]},{"damage_healed":0,"gold_gain":75,"player_choice":"Touch","damage_taken":7,"max_hp_gain":0,"max_hp_loss":0,"event_name":"FaceTrader","floor":4,"gold_loss":0},{"damage_healed":0,"gold_gain":0,"player_choice":"Box","damage_taken":0,"relics_obtained":["MawBank"],"max_hp_gain":0,"max_hp_loss":0,"event_name":"Big Fish","floor":7,"gold_loss":0,"cards_obtained":["Regret"]},{"damage_healed":0,"gold_gain":0,"player_choice":"Simplicity","damage_taken":0,"max_hp_gain":0,"max_hp_loss":0,"event_name":"Back to Basics","floor":19,"gold_loss":0,"cards_upgraded":["Strike_G","Strike_G","Strike_G","Strike_G","Defend_G","Defend_G","Defend_G","Defend_G","Defend_G"]},{"damage_healed":0,"gold_gain":0,"player_choice":"Shed Blood","damage_taken":18,"max_hp_gain":5,"max_hp_loss":0,"event_name":"Forgotten Altar","floor":20,"gold_loss":0},{"damage_healed":25,"gold_gain":0,"player_choice":"Heal","damage_taken":0,"max_hp_gain":0,"max_hp_loss":0,"event_name":"The Library","floor":21,"gold_loss":0}],"is_beta":false,"boss_relics":[{"not_picked":["Fusion Hammer","Coffee Dripper"],"picked":"Calling Bell"}],"items_purged_floors":[13],"is_endless":false,"potions_floor_spawned":[1,6,10,16,22,28],"killed_by":"Slavers","ascension_level":5}}