{"host":"iyvjjqtjrywxqc57","time":1608636702,"event":{"mods":["AchievementEnabler","BaseMod","Bestiary","Better Match","Better Sensory Stone","Better Skull","Better Third Choice","Colored Map","Colored Powertips","Downfall","Minty Spire (QoL Compilation)","Quick Restart","Rare Cards Sparkle","StSLib"],"gold_per_floor":[110,110,0,20,20,49,49,14,41,41,58,90,90,38,38,143,143,158,15,29,29,39,39,39,70,70,70,70,88,12,12,12,115,115,128,128,178,190,202,202,227,227,227,245,271,271,281,281,281],"floor_reached":48,"playtime":6938,"items_purged":[],"score":564,"play_id":"94544dbd-1c3d-4622-b38b-784752510ba9","local_time":"20201222053142","is_ascension_mode":false,"campfire_choices":[{"data":"Consecrate","floor":7.0,"key":"SMITH"},{"data":"DeceiveReality","floor":10.0,"key":"SMITH"},{"data":"BattleHymn","floor":13.0,"key":"SMITH"},{"data":"Eruption","floor":15.0,"key":"SMITH"},{"data":"FlyingSleeves","floor":23,"key":"SMITH"},{"data":"Vigilance","floor":27,"key":"SMITH"},{"data":"Enlightenment","floor":32,"key":"SMITH"},{"data":"expansioncontent:BronzeBeam","floor":40,"key":"SMITH"},{"data":"Crescendo","floor":42,"key":"SMITH"},{"data":"Discovery","floor":46,"key":"SMITH"}],"circlet_count":0,"master_deck":["Strike_P","Strike_P+1","Strike_P","Strike_P+1","Defend_P","Defend_P","Defend_P","Defend_P","Eruption+1","Vigilance+1","DeceiveReality+1","Enlightenment+1","Consecrate+1","JustLucky","Halt","BattleHymn+1","FlyingSleeves+1","DevaForm","FlurryOfBlows","SashWhip+1","CrushJoints","Discovery+1","expansioncontent:BronzeBeam+1","CutThroughFate","PathToVictory","DeusExMachina","ClearTheMind+1","Crescendo+1","Conclude+1","CarveReality+1"],"relics":["PureWater","NeowsBlessing","Whetstone","betterThird:SlimedRelic","MealTicket","Matryoshka","Coffee Dripper","Membership Card","HornCleat","Tiny Chest","TungstenRod","Toolbox","Busted Crown","Regal Pillow","Bottled Flame","Torii","Lantern","Calipers","Bronze Scales"],"acts_visited":["Exordium","TheCity","TheBeyond"],"potions_floor_usage":[29,33,37,41,41,45],"damage_taken":[{"damage":0.0,"enemies":"2 Louse","floor":1.0,"turns":2.0},{"damage":0.0,"enemies":"Jaw Worm","floor":4.0,"turns":2.0},{"damage":0.0,"enemies":"3 Sentries","floor":6.0,"turns":1.0},{"damage":2.0,"enemies":"Small Slimes","floor":11.0,"turns":3.0},{"damage":28.0,"enemies":"Lagavulin","floor":12.0,"turns":9.0},{"damage":38.0,"enemies":"Hexaghost","floor":16.0,"turns":9.0},{"damage":5.0,"enemies":"Chosen","floor":18.0,"turns":6.0},{"damage":0.0,"enemies":"3 Byrds","floor":20.0,"turns":6.0},{"damage":11,"enemies":"3 Cultists","floor":22,"turns":6},{"damage":20,"enemies":"Book of Stabbing","floor":25,"turns":4},{"damage":4,"enemies":"Snake Plant","floor":29,"turns":4},{"damage":30,"enemies":"Automaton","floor":33,"turns":7},{"damage":1,"enemies":"Orb Walker","floor":35,"turns":3},{"damage":3,"enemies":"2 Orb Walkers","floor":37,"turns":4},{"damage":13,"enemies":"3 Darklings","floor":38,"turns":5},{"damage":16,"enemies":"4 Shapes","floor":39,"turns":4},{"damage":18,"enemies":"Giant Head","floor":41,"turns":6},{"damage":9,"enemies":"Jaw Worm Horde","floor":44,"turns":3},{"damage":18,"enemies":"Nemesis","floor":45,"turns":7},{"damage":0,"enemies":"Writhing Mass","floor":47,"turns":5},{"damage":17,"enemies":"Sphere and 2 Shapes","floor":48,"turns":3}],"seed_played":"8763736846696104885","potions_obtained":[{"floor":1.0,"key":"StancePotion"},{"floor":11.0,"key":"AttackPotion"},{"floor":12.0,"key":"Fruit Juice"},{"floor":16.0,"key":"Ancient Potion"},{"floor":25,"key":"Weak Potion"},{"floor":29,"key":"StancePotion"},{"floor":35,"key":"AttackPotion"},{"floor":37,"key":"Fire Potion"},{"floor":38,"key":"BottledMiracle"},{"floor":44,"key":"Swift Potion"}],"is_trial":false,"path_per_floor":["M","?","?","M","?","E","R","?","T","R","M","E","R","$","R","B",null,"M","$","M","?","M","R","?","E","T","R","?","M","$","?","R","B",null,"M","T","?","M","M","R","E","R","T","M","E","R","M","M"],"character_chosen":"WATCHER","items_purchased":["FlyingSleeves","Membership Card","Toolbox"],"campfire_rested":0,"item_purchase_floors":[14,19,30],"current_hp_per_floor":[72,72,78,78,83,83,83,72,72,72,70,47,47,62,62,24,88,83,88,88,88,77,77,77,57,57,57,57,53,68,52,52,22,93,92,92,89,76,60,60,42,42,42,33,15,15,15,0,0],"gold":281,"neow_bonus":"THREE_ENEMY_KILL","is_daily":false,"chose_seed":false,"campfire_upgraded":10,"win_rate":0.0,"timestamp":1608636702,"path_taken":["M","?","?","M","?","E","R","?","T","R","M","E","R","?","R","BOSS","M","$","M","?","M","R","?","E","T","R","?","?","$","?","R","BOSS","M","?","?","M","M","R","E","R","T","M","E","R","M","M"],"items_purchased_type":["Card","Relic","Relic"],"build_version":"2020-12-13","purchased_purges":0,"victory":false,"max_hp_per_floor":[72,72,78,78,83,83,83,83,83,83,83,88,88,88,88,88,88,88,88,88,88,88,88,88,88,88,88,88,88,88,93,93,93,93,93,93,93,93,93,93,93,93,93,93,93,93,93,93,93],"card_choices":[{"not_picked":["Pray","Evaluate"],"picked":"DeceiveReality","floor":1.0},{"not_picked":["CutThroughFate","Protect"],"picked":"Consecrate","floor":4.0},{"not_picked":["CrushJoints","Evaluate"],"picked":"JustLucky","floor":6.0},{"not_picked":["Evaluate","FearNoEvil"],"picked":"Halt","floor":11.0},{"not_picked":["FollowUp","EmptyFist"],"picked":"BattleHymn","floor":12.0},{"not_picked":["Brilliance","Vault"],"picked":"DevaForm","floor":16.0},{"not_picked":["Evaluate","Crescendo"],"picked":"FlurryOfBlows","floor":18.0},{"not_picked":["BattleHymn+1","ClearTheMind"],"picked":"SashWhip+1","floor":20.0},{"not_picked":["WreathOfFlame","Establishment"],"picked":"CrushJoints","floor":22},{"not_picked":["Secret Technique","expansioncontent:Torchfire"],"picked":"Discovery","floor":24},{"not_picked":["expansioncontent:FaceSlap","expansioncontent:AwakenDeath"],"picked":"expansioncontent:BronzeBeam","floor":24},{"not_picked":["Consecrate+1","Collect+1"],"picked":"CutThroughFate","floor":25},{"not_picked":["FlurryOfBlows","EmptyMind"],"picked":"PathToVictory","floor":29},{"not_picked":["Judgement","LessonLearned"],"picked":"DeusExMachina","floor":33},{"not_picked":[],"picked":"ClearTheMind+1","floor":35},{"not_picked":[],"picked":"Crescendo","floor":38},{"not_picked":["Nirvana"],"picked":"SKIP","floor":39},{"not_picked":["ClearTheMind+1"],"picked":"SKIP","floor":41},{"not_picked":[],"picked":"Conclude+1","floor":44},{"not_picked":[],"picked":"CarveReality+1","floor":45},{"not_picked":["CrushJoints+1"],"picked":"SKIP","floor":47}],"player_experience":38375,"relics_obtained":[{"floor":6.0,"key":"Whetstone"},{"floor":9.0,"key":"MealTicket"},{"floor":12.0,"key":"Matryoshka"},{"floor":25,"key":"HornCleat"},{"floor":26,"key":"Tiny Chest"},{"floor":26,"key":"TungstenRod"},{"floor":36,"key":"Regal Pillow"},{"floor":36,"key":"Bottled Flame"},{"floor":37,"key":"Torii"},{"floor":41,"key":"Lantern"},{"floor":43,"key":"Calipers"},{"floor":45,"key":"Bronze Scales"}],"event_choices":[{"damage_healed":0.0,"max_hp_gain":0.0,"max_hp_loss":0.0,"gold_gain":0.0,"event_name":"Golden Wing","player_choice":"Ignored","floor":2.0,"gold_loss":0.0,"damage_taken":0.0},{"damage_healed":0.0,"max_hp_gain":0.0,"max_hp_loss":0.0,"gold_gain":0.0,"event_name":"betterThird:BetterSerpent","player_choice":"RENOUNCE","floor":3.0,"gold_loss":110.0,"damage_taken":110.0,"cards_obtained":["Enlightenment"]},{"damage_healed":0.0,"max_hp_gain":5.0,"max_hp_loss":0.0,"gold_gain":0.0,"event_name":"Big Fish","player_choice":"Donut","floor":5.0,"gold_loss":0.0,"damage_taken":0.0},{"damage_healed":0.0,"max_hp_gain":0.0,"max_hp_loss":0.0,"gold_gain":0.0,"event_name":"betterThird:BetterGoop","player_choice":"Slimed","floor":8.0,"gold_loss":35.0,"damage_taken":11.0},{"damage_healed":0,"gold_gain":2,"player_choice":"1","damage_taken":0,"max_hp_gain":0,"max_hp_loss":0,"event_name":"betterStone:BetterStone","floor":24,"gold_loss":0},{"cards_removed":["sneckomod:Strike"],"damage_healed":0,"gold_gain":0,"player_choice":"Took Card","damage_taken":0,"max_hp_gain":0,"max_hp_loss":0,"event_name":"NoteForYourself","floor":28,"gold_loss":0,"cards_obtained":["sneckomod:Strike"]},{"damage_healed":0,"gold_gain":0,"player_choice":"Shed Blood","damage_taken":22,"max_hp_gain":5,"max_hp_loss":0,"event_name":"Forgotten Altar","floor":31,"gold_loss":0},{"damage_healed":0,"gold_gain":0,"player_choice":"Fight","damage_taken":0,"max_hp_gain":0,"max_hp_loss":0,"event_name":"Mysterious Sphere","floor":37,"gold_loss":0}],"is_beta":false,"boss_relics":[{"not_picked":["Cursed Key","Black Star"],"picked":"Coffee Dripper"},{"not_picked":["Velvet Choker","Runic Pyramid"],"picked":"Busted Crown"}],"items_purged_floors":[],"is_endless":false,"potions_floor_spawned":[1,11,12,16,25,29,35,37,38,44],"killed_by":"Sphere and 2 Shapes","ascension_level":0}}