{"host":"jksa5rawk3m4gilz","time":1608653765,"event":{"mods":["BaseMod","Colored Map","Highlight Path","Minty Spire (QoL Compilation)","Quick Restart"],"gold_per_floor":[114,45,59,59,59,84,84,96,96,96,96,121,121,152,152,227,227,238,238,238],"floor_reached":19,"playtime":809,"items_purged":[],"score":302,"play_id":"03c35658-5044-402f-923a-bace8f27eb8d","local_time":"20201222171605","is_ascension_mode":true,"campfire_choices":[{"floor":7,"key":"REST"},{"data":"Eruption","floor":10,"key":"SMITH"},{"data":"LikeWater","floor":13,"key":"SMITH"},{"data":"Crescendo","floor":15,"key":"SMITH"}],"circlet_count":0,"master_deck":["AscendersBane","Strike_P","Strike_P","Strike_P","Strike_P","Defend_P","Defend_P","Defend_P","Defend_P","Eruption+1","Vigilance","Wallop","BowlingBash","Fasting2","TalkToTheHand","Crescendo+1","LikeWater+1","LessonLearned","Ragnarok","CurseOfTheBell"],"relics":["PureWater","Gremlin Horn","Eternal Feather","InkBottle","Unceasing Top","Calling Bell","Boot","Molten Egg 2","Ginger"],"acts_visited":["Exordium","TheCity"],"potions_floor_usage":[16,16,16,18,18,19],"damage_taken":[{"damage":0,"enemies":"2 Louse","floor":1,"turns":1},{"damage":0,"enemies":"Cultist","floor":3,"turns":2},{"damage":33,"enemies":"3 Sentries","floor":6,"turns":10},{"damage":2,"enemies":"Small Slimes","floor":8,"turns":3},{"damage":9,"enemies":"Lagavulin","floor":12,"turns":7},{"damage":10,"enemies":"Gremlin Nob","floor":14,"turns":4},{"damage":20,"enemies":"Slime Boss","floor":16,"turns":8},{"damage":61,"enemies":"3 Byrds","floor":18,"turns":8},{"damage":20,"enemies":"Chosen","floor":19,"turns":3}],"seed_played":"7634029932323874759","potions_obtained":[{"floor":4,"key":"FearPotion"},{"floor":4,"key":"EntropicBrew"},{"floor":8,"key":"Explosive Potion"},{"floor":16,"key":"Strength Potion"},{"floor":18,"key":"FearPotion"}],"is_trial":false,"path_per_floor":["M","$","M","?","$","E","R","M","T","R","?","E","R","E","R","B",null,"M","M"],"character_chosen":"WATCHER","items_purchased":["Fasting2"],"campfire_rested":1,"item_purchase_floors":[2],"current_hp_per_floor":[65,65,65,65,65,32,53,51,51,60,65,56,65,55,64,44,69,8,0,0],"gold":238,"neow_bonus":"THREE_CARDS","is_daily":false,"chose_seed":false,"campfire_upgraded":3,"win_rate":0.0,"timestamp":1608653765,"path_taken":["M","$","M","?","?","E","R","M","T","R","?","E","R","E","R","BOSS","M","M"],"items_purchased_type":["Card"],"build_version":"2020-12-13","purchased_purges":0,"victory":false,"max_hp_per_floor":[72,72,72,72,72,72,72,72,72,72,77,77,77,77,77,77,77,77,77,77],"card_choices":[{"not_picked":["EmptyBody","BowlingBash"],"picked":"Wallop","floor":0},{"not_picked":["Protect","Perseverance"],"picked":"BowlingBash","floor":1},{"not_picked":["ThirdEye","WaveOfTheHand","MentalFortress"],"picked":"SKIP","floor":3},{"not_picked":["Meditate","CutThroughFate"],"picked":"TalkToTheHand","floor":6},{"not_picked":["ThirdEye","ReachHeaven"],"picked":"Crescendo","floor":8},{"not_picked":["WindmillStrike","EmptyBody"],"picked":"LikeWater","floor":12},{"not_picked":["Fasting2","InnerPeace"],"picked":"LessonLearned","floor":14},{"not_picked":["LessonLearned","Wish"],"picked":"Ragnarok","floor":16},{"not_picked":["Prostrate","Perseverance","ReachHeaven+1"],"picked":"SKIP","floor":18}],"player_experience":2055913,"relics_obtained":[{"floor":6,"key":"Gremlin Horn"},{"floor":9,"key":"Eternal Feather"},{"floor":12,"key":"InkBottle"},{"floor":14,"key":"Unceasing Top"},{"floor":17,"key":"Boot"},{"floor":17,"key":"Molten Egg 2"},{"floor":17,"key":"Ginger"}],"event_choices":[{"damage_healed":0,"gold_gain":0,"player_choice":"Got Potions","damage_taken":0,"max_hp_gain":0,"max_hp_loss":0,"event_name":"Lab","floor":4,"gold_loss":0},{"damage_healed":0,"gold_gain":0,"player_choice":"Donut","damage_taken":0,"max_hp_gain":5,"max_hp_loss":0,"event_name":"Big Fish","floor":11,"gold_loss":0}],"is_beta":false,"boss_relics":[{"not_picked":["Runic Dome","Ectoplasm"],"picked":"Calling Bell"}],"items_purged_floors":[],"is_endless":false,"potions_floor_spawned":[8,16,18],"killed_by":"Chosen","ascension_level":13}}