{"host":"51f0ad793vly1w6u","time":1608620216,"event":{"mods":["BaseMod","Colored Map","DeckTracker","Minty Spire (QoL Compilation)","StSLib","SuperFastMode"],"gold_per_floor":[110,110,110,126,139,139,173,192,192,31,31,31,31,41,41,116,116,128,139,139,64,77,77,112,132,178,189,189,189,219,219,219,298,298,316,1315,1205,1217,1234,1234,750,799,823,836,836,79,79,89,89,89,89,89],"floor_reached":51,"playtime":1177,"items_purged":["Strike_P","Normality","Strike_P"],"score":1263,"play_id":"fc987afe-833d-4df7-945b-8b17aebc4978","local_time":"20201222155656","is_ascension_mode":true,"campfire_choices":[{"data":"Eruption","floor":6.0,"key":"SMITH"},{"floor":12.0,"key":"REST"},{"data":"TalkToTheHand","floor":15.0,"key":"SMITH"},{"data":"Omniscience","floor":23.0,"key":"SMITH"},{"data":"Wish","floor":28.0,"key":"SMITH"},{"floor":32.0,"key":"REST"},{"floor":40.0,"key":"REST"},{"data":"Adaptation","floor":47.0,"key":"SMITH"},{"floor":49.0,"key":"REST"}],"circlet_count":0,"master_deck":["AscendersBane","Defend_P+1","Defend_P","Defend_P+1","Eruption+1","Vigilance","CutThroughFate","FollowUp+1","Wallop+1","TalkToTheHand+1","Ragnarok","FearNoEvil+1","Ragnarok","Omniscience+1","CurseOfTheBell","Consecrate+1","Halt","ForeignInfluence+1","Indignation","Wish+1","Omniscience+1","Adaptation+1","WaveOfTheHand+1","ReachHeaven+1","InnerPeace+1","Evaluate+1","EmptyFist","EmptyMind","Wish+1","Halt+1","DeceiveReality+1","ClearTheMind+1","Madness+1"],"relics":["PureWater","InkBottle","TeardropLocket","Art of War","Vajra","Calling Bell","Ancient Tea Set","Kunai","Du-Vu Doll","Whetstone","Boot","Astrolabe","Oddly Smooth Stone","Cauldron","Happy Flower","Toxic Egg 2","Orrery","Toy Ornithopter","Akabeko"],"acts_visited":["Exordium","TheCity","TheBeyond"],"potions_floor_usage":[51],"damage_taken":[{"damage":7.0,"enemies":"2 Louse","floor":1.0,"turns":2.0},{"damage":0.0,"enemies":"Jaw Worm","floor":4.0,"turns":3.0},{"damage":0.0,"enemies":"Cultist","floor":5.0,"turns":3.0},{"damage":12.0,"enemies":"Lagavulin","floor":7.0,"turns":5.0},{"damage":5.0,"enemies":"Exordium Wildlife","floor":8.0,"turns":5.0},{"damage":0.0,"enemies":"2 Fungi Beasts","floor":14.0,"turns":2.0},{"damage":5.0,"enemies":"The Guardian","floor":16.0,"turns":10.0},{"damage":3.0,"enemies":"Spheric Guardian","floor":18.0,"turns":3.0},{"damage":0.0,"enemies":"Chosen","floor":19.0,"turns":2.0},{"damage":23.0,"enemies":"Centurion and Healer","floor":22.0,"turns":4.0},{"damage":2.0,"enemies":"Gremlin Leader","floor":24.0,"turns":3.0},{"damage":0.0,"enemies":"Snake Plant","floor":25.0,"turns":1.0},{"damage":0.0,"enemies":"Snecko","floor":27.0,"turns":2.0},{"damage":3.0,"enemies":"3 Cultists","floor":30.0,"turns":3.0},{"damage":34.0,"enemies":"Champ","floor":33.0,"turns":6.0},{"damage":27.0,"enemies":"3 Shapes","floor":35.0,"turns":6.0},{"damage":0.0,"enemies":"3 Darklings","floor":38.0,"turns":2.0},{"damage":12.0,"enemies":"Writhing Mass","floor":39.0,"turns":2.0},{"damage":0.0,"enemies":"Jaw Worm Horde","floor":42.0,"turns":2.0},{"damage":0.0,"enemies":"Transient","floor":44.0,"turns":6.0},{"damage":0.0,"enemies":"Maw","floor":48.0,"turns":4.0},{"damage":26.0,"enemies":"Donu and Deca","floor":50.0,"turns":3.0},{"damage":85,"enemies":"Time Eater","floor":51,"turns":12}],"seed_played":"5765704739621977924","potions_obtained":[{"floor":7.0,"key":"Ancient Potion"},{"floor":8.0,"key":"SkillPotion"},{"floor":13.0,"key":"Energy Potion"},{"floor":13.0,"key":"Weak Potion"},{"floor":16.0,"key":"EssenceOfSteel"},{"floor":18.0,"key":"LiquidBronze"},{"floor":22.0,"key":"Explosive Potion"},{"floor":27.0,"key":"StancePotion"},{"floor":38.0,"key":"AttackPotion"},{"floor":41.0,"key":"Energy Potion"},{"floor":41.0,"key":"AttackPotion"},{"floor":44.0,"key":"Regen Potion"},{"floor":48.0,"key":"StancePotion"}],"is_trial":false,"path_per_floor":["M","?","T","M","M","R","E","M","T","$","?","R","?","M","R","B",null,"M","M","?","$","M","R","E","M","T","M","R","?","M","?","R","B",null,"M","?","?","M","M","R","$","M","T","M","T","$","R","M","R","B","B"],"character_chosen":"WATCHER","items_purchased":["Ragnarok","FearNoEvil","Oddly Smooth Stone","Cauldron","EmptyFist","Orrery","ClearTheMind+1","Toy Ornithopter","Akabeko","Madness+1"],"campfire_rested":4,"item_purchase_floors":[10,10,41,41,41,46,46,46,46,46],"current_hp_per_floor":[48,43,43,43,43,43,31,26,26,26,2,26,26,26,26,21,65,62,62,62,62,39,39,37,37,37,37,37,37,34,34,58,24,66,39,39,39,39,27,51,51,51,51,51,51,51,51,51,75,54,0,0],"gold":89,"neow_bonus":"TWENTY_PERCENT_HP_BONUS","is_daily":false,"chose_seed":false,"campfire_upgraded":5,"win_rate":0.0,"timestamp":1608620216,"path_taken":["M","?","?","M","?","R","E","M","T","$","?","R","?","M","R","BOSS","M","?","?","$","M","R","E","M","T","M","R","?","?","?","R","BOSS","M","?","?","?","M","R","$","M","T","M","?","$","R","M","R","BOSS","BOSS"],"items_purchased_type":["Card","Card","Relic","Relic","Card","Relic","Card","Relic","Relic","Card"],"build_version":"2020-12-13","purchased_purges":3,"victory":false,"max_hp_per_floor":[80,80,80,80,80,80,80,80,80,80,80,80,80,80,80,80,80,80,80,80,80,80,80,80,80,80,80,80,80,80,80,80,80,80,80,80,80,80,80,80,80,80,80,80,80,80,80,80,80,80,80,80],"card_choices":[{"not_picked":["Prostrate","ClearTheMind"],"picked":"CutThroughFate","floor":1.0},{"not_picked":["CutThroughFate","FlyingSleeves","ThirdEye"],"picked":"SKIP","floor":4.0},{"not_picked":["InnerPeace","Evaluate"],"picked":"FollowUp","floor":5.0},{"not_picked":["Weave","Indignation"],"picked":"Wallop","floor":7.0},{"not_picked":["Consecrate","InnerPeace"],"picked":"TalkToTheHand","floor":8.0},{"not_picked":["SignatureMove","FlyingSleeves"],"picked":"Ragnarok","floor":14.0},{"not_picked":["DevaForm","SpiritShield"],"picked":"Omniscience","floor":16.0},{"not_picked":["JustLucky","Perseverance"],"picked":"Consecrate+1","floor":18.0},{"not_picked":["PathToVictory","SignatureMove"],"picked":"Halt","floor":19.0},{"not_picked":["JustLucky","ClearTheMind"],"picked":"ForeignInfluence+1","floor":22.0},{"not_picked":["SashWhip","EmptyBody"],"picked":"Indignation","floor":24.0},{"not_picked":["SashWhip","Prostrate"],"picked":"Wish","floor":25.0},{"not_picked":["CarveReality+1","Nirvana","Weave"],"picked":"SKIP","floor":27.0},{"not_picked":["Halt","FlurryOfBlows","Fasting2"],"picked":"SKIP","floor":30.0},{"not_picked":["LikeWater","Indignation"],"picked":"Evaluate+1","floor":35.0},{"not_picked":["Perseverance","SignatureMove","FlurryOfBlows"],"picked":"SKIP","floor":38.0},{"not_picked":["Halt","CutThroughFate+1","FollowUp"],"picked":"SKIP","floor":39.0},{"not_picked":["BattleHymn","Weave"],"picked":"EmptyMind","floor":42.0},{"not_picked":["FearNoEvil+1","ReachHeaven","EmptyFist"],"picked":"SKIP","floor":44.0},{"not_picked":["ClearTheMind+1","ThirdEye+1"],"picked":"Wish+1","floor":46.0},{"not_picked":["BattleHymn+1","SignatureMove"],"picked":"Halt+1","floor":46.0},{"not_picked":["FearNoEvil","Nirvana"],"picked":"DeceiveReality+1","floor":46.0},{"not_picked":["FlurryOfBlows","Fasting2","SandsOfTime"],"picked":"SKIP","floor":48.0}],"player_experience":1374852,"relics_obtained":[{"floor":3.0,"key":"TeardropLocket"},{"floor":7.0,"key":"Art of War"},{"floor":9.0,"key":"Vajra"},{"floor":17.0,"key":"Ancient Tea Set"},{"floor":17.0,"key":"Kunai"},{"floor":17.0,"key":"Du-Vu Doll"},{"floor":24.0,"key":"Whetstone"},{"floor":26.0,"key":"Boot"},{"floor":43.0,"key":"Happy Flower"},{"floor":45.0,"key":"Toxic Egg 2"}],"event_choices":[{"damage_healed":0.0,"max_hp_gain":0.0,"max_hp_loss":0.0,"gold_gain":0.0,"event_name":"Scrap Ooze","player_choice":"Success","floor":2.0,"gold_loss":0.0,"damage_taken":5.0,"relics_obtained":["InkBottle"]},{"damage_healed":0.0,"max_hp_gain":0.0,"max_hp_loss":0.0,"gold_gain":0.0,"event_name":"Shining Light","player_choice":"Entered Light","floor":11.0,"gold_loss":0.0,"damage_taken":24.0,"cards_upgraded":["Defend_P","Defend_P"]},{"damage_healed":0.0,"max_hp_gain":0.0,"max_hp_loss":0.0,"gold_gain":0.0,"event_name":"Lab","player_choice":"Got Potions","floor":13.0,"gold_loss":0.0,"damage_taken":0.0},{"damage_healed":0.0,"max_hp_gain":0.0,"max_hp_loss":0.0,"gold_gain":0.0,"event_name":"Vampires","player_choice":"Ignored","floor":20.0,"gold_loss":0.0,"damage_taken":0.0},{"damage_healed":0.0,"max_hp_gain":0.0,"max_hp_loss":0.0,"gold_gain":0.0,"event_name":"Duplicator","player_choice":"Copied","floor":29.0,"gold_loss":0.0,"damage_taken":0.0,"cards_obtained":["Omniscience"]},{"damage_healed":0.0,"max_hp_gain":0.0,"max_hp_loss":0.0,"gold_gain":0.0,"event_name":"The Library","player_choice":"Read","floor":31.0,"gold_loss":0.0,"damage_taken":0.0,"cards_obtained":["Adaptation"]},{"damage_healed":0.0,"max_hp_gain":0.0,"max_hp_loss":0.0,"gold_gain":999.0,"event_name":"MindBloom","player_choice":"Gold","floor":36.0,"gold_loss":0.0,"damage_taken":0.0,"cards_obtained":["Normality","Normality"]},{"cards_removed":["Normality"],"damage_healed":0.0,"max_hp_gain":0.0,"max_hp_loss":0.0,"gold_gain":0.0,"event_name":"Designer","player_choice":"Upgrade and Remove","floor":37.0,"gold_loss":110.0,"damage_taken":0.0,"cards_upgraded":["FearNoEvil"]}],"is_beta":false,"boss_relics":[{"not_picked":["Ectoplasm","SacredBark"],"picked":"Calling Bell"},{"not_picked":["Runic Pyramid","Black Star"],"picked":"Astrolabe"}],"items_purged_floors":[21,41,46],"is_endless":false,"potions_floor_spawned":[7,8,14,16,18,22,27,38,44,48],"killed_by":"Time Eater","ascension_level":20}}