{"host":"6ve8qn5s1am4lo6s","time":1608657952,"event":{"mods":["AchievementEnabler","BaseMod","BetterRewards","Friendly Minions","GifTheSpireLib","Koishi","Minty Spire (QoL Compilation)","Permanent Neow","Relic Stats","StSLib"],"gold_per_floor":[118,130,146,146,157,157,169,169,169,179,195,195,256,282,282,378,378,394,394,394,428,439,467,467,501,527,544,544,544,556,584,584,686,686,699,706,108,122,135,135,152,202,279,279,630,630,661,673,673,673,673,673,311,344,339],"floor_reached":56,"playtime":7843,"items_purged":["Koishi:BasicStrike","Koishi:BasicStrike","Koishi:BasicStrike","Koishi:BasicDefend"],"score":1614,"play_id":"96d8202d-3e6b-4b6b-98d4-3f14652130a8","local_time":"20201222122552","is_ascension_mode":false,"campfire_choices":[{"data":"Koishi:BasicDefend","floor":6,"key":"PURGE"},{"data":"Koishi:BasicStrike","floor":8,"key":"PURGE"},{"data":"Koishi:HeartStoppingHorror","floor":12,"key":"SMITH"},{"data":"Koishi:JumpScare","floor":15,"key":"SMITH"},{"floor":24,"key":"RECALL"},{"data":"Koishi:UnconsciousUrges","floor":28,"key":"SMITH"},{"data":"Koishi:TerrifyingSpectre","floor":32,"key":"SMITH"},{"data":"Koishi:Heartbroken","floor":40,"key":"SMITH"},{"data":"Koishi:BasicDefend","floor":46,"key":"PURGE"},{"data":"Koishi:RuptureMind","floor":49,"key":"SMITH"},{"data":"Good Instincts","floor":52,"key":"SMITH"}],"circlet_count":0,"master_deck":["Koishi:Provoke","Koishi:HauntingSlash+1","Koishi:RacingHeart","Koishi:YoukaiPolygraph","Koishi:Vanish","Koishi:DreadfulBlow","Koishi:HeartfeltFancy","Koishi:RacingHeart","Koishi:HeartfeltFancy","Koishi:HeartStoppingHorror+1","Koishi:JumpScare+1","Koishi:TerrifyingSpectre+1","Koishi:YoukaiPolygraph","Writhe","Koishi:ParalyzingFear","Koishi:Whimsy+1","Koishi:UnconsciousUrges+1","Koishi:RuptureMind+1","Koishi:Heartbroken+1","Koishi:UnansweredLove","Koishi:PredatoryInstincts+1","Koishi:YoukaiPolygraph","Good Instincts+1","Koishi:UnansweredLove","Koishi:MindNumbingTerror+1","Koishi:Bloodlust+1","Koishi:MindNumbingTerror","Koishi:Possession+1","Koishi:TremblingHands","Koishi:PredatoryInstincts","Deep Breath","Koishi:JumpScare"],"relics":["Koishi:ImaginaryFriend","Dead Branch","Peace Pipe","Unceasing Top","Blue Candle","Pantograph","Philosopher\u0027s Stone","Darkstone Periapt","Red Mask","Regal Pillow","Mummified Hand","Juzu Bracelet","Omamori","Sozu","TungstenRod","Bird Faced Urn","Shuriken","Old Coin","Ancient Tea Set","Pen Nib","Sundial"],"acts_visited":["Exordium","TheCity","TheBeyond","TheEnding"],"potions_floor_usage":[5,7,27,55,55,55],"damage_taken":[{"damage":1,"enemies":"Jaw Worm","floor":1,"turns":4},{"damage":1,"enemies":"Cultist","floor":2,"turns":4},{"damage":12,"enemies":"Small Slimes","floor":3,"turns":4},{"damage":0,"enemies":"Blue Slaver","floor":5,"turns":3},{"damage":0,"enemies":"3 Louse","floor":7,"turns":2},{"damage":19,"enemies":"Large Slime","floor":10,"turns":4},{"damage":6,"enemies":"Exordium Wildlife","floor":11,"turns":5},{"damage":7,"enemies":"3 Sentries","floor":13,"turns":8},{"damage":15,"enemies":"Lagavulin","floor":14,"turns":6},{"damage":3,"enemies":"Slime Boss","floor":16,"turns":7},{"damage":4,"enemies":"Chosen","floor":18,"turns":5},{"damage":11,"enemies":"Masked Bandits","floor":21,"turns":7},{"damage":23,"enemies":"2 Thieves","floor":22,"turns":4},{"damage":34,"enemies":"Slavers","floor":23,"turns":6},{"damage":7,"enemies":"Gremlin Leader","floor":25,"turns":5},{"damage":1,"enemies":"Chosen and Byrds","floor":27,"turns":5},{"damage":4,"enemies":"Cultist and Chosen","floor":30,"turns":4},{"damage":14,"enemies":"Slavers","floor":31,"turns":5},{"damage":56,"enemies":"Champ","floor":33,"turns":7},{"damage":1,"enemies":"Orb Walker","floor":35,"turns":3},{"damage":14,"enemies":"3 Darklings","floor":36,"turns":3},{"damage":0,"enemies":"4 Shapes","floor":38,"turns":4},{"damage":0,"enemies":"Writhing Mass","floor":39,"turns":3},{"damage":0,"enemies":"Maw","floor":41,"turns":4},{"damage":0,"enemies":"Mind Bloom Boss Battle","floor":42,"turns":4},{"damage":41,"enemies":"2 Orb Walkers","floor":45,"turns":5},{"damage":0,"enemies":"Nemesis","floor":47,"turns":5},{"damage":0,"enemies":"4 Shapes","floor":48,"turns":4},{"damage":47,"enemies":"Donu and Deca","floor":50,"turns":9},{"damage":4,"enemies":"Shield and Spear","floor":54,"turns":4},{"damage":4,"enemies":"The Heart","floor":55,"turns":5}],"seed_played":"897200747431073496","potions_obtained":[{"floor":1,"key":"Explosive Potion"},{"floor":7,"key":"Fire Potion"},{"floor":11,"key":"EntropicBrew"},{"floor":13,"key":"SpeedPotion"},{"floor":21,"key":"Ancient Potion"},{"floor":30,"key":"Dexterity Potion"},{"floor":31,"key":"CultistPotion"}],"is_trial":false,"path_per_floor":["M","M","M","?","M","R","M","R","T","M","M","R","?","E","R","B",null,"M","?","?","?","M","E","R","E","T","M","R","?","M","E","R","B",null,"M","M","$","M","M","R","M","?","T","?","?","R","E","M","R","B",null,"R","$","E","B",null],"character_chosen":"KOISHI","items_purchased":["Koishi:RacingHeart","Koishi:YoukaiPolygraph","Koishi:Vanish","Block Potion","TungstenRod","Koishi:YoukaiPolygraph","Good Instincts","Koishi:TremblingHands","Koishi:PredatoryInstincts","Deep Breath","Pen Nib"],"campfire_rested":0,"item_purchase_floors":[0,0,0,0,37,37,37,53,53,53,53],"current_hp_per_floor":[29,33,27,27,34,34,35,35,35,27,31,31,32,28,28,52,55,55,55,61,61,53,36,36,49,49,61,61,61,61,61,61,12,61,61,59,59,61,61,61,61,61,61,61,40,40,61,61,61,43,61,61,61,61,61],"gold":339,"neow_bonus":"","is_daily":false,"chose_seed":false,"campfire_upgraded":7,"win_rate":0.0,"timestamp":1608657952,"path_taken":["M","M","M","?","M","R","M","R","T","?","M","R","?","E","R","BOSS","M","?","?","?","M","E","R","E","T","M","R","?","M","E","R","BOSS","M","M","$","M","M","R","M","?","T","?","?","R","E","M","R","BOSS","R","$","E","BOSS"],"items_purchased_type":["Card","Card","Card","Potion","Relic","Card","Card","Card","Card","Card","Relic"],"build_version":"2020-12-13","purchased_purges":4,"victory":true,"max_hp_per_floor":[55,55,55,55,55,55,55,55,55,55,55,55,55,55,55,55,55,55,55,61,61,61,61,61,61,61,61,61,61,61,61,61,61,61,61,61,61,61,61,61,61,61,61,61,61,61,61,61,61,61,61,61,61,61,61],"relic_stats":{"Darkstone Periapt":6,"Regal Pillow":0,"counters":[60,310],"Dead Branch":[152],"Blue Candle":[20],"Pen Nib":[27],"Juzu Bracelet":0,"Peace Pipe":3,"Sozu":8,"Mummified Hand":[60],"Shuriken":[24],"Sundial":[0],"Pantograph":25,"Bird Faced Urn":[24],"obtain_stats":[{"Darkstone Periapt":20,"Regal Pillow":23,"Bag of Preparation":45,"Juzu Bracelet":26,"Empty Cage":17,"Ancient Tea Set":47,"Old Coin":45,"Blood Vial":0,"Sozu":34,"Frozen Eye":25,"Nunchaku":40,"Mummified Hand":25,"Sundial":54,"Pantograph":14,"Philosopher\u0027s Stone":17,"Koishi:AHoleWhereASisterShouldBe":2,"Red Mask":21,"Koishi:LettersToReimu":9,"Dead Branch":0,"Blue Candle":13,"Pen Nib":7,"Koishi:TeethAndClaws":10,"Omamori":31,"Peace Pipe":0,"Anchor":43,"Shuriken":43,"Bird Faced Urn":42,"Coffee Dripper":34,"Art of War":54,"PureWater":0,"Unceasing Top":0,"TungstenRod":37,"Pocketwatch":42,"Koishi:ImaginaryFriend":25},{"Darkstone Periapt":40,"Regal Pillow":43,"Bag of Preparation":24,"Juzu Bracelet":44,"Empty Cage":10,"Ancient Tea Set":56,"Old Coin":55,"Blood Vial":4,"Sozu":48,"Frozen Eye":44,"Nunchaku":21,"Mummified Hand":44,"Sundial":59,"Pantograph":38,"Philosopher\u0027s Stone":39,"Koishi:AHoleWhereASisterShouldBe":5,"Red Mask":41,"Koishi:LettersToReimu":7,"Dead Branch":29,"Blue Candle":37,"Pen Nib":7,"Koishi:TeethAndClaws":8,"Omamori":47,"Peace Pipe":29,"Anchor":23,"Shuriken":54,"Bird Faced Urn":54,"Coffee Dripper":17,"Art of War":28,"PureWater":0,"Unceasing Top":29,"TungstenRod":50,"Pocketwatch":23,"Koishi:ImaginaryFriend":44},{"Darkstone Periapt":214,"Regal Pillow":231,"Bag of Preparation":124,"Juzu Bracelet":236,"Empty Cage":46,"Ancient Tea Set":288,"Old Coin":283,"Blood Vial":18,"Sozu":257,"Frozen Eye":232,"Nunchaku":107,"Mummified Hand":236,"Sundial":305,"Pantograph":202,"Philosopher\u0027s Stone":209,"Koishi:AHoleWhereASisterShouldBe":20,"Red Mask":221,"Koishi:LettersToReimu":31,"Dead Branch":162,"Blue Candle":196,"Pen Nib":31,"Koishi:TeethAndClaws":36,"Omamori":250,"Peace Pipe":162,"Anchor":117,"Shuriken":278,"Bird Faced Urn":278,"Coffee Dripper":84,"Art of War":155,"PureWater":0,"Unceasing Top":162,"TungstenRod":263,"Pocketwatch":117,"Koishi:ImaginaryFriend":236}],"Unceasing Top":[180],"TungstenRod":102},"card_choices":[{"not_picked":["Koishi:GhostParty","Koishi:RorschachInDanmaku"],"picked":"Koishi:RacingHeart","floor":1},{"not_picked":["Koishi:FidgetySnatcher","Koishi:Jaunt","Koishi:ReflexRadar"],"picked":"SKIP","floor":2},{"not_picked":["Koishi:ParalyzingFear","Koishi:HeartfeltFancy"],"picked":"Koishi:DreadfulBlow","floor":3},{"not_picked":["Koishi:FleetingPhantom","Koishi:IdleWhim"],"picked":"Koishi:HeartfeltFancy","floor":5},{"not_picked":["Koishi:UnconsciousUprising","Koishi:SpiritedAway"],"picked":"Koishi:RacingHeart","floor":7},{"not_picked":["Koishi:FleetingPhantom","Koishi:PhantomStrike"],"picked":"Koishi:HeartfeltFancy","floor":10},{"not_picked":["Koishi:BloodcurdlingScream","Koishi:PhantomStrike"],"picked":"Koishi:HeartStoppingHorror","floor":11},{"not_picked":["Koishi:DNAsFlaw","Koishi:PhantomBarrier"],"picked":"Koishi:JumpScare","floor":13},{"not_picked":["Koishi:UnconsciousUprising","Koishi:FleetingPhantom","Koishi:LastRemote"],"picked":"SKIP","floor":14},{"not_picked":["Koishi:MindStellarRelief","Koishi:GrowingPain"],"picked":"Koishi:TerrifyingSpectre","floor":16},{"not_picked":["Koishi:CatchAndRose+1","Koishi:UnconsciousUprising"],"picked":"Koishi:YoukaiPolygraph","floor":18},{"not_picked":["Koishi:RacingHeart","Koishi:EmbersOfLove","Koishi:Prune+1"],"picked":"SKIP","floor":22},{"not_picked":["Koishi:EmbryosDream","Koishi:ApparitionsStalkTheNight"],"picked":"Koishi:ParalyzingFear","floor":23},{"not_picked":["Koishi:HeartfeltFancy+1","Koishi:IdleWhim"],"picked":"Koishi:Whimsy+1","floor":25},{"not_picked":["Koishi:Untouchable","Koishi:Jaunt+1"],"picked":"Koishi:UnconsciousUrges","floor":27},{"not_picked":["Koishi:Jaunt+1","Koishi:UnconsciousUprising","Koishi:SubterraneanRose"],"picked":"SKIP","floor":30},{"not_picked":["Koishi:FadingMemory","Koishi:UnansweredLove"],"picked":"Koishi:RuptureMind","floor":31},{"not_picked":["Koishi:FormlessExistence","Koishi:SuperEgo"],"picked":"Koishi:Heartbroken","floor":33},{"not_picked":["Koishi:PhantomBarrier+1","Koishi:RacingHeart+1"],"picked":"Koishi:UnansweredLove","floor":35},{"not_picked":["Koishi:Whimsy","Koishi:PhantomBarrier+1"],"picked":"Koishi:PredatoryInstincts+1","floor":36},{"not_picked":["Koishi:Jaunt+1","Koishi:UnconsciousUprising+1"],"picked":"Koishi:UnansweredLove","floor":38},{"not_picked":["Koishi:BloodcurdlingScream","Koishi:PhantomBarrier","Koishi:FadingMemory"],"picked":"SKIP","floor":39},{"not_picked":["Koishi:PhantomBarrier","Koishi:Bloodlust+1","Koishi:SprinkleStarAndHeart"],"picked":"SKIP","floor":41},{"not_picked":["Koishi:UnconsciousUprising+1","Koishi:SpiritedAway+1"],"picked":"Koishi:MindNumbingTerror+1","floor":42},{"not_picked":["Koishi:ReflexRadar","Koishi:PhantomBarrier+1"],"picked":"Koishi:Bloodlust+1","floor":45},{"not_picked":["Koishi:CatchAndRose","Koishi:BloodcurdlingScream+1"],"picked":"Koishi:MindNumbingTerror","floor":47},{"not_picked":["Koishi:UnconsciousUrges","Koishi:BloodcurdlingScream"],"picked":"Koishi:Possession+1","floor":48},{"not_picked":["Koishi:MindStellarRelief","Koishi:TraumaticStroke+1"],"picked":"Koishi:JumpScare","floor":54}],"player_experience":270523,"relics_obtained":[{"floor":13,"key":"Blue Candle"},{"floor":14,"key":"Pantograph"},{"floor":21,"key":"Red Mask"},{"floor":23,"key":"Regal Pillow"},{"floor":25,"key":"Mummified Hand"},{"floor":26,"key":"Juzu Bracelet"},{"floor":31,"key":"Omamori"},{"floor":42,"key":"Bird Faced Urn"},{"floor":43,"key":"Shuriken"},{"floor":45,"key":"Old Coin"},{"floor":47,"key":"Ancient Tea Set"},{"floor":54,"key":"Sundial"}],"event_choices":[{"damage_healed":0,"gold_gain":0,"player_choice":"Upgraded","damage_taken":0,"max_hp_gain":0,"max_hp_loss":0,"event_name":"Upgrade Shrine","floor":4,"gold_loss":0,"cards_upgraded":["Koishi:HauntingSlash"]},{"damage_healed":0,"gold_gain":30,"player_choice":"Searched \u00273\u0027 times","damage_taken":0,"max_hp_gain":0,"max_hp_loss":0,"event_name":"Dead Adventurer","floor":13,"gold_loss":0},{"damage_healed":0,"gold_gain":0,"player_choice":"Ignored","damage_taken":0,"max_hp_gain":0,"max_hp_loss":0,"event_name":"Vampires","floor":19,"gold_loss":0},{"damage_healed":0,"gold_gain":0,"player_choice":"Opened","damage_taken":0,"relics_obtained":["Darkstone Periapt"],"max_hp_gain":0,"max_hp_loss":0,"event_name":"The Mausoleum","floor":20,"gold_loss":0,"cards_obtained":["Writhe"]},{"damage_healed":0,"gold_gain":0,"player_choice":"Fought Bandits","damage_taken":0,"max_hp_gain":0,"max_hp_loss":0,"event_name":"Masked Bandits","floor":21,"gold_loss":0},{"cards_removed":["Koishi:BasicDefend"],"damage_healed":0,"gold_gain":0,"player_choice":"Elegance","damage_taken":0,"max_hp_gain":0,"max_hp_loss":0,"event_name":"Back to Basics","floor":29,"gold_loss":0},{"damage_healed":0,"gold_gain":0,"player_choice":"Fight","damage_taken":0,"max_hp_gain":0,"max_hp_loss":0,"event_name":"MindBloom","floor":42,"gold_loss":0},{"cards_removed":["Koishi:RacingHeart"],"damage_healed":0,"gold_gain":0,"player_choice":"Removed Attack","damage_taken":0,"max_hp_gain":0,"max_hp_loss":0,"event_name":"Falling","floor":44,"gold_loss":0},{"damage_healed":0,"gold_gain":0,"player_choice":"Fight","damage_taken":0,"max_hp_gain":0,"max_hp_loss":0,"event_name":"Mysterious Sphere","floor":45,"gold_loss":0}],"is_beta":false,"boss_relics":[{"not_picked":["Empty Cage","Busted Crown"],"picked":"Philosopher\u0027s Stone"},{"not_picked":["Black Star","Runic Dome"],"picked":"Sozu"}],"items_purged_floors":[0,0,0,37],"is_endless":false,"potions_floor_spawned":[1,7,11,13,16,21,23,25,30,31,36,39,45,47,54],"ascension_level":0}}