{"host":"7yxt37kap0q16lk4","time":1608628857,"event":{"mods":["2.2 Compatiblity","Act Like it!","BaseMod","Better Third Choice","Better-Laid Plans","Colored Map","Custom Start","Highlight Path","Keyboard Shortcuts","Minty Spire (QoL Compilation)","Quick Restart","Rare Cards Sparkle","Relic Stats","Shop Mod","Slay the Relics Exporter","StSLib","SuperFastMode"],"gold_per_floor":[109,125,125,143,143,143,177,177,177,203,218,218,229,240,240,317,317,336,336,336,362,287,287,316,316,341,361,361,361,361],"floor_reached":29,"playtime":605,"items_purged":[],"score":502,"play_id":"b976b8bd-2047-486a-87e0-dac29c2a93e1","local_time":"20201222182057","is_ascension_mode":true,"campfire_choices":[{"data":"Zap","floor":6,"key":"SMITH"},{"data":"Dualcast","floor":8,"key":"SMITH"},{"floor":12,"key":"REST"},{"data":"FTL","floor":15,"key":"SMITH"},{"floor":23,"key":"REST"},{"data":"Biased Cognition","floor":25,"key":"SMITH"},{"data":"Undo","floor":28,"key":"SMITH"}],"circlet_count":0,"master_deck":["AscendersBane","Strike_B","Defend_B","Defend_B","Defend_B","Defend_B","Zap+1","Dualcast+1","FTL+1","Auto Shields","Beam Cell+1","Sweeping Beam","Core Surge+1","Gash+1","Self Repair","Biased Cognition+1","Hologram+1","Self Repair","Undo+1"],"relics":["Cracked Core","NeowsBlessing","Mummified Hand","Centennial Puzzle","Boot","Vajra","Empty Cage","Orichalcum","Calipers","Whetstone"],"acts_visited":["Exordium","TheCity"],"potions_floor_usage":[16,16,18],"damage_taken":[{"damage":0.0,"enemies":"2 Louse","floor":1.0,"turns":1.0},{"damage":0.0,"enemies":"Cultist","floor":2.0,"turns":1.0},{"damage":0.0,"enemies":"Jaw Worm","floor":4.0,"turns":1.0},{"damage":36,"enemies":"Gremlin Nob","floor":7,"turns":4},{"damage":19,"enemies":"3 Sentries","floor":10,"turns":7},{"damage":3,"enemies":"Blue Slaver","floor":11,"turns":3},{"damage":0,"enemies":"2 Fungi Beasts","floor":13,"turns":2},{"damage":1,"enemies":"Exordium Thugs","floor":14,"turns":3},{"damage":23,"enemies":"The Guardian","floor":16,"turns":9},{"damage":11,"enemies":"2 Thieves","floor":18,"turns":3},{"damage":45,"enemies":"Slavers","floor":24,"turns":5},{"damage":13,"enemies":"Chosen","floor":27,"turns":4},{"damage":17,"enemies":"Sentry and Sphere","floor":29,"turns":3}],"seed_played":"2328387318916982039","potions_obtained":[{"floor":1.0,"key":"Swift Potion"},{"floor":7,"key":"Dexterity Potion"},{"floor":10,"key":"Weak Potion"},{"floor":14,"key":"Strength Potion"},{"floor":16,"key":"Block Potion"}],"is_trial":false,"path_per_floor":["M","M","?","M","?","R","E","R","T","E","M","R","M","M","R","B",null,"M","?","?","T","?","R","E","R","T","M","R","M"],"character_chosen":"DEFECT","items_purchased":[],"campfire_rested":2,"item_purchase_floors":[],"current_hp_per_floor":[64,64,64,64,64,64,28,28,28,9,6,27,27,26,26,10,56,52,52,32,32,32,54,16,16,16,17,17,0,0],"gold":361,"neow_bonus":"THREE_ENEMY_KILL","is_daily":false,"chose_seed":false,"campfire_upgraded":5,"win_rate":0.0,"timestamp":1608628857,"path_taken":["M","M","?","?","?","R","E","R","T","E","M","R","?","M","R","BOSS","M","?","?","?","?","R","E","R","T","M","R","M"],"items_purchased_type":[],"build_version":"2020-12-13","purchased_purges":0,"victory":false,"max_hp_per_floor":[71,71,71,71,71,71,71,71,71,71,71,71,71,71,71,71,71,71,71,76,76,76,76,76,76,76,76,76,76,76],"relic_stats":{"Centennial Puzzle":[24],"counters":[13,46],"Mummified Hand":[10],"Whetstone":["Core Surge","Gash"],"Orichalcum":[18],"Boot":[6],"obtain_stats":[{"Centennial Puzzle":7,"Calipers":24,"NeowsBlessing":0,"Mummified Hand":3,"Vajra":10,"Whetstone":26,"Orichalcum":21,"Cracked Core":0,"Boot":9,"Empty Cage":17},{"Centennial Puzzle":4,"Calipers":11,"NeowsBlessing":0,"Mummified Hand":2,"Vajra":5,"Whetstone":11,"Orichalcum":10,"Cracked Core":0,"Boot":4,"Empty Cage":9},{"Centennial Puzzle":7,"Calipers":39,"NeowsBlessing":0,"Mummified Hand":2,"Vajra":14,"Whetstone":39,"Orichalcum":34,"Cracked Core":0,"Boot":7,"Empty Cage":31}]},"card_choices":[{"not_picked":["Blizzard","Leap"],"picked":"FTL","floor":1.0},{"not_picked":["Fusion","Compile Driver"],"picked":"Auto Shields","floor":2.0},{"not_picked":["Tempest","Barrage"],"picked":"Beam Cell","floor":4},{"not_picked":["Beam Cell","Steam Power"],"picked":"Sweeping Beam","floor":7},{"not_picked":["Turbo","Sweeping Beam","Fusion"],"picked":"SKIP","floor":10},{"not_picked":["Conserve Battery","Steam"],"picked":"Core Surge","floor":11},{"not_picked":["Barrage","Cold Snap"],"picked":"Gash","floor":13},{"not_picked":["Beam Cell","Hologram"],"picked":"Self Repair","floor":14},{"not_picked":["Fission","Thunder Strike"],"picked":"Biased Cognition","floor":16},{"not_picked":["Steam","Compile Driver+1"],"picked":"Hologram+1","floor":18},{"not_picked":["Redo","Double Energy"],"picked":"Self Repair","floor":24},{"not_picked":["Doom and Gloom","Go for the Eyes"],"picked":"Undo","floor":27}],"player_experience":1009329,"relics_obtained":[{"floor":7,"key":"Centennial Puzzle"},{"floor":9,"key":"Boot"},{"floor":10,"key":"Vajra"},{"floor":21,"key":"Orichalcum"},{"floor":24,"key":"Calipers"},{"floor":26,"key":"Whetstone"}],"event_choices":[{"damage_healed":0.0,"max_hp_gain":0.0,"max_hp_loss":0.0,"gold_gain":0.0,"event_name":"WeMeetAgain","player_choice":"Gave Potion","floor":3.0,"gold_loss":0.0,"damage_taken":0.0,"relics_obtained":["Mummified Hand"]},{"damage_healed":0,"gold_gain":0,"player_choice":"Forge","damage_taken":0,"max_hp_gain":0,"max_hp_loss":0,"event_name":"Accursed Blacksmith","floor":5,"gold_loss":0,"cards_upgraded":["Beam Cell"]},{"damage_healed":0,"gold_gain":0,"player_choice":"Ignored","damage_taken":0,"max_hp_gain":0,"max_hp_loss":0,"event_name":"Vampires","floor":19,"gold_loss":0},{"damage_healed":0,"gold_gain":0,"player_choice":"Shed Blood","damage_taken":25,"max_hp_gain":5,"max_hp_loss":0,"event_name":"Forgotten Altar","floor":20,"gold_loss":0},{"cards_removed":["Strike_B"],"damage_healed":0,"gold_gain":0,"player_choice":"Gave Gold","damage_taken":0,"max_hp_gain":0,"max_hp_loss":0,"event_name":"Beggar","floor":22,"gold_loss":75}],"is_beta":false,"boss_relics":[{"not_picked":["Nuclear Battery","Velvet Choker"],"picked":"Empty Cage"}],"items_purged_floors":[],"is_endless":false,"potions_floor_spawned":[1,7,10,14,16],"killed_by":"Sentry and Sphere","ascension_level":20}}