{"host":"April","time":1608623739,"event":{"mods":["BaseMod","Minty Spire (QoL Compilation)"],"gold_per_floor":[11,26,42,42,52,84,84,97,147,222,255,305,337,349,349,444,444,459,473,220,220,236,270,53,82,82,97,113,113,142,161,161,265,265,279,279,296,346,61,61,81,110,136,136,136,171,183,242,242,242],"floor_reached":51,"playtime":5417,"items_purged":[],"score":928,"play_id":"79b62497-732a-4685-8b4a-0436cedd5535","local_time":"20201221235539","is_ascension_mode":true,"campfire_choices":[{"floor":15.0,"key":"REST"},{"data":"After Image","floor":32,"key":"SMITH"},{"data":"Calculated Gamble","floor":40,"key":"SMITH"},{"floor":44,"key":"REST"},{"data":"Envenom","floor":49,"key":"SMITH"}],"circlet_count":0,"master_deck":["Strike_G","Strike_G","Strike_G","Strike_G","Strike_G","Defend_G","Defend_G","Defend_G","Defend_G","Defend_G","Survivor","Neutralize","All Out Attack","Dagger Throw","Terror","All Out Attack+1","Calculated Gamble","Tactician","Tools of the Trade","Dagger Throw+1","Skewer+1","Flying Knee+1","Calculated Gamble+1","Dash+1","Noxious Fumes","Backflip","Concentrate+1","Blur+1","After Image+1","All Out Attack+1","Deadly Poison+1","Eviscerate+1","Wraith Form v2","PiercingWail","Envenom+1","Parasite","Catalyst+1","Pain","Acrobatics+1","Backflip+1"],"relics":["Ring of the Snake","Tingsha","Molten Egg 2","Blood Vial","White Beast Statue","Potion Belt","Anchor","HoveringKite","Kunai","Eternal Feather","CaptainsWheel","Ornamental Fan","Mercury Hourglass","WristBlade","Du-Vu Doll","TwistedFunnel","Lantern","MealTicket","WarpedTongs","CeramicFish","Mango"],"acts_visited":["TheBeyond"],"potions_floor_usage":[28,38,38,41,46,47,47,50,50],"damage_taken":[{"damage":0.0,"enemies":"Small Slimes","floor":1.0,"turns":4.0},{"damage":3.0,"enemies":"Jaw Worm","floor":2.0,"turns":3.0},{"damage":6.0,"enemies":"Cultist","floor":3.0,"turns":3.0},{"damage":0.0,"enemies":"2 Fungi Beasts","floor":5.0,"turns":3.0},{"damage":10.0,"enemies":"3 Sentries","floor":6.0,"turns":3.0},{"damage":0.0,"enemies":"3 Louse","floor":8.0,"turns":1.0},{"damage":31.0,"enemies":"Lagavulin","floor":11.0,"turns":6.0},{"damage":5.0,"enemies":"Gremlin Nob","floor":13.0,"turns":3.0},{"damage":0.0,"enemies":"Looter","floor":14.0,"turns":2.0},{"damage":21.0,"enemies":"The Guardian","floor":16.0,"turns":7.0},{"damage":2.0,"enemies":"Spheric Guardian","floor":18.0,"turns":3.0},{"damage":0.0,"enemies":"3 Byrds","floor":19.0,"turns":4.0},{"damage":0,"enemies":"Cultist and Chosen","floor":22,"turns":4},{"damage":12,"enemies":"Book of Stabbing","floor":23,"turns":4},{"damage":0,"enemies":"Gremlin Leader","floor":25,"turns":6},{"damage":0,"enemies":"Centurion and Healer","floor":27,"turns":6},{"damage":6,"enemies":"Snake Plant","floor":28,"turns":4},{"damage":0,"enemies":"Book of Stabbing","floor":30,"turns":6},{"damage":0,"enemies":"Snecko","floor":31,"turns":3},{"damage":21,"enemies":"Collector","floor":33,"turns":9},{"damage":0,"enemies":"3 Shapes","floor":35,"turns":3},{"damage":1,"enemies":"Orb Walker","floor":37,"turns":3},{"damage":0,"enemies":"2 Orb Walkers","floor":38,"turns":4},{"damage":11,"enemies":"Writhing Mass","floor":41,"turns":6},{"damage":61,"enemies":"Giant Head","floor":42,"turns":9},{"damage":12,"enemies":"Reptomancer","floor":46,"turns":6},{"damage":4,"enemies":"Spire Growth","floor":47,"turns":4},{"damage":0,"enemies":"Mind Bloom Boss Battle","floor":48,"turns":5},{"damage":13,"enemies":"Donu and Deca","floor":50,"turns":8}],"seed_played":"7749549126035846697","potions_obtained":[{"floor":1.0,"key":"Explosive Potion"},{"floor":8.0,"key":"Regen Potion"},{"floor":11.0,"key":"SkillPotion"},{"floor":13.0,"key":"SpeedPotion"},{"floor":14.0,"key":"LiquidMemories"},{"floor":16.0,"key":"LiquidBronze"},{"floor":18.0,"key":"SkillPotion"},{"floor":19.0,"key":"SpeedPotion"},{"floor":22,"key":"AttackPotion"},{"floor":28,"key":"SkillPotion"},{"floor":35,"key":"Swift Potion"},{"floor":38,"key":"Ancient Potion"},{"floor":41,"key":"DuplicationPotion"},{"floor":42,"key":"Block Potion"},{"floor":46,"key":"GamblersBrew"},{"floor":47,"key":"PowerPotion"},{"floor":48,"key":"Energy Potion"}],"is_trial":false,"path_per_floor":["M","M","M","?","M","E","?","M","T","?","E","T","E","M","R","B",null,"M","M","$","?","M","E","$","E","T","M","M","?","E","M","R","B",null,"M","?","M","?","$","R","M","E","T","R","?","E","M","?","R","B",null],"character_chosen":"THE_SILENT","items_purchased":["Kunai","Prepared","Dash+1","Noxious Fumes","Backflip","Envenom","TwistedFunnel"],"campfire_rested":2,"item_purchase_floors":[20,24,24,24,24,39,39],"current_hp_per_floor":[70,67,61,66,66,56,56,56,56,45,31,31,28,30,52,33,75,73,75,75,85,85,73,73,75,75,77,73,73,75,77,85,64,85,85,85,84,85,85,85,74,15,15,61,61,51,49,65,89,78],"gold":242,"neow_bonus":"ONE_RARE_RELIC","is_daily":false,"chose_seed":false,"campfire_upgraded":3,"win_rate":0.0,"timestamp":1608623739,"path_taken":["M","M","M","?","M","E","?","M","T","?","E","?","E","M","R","BOSS","M","M","$","?","?","E","$","E","T","M","M","?","E","M","R","BOSS","M","?","M","?","$","R","M","E","T","R","?","E","?","?","R","BOSS"],"items_purchased_type":["Relic","Card","Card","Card","Card","Card","Relic"],"build_version":"2020-12-18","purchased_purges":0,"victory":true,"max_hp_per_floor":[70,70,70,75,75,75,75,75,75,75,75,75,75,75,75,75,75,75,75,75,85,85,85,85,85,85,85,85,85,85,85,85,85,85,85,85,85,85,85,85,85,85,85,85,85,85,85,99,99,99],"card_choices":[{"not_picked":["Masterful Stab","Deflect"],"picked":"Skewer","floor":1.0},{"not_picked":["Slice","Escape Plan"],"picked":"All Out Attack","floor":2.0},{"not_picked":["Quick Slash","Caltrops"],"picked":"Riddle With Holes","floor":3.0},{"not_picked":["Riddle With Holes","Heel Hook"],"picked":"Dagger Throw","floor":5.0},{"not_picked":["Heel Hook+1","Leg Sweep"],"picked":"Terror","floor":6.0},{"not_picked":["Underhanded Strike+1","Backflip"],"picked":"Calculated Gamble","floor":8.0},{"not_picked":["Quick Slash+1","PiercingWail"],"picked":"Tactician","floor":11.0},{"not_picked":["Die Die Die+1","Setup"],"picked":"Tools of the Trade","floor":13.0},{"not_picked":["Quick Slash+1","Dodge and Roll"],"picked":"Dagger Throw+1","floor":14.0},{"not_picked":["After Image","Glass Knife+1"],"picked":"Phantasmal Killer","floor":16.0},{"not_picked":["Accuracy+1","Poisoned Stab+1"],"picked":"Skewer+1","floor":18.0},{"not_picked":["Predator+1","Choke+1"],"picked":"Flying Knee+1","floor":19.0},{"not_picked":["Skewer+1","Dodge and Roll","Riddle With Holes+1"],"picked":"SKIP","floor":22},{"not_picked":["Endless Agony+1","Dagger Spray+1"],"picked":"Calculated Gamble","floor":23},{"not_picked":["Bane+1","Dagger Throw+1"],"picked":"Concentrate+1","floor":25},{"not_picked":["Slice+1","Underhanded Strike+1"],"picked":"Blur+1","floor":27},{"not_picked":["Backflip","Slice+1","Flying Knee+1"],"picked":"SKIP","floor":28},{"not_picked":["Blade Dance","Infinite Blades"],"picked":"Deadly Poison+1","floor":30},{"not_picked":["Poisoned Stab+1","Slice+1"],"picked":"Eviscerate+1","floor":31},{"not_picked":["Burst","Venomology"],"picked":"Wraith Form v2","floor":33},{"not_picked":["Masterful Stab+1","Skewer+1","Riddle With Holes+1"],"picked":"SKIP","floor":35},{"not_picked":["Sucker Punch+1","Skewer+1","Accuracy"],"picked":"SKIP","floor":37},{"not_picked":["Backstab+1","Dagger Throw+1"],"picked":"PiercingWail","floor":38},{"not_picked":["Quick Slash+1","Flying Knee+1"],"picked":"Catalyst+1","floor":41},{"not_picked":["Setup","Catalyst","Bane+1"],"picked":"SKIP","floor":42},{"not_picked":["Escape Plan+1","After Image"],"picked":"Acrobatics+1","floor":46},{"not_picked":["Finisher+1","Concentrate","Bane+1"],"picked":"SKIP","floor":47},{"not_picked":["Riddle With Holes+1","Flying Knee+1"],"picked":"Backflip+1","floor":48}],"player_experience":2523410,"relics_obtained":[{"floor":6.0,"key":"Molten Egg 2"},{"floor":9.0,"key":"Blood Vial"},{"floor":11.0,"key":"White Beast Statue"},{"floor":12.0,"key":"Potion Belt"},{"floor":13.0,"key":"Anchor"},{"floor":23,"key":"Eternal Feather"},{"floor":25,"key":"CaptainsWheel"},{"floor":26,"key":"Ornamental Fan"},{"floor":30,"key":"Mercury Hourglass"},{"floor":38,"key":"Du-Vu Doll"},{"floor":42,"key":"Lantern"},{"floor":43,"key":"MealTicket"},{"floor":46,"key":"CeramicFish"},{"floor":48,"key":"Mango"}],"event_choices":[{"damage_healed":0.0,"max_hp_gain":5.0,"max_hp_loss":0.0,"gold_gain":0.0,"event_name":"Big Fish","player_choice":"Donut","floor":4.0,"gold_loss":0.0,"damage_taken":0.0},{"damage_healed":0.0,"max_hp_gain":0.0,"max_hp_loss":0.0,"gold_gain":0.0,"cards_transformed":["Skewer"],"event_name":"Living Wall","player_choice":"Change","floor":7.0,"gold_loss":0.0,"damage_taken":0.0,"cards_obtained":["All Out Attack"]},{"damage_healed":0.0,"max_hp_gain":0.0,"max_hp_loss":0.0,"gold_gain":75.0,"event_name":"World of Goop","player_choice":"Gather Gold","floor":10.0,"gold_loss":0.0,"damage_taken":11.0},{"cards_removed":["Phantasmal Killer"],"damage_healed":0,"gold_gain":0,"player_choice":"Offered Rare","damage_taken":0,"max_hp_gain":10,"max_hp_loss":0,"event_name":"Bonfire Elementals","floor":21,"gold_loss":0},{"damage_healed":0,"gold_gain":0,"cards_transformed":["Riddle With Holes","Prepared"],"player_choice":"Became Test Subject","damage_taken":0,"max_hp_gain":0,"max_hp_loss":0,"event_name":"Drug Dealer","floor":29,"gold_loss":0,"cards_obtained":["After Image","All Out Attack"]},{"damage_healed":0,"gold_gain":0,"player_choice":"Ignored","damage_taken":0,"max_hp_gain":0,"max_hp_loss":0,"event_name":"Tomb of Lord Red Mask","floor":36,"gold_loss":0},{"damage_healed":0,"gold_gain":0,"player_choice":"Fight","damage_taken":0,"max_hp_gain":0,"max_hp_loss":0,"event_name":"Mysterious Sphere","floor":38,"gold_loss":0},{"damage_healed":0,"gold_gain":0,"player_choice":"Rummage","damage_taken":0,"relics_obtained":["WarpedTongs"],"max_hp_gain":0,"max_hp_loss":0,"event_name":"Accursed Blacksmith","floor":45,"gold_loss":0,"cards_obtained":["Pain"]},{"damage_healed":0,"gold_gain":0,"player_choice":"Fight","damage_taken":0,"max_hp_gain":0,"max_hp_loss":0,"event_name":"MindBloom","floor":48,"gold_loss":0}],"is_beta":true,"boss_relics":[{"not_picked":["Philosopher\u0027s Stone","Ring of the Serpent"],"picked":"HoveringKite"},{"not_picked":["Fusion Hammer","Busted Crown"],"picked":"WristBlade"}],"items_purged_floors":[],"is_endless":false,"potions_floor_spawned":[1,8,11,13,14,16,18,19,22,23,25,27,28,30,31,33,35,37,38,41,42,46,47,48],"ascension_level":1}}