{"host":"ky7z67tg8zpdk0g7","time":1608619539,"event":{"mods":["BaseMod","Beaked The Cultist","Better Third Choice","CapriCore","Displayed Cursed Tome","Energized Spire","Fireblade Mod","Hubris","Lobotomy","LobotomyExtend","Minty Spire (QoL Compilation)","Replay The Spire","SOS???????","Shop Mod","StSLib","Td1madao Mod","The Dragon Tamer","The Hayseed","The Hierophant","The Immortal","The Marked","The Necromancer","TheBandit","TheWitcher"],"gold_per_floor":[118,118,118,42,60,85,97,134,198,229,259,305,333,520,532,641,653,679,199,217,217,317,317],"floor_reached":22,"playtime":609,"items_purged":["Doubt"],"score":252,"play_id":"3730b57b-896c-4412-86be-068b541cc8b5","local_time":"20201222134539","is_ascension_mode":true,"campfire_choices":[{"data":"theMarked:GodGivenPower","floor":7,"key":"SMITH"},{"floor":15,"key":"REST"}],"circlet_count":0,"master_deck":["theMarked:Strike","theMarked:Strike","theMarked:Strike","theMarked:Strike","theMarked:Strike","theMarked:Defend","theMarked:Defend","theMarked:Defend","theMarked:Defend","theMarked:SoldierOfQuellstein","theMarked:SwordAndMagic","theMarked:GodGivenPower+1","theMarked:PowerFlow","theMarked:KeepCalmAndFightOn","theMarked:MysticalArsenal","theMarked:ChainLightning","theMarked:WardOff","theMarked:Indomitable","theMarked:WastefulAttack","theMarked:TakeOffHeels","theMarked:Seal","theMarked:HeritageOfTheMarked","theMarked:Generate","theMarked:PowerFlow"],"relics":["theMarked:ArtifactOfAir","NeowsBlessing","LetterFromLob","ReplayTheSpireMod:TigerMarble","MawBank","Simple Rune","Smiling Mask","hubris:SphereOfDissonance","energizedSpire:MagnifyingGlass","HandDrill","hubris:TenFootPole","hubris:Icosahedron"],"acts_visited":["Exordium","TheCity"],"potions_floor_usage":[12,16],"damage_taken":[{"damage":0,"enemies":"Small Slimes","floor":1,"turns":1},{"damage":0,"enemies":"Jaw Worm","floor":5,"turns":1},{"damage":0,"enemies":"3 Sentries","floor":6,"turns":1},{"damage":15,"enemies":"Gremlin Nob","floor":8,"turns":4},{"damage":0,"enemies":"Cultist","floor":10,"turns":3},{"damage":0,"enemies":"Large Slime","floor":11,"turns":3},{"damage":15,"enemies":"Lagavulin","floor":12,"turns":5},{"damage":6,"enemies":"Looter","floor":13,"turns":2},{"damage":36,"enemies":"The Guardian","floor":16,"turns":9},{"damage":45,"enemies":"2 Thieves","floor":18,"turns":5},{"damage":14,"enemies":"Chosen","floor":20,"turns":4},{"damage":19,"enemies":"Centurion and Healer","floor":22,"turns":1}],"seed_played":"-1404352260263235499","potions_obtained":[{"floor":1,"key":"Doom Potion"},{"floor":8,"key":"Explosive Potion"},{"floor":10,"key":"Milkshake"},{"floor":12,"key":"Weak Potion"}],"is_trial":false,"path_per_floor":["M","?","?","$","M","E","R","E","T","M","M","E","M","?","R","B",null,"M","$","M","?","M"],"character_chosen":"THE_DEFAULT","items_purchased":["theMarked:GodGivenPower","theMarked:HeritageOfTheMarked","theMarked:Generate","HandDrill","hubris:TenFootPole"],"campfire_rested":1,"item_purchase_floors":[4,19,19,19,19],"current_hp_per_floor":[70,67,60,60,60,60,60,45,45,45,45,30,24,24,45,9,70,25,25,11,11,0,0],"gold":317,"neow_bonus":"THREE_ENEMY_KILL","is_daily":false,"chose_seed":false,"campfire_upgraded":1,"win_rate":0.0,"timestamp":1608619539,"path_taken":["M","?","?","$","M","E","R","E","T","M","?","E","M","?","R","BOSS","M","$","M","?","M"],"items_purchased_type":["Card","Card","Card","Relic","Relic"],"build_version":"2020-12-13","purchased_purges":1,"victory":false,"max_hp_per_floor":[70,70,70,70,70,70,70,70,70,70,70,70,70,70,70,70,70,70,70,70,70,70,70],"card_choices":[{"not_picked":["theMarked:Overthink","theMarked:Electrocute"],"picked":"theMarked:SwordAndMagic","floor":1},{"not_picked":["theMarked:TwofoldDefense","theMarked:ElectricStrings"],"picked":"theMarked:PowerFlow","floor":5},{"not_picked":["theMarked:CreepingChasm","theMarked:BanishingStrike"],"picked":"theMarked:KeepCalmAndFightOn","floor":6},{"not_picked":["theMarked:EmpowerWeapon","theMarked:ResourceFulStrike"],"picked":"theMarked:MysticalArsenal","floor":8},{"not_picked":["theMarked:BanishingStrike","theMarked:RepellingDischarge"],"picked":"theMarked:ChainLightning","floor":10},{"not_picked":["theMarked:TwofoldDefense","theMarked:Frustration"],"picked":"theMarked:WardOff","floor":11},{"not_picked":["theMarked:Parkour","theMarked:Static"],"picked":"theMarked:Indomitable","floor":12},{"not_picked":["theMarked:ResourceFulStrike","theMarked:Opportunist"],"picked":"theMarked:WastefulAttack","floor":13},{"not_picked":["theMarked:Challenge","theMarked:SoldierForm"],"picked":"theMarked:TakeOffHeels","floor":16},{"not_picked":["theMarked:Parkour","theMarked:HeightenedSenses"],"picked":"theMarked:Seal","floor":18},{"not_picked":["theMarked:Indomitable","theMarked:CreepingChasm"],"picked":"theMarked:PowerFlow","floor":20}],"player_experience":290459,"relics_obtained":[{"floor":1,"key":"LetterFromLob"},{"floor":6,"key":"MawBank"},{"floor":8,"key":"Simple Rune"},{"floor":9,"key":"Smiling Mask"},{"floor":12,"key":"hubris:SphereOfDissonance"}],"event_choices":[{"damage_healed":0,"gold_gain":0,"player_choice":"Relic ","damage_taken":3,"max_hp_gain":0,"max_hp_loss":0,"event_name":"betterThird:BetterScrap","floor":2,"gold_loss":0,"cards_obtained":["Time Bomb"]},{"damage_healed":0,"gold_gain":0,"player_choice":"Damaged","damage_taken":7,"max_hp_gain":0,"max_hp_loss":0,"event_name":"Wheel of Change","floor":3,"gold_loss":0},{"damage_healed":0,"gold_gain":175,"player_choice":"AGREE","damage_taken":345,"max_hp_gain":0,"max_hp_loss":0,"event_name":"betterThird:BetterSerpent","floor":14,"gold_loss":0}],"is_beta":false,"boss_relics":[{"not_picked":["Ectoplasm","Runic Pyramid"],"picked":"energizedSpire:MagnifyingGlass"}],"items_purged_floors":[19],"is_endless":false,"potions_floor_spawned":[1,8,10,12],"killed_by":"Centurion and Healer","ascension_level":2}}