{"host":"dvpvhz1t6etneyb3","time":1608595230,"event":{"mods":["AchievementEnabler","BaseMod","Colored Map","Highlight Path","Minty Spire (QoL Compilation)","Permanent Neow","Quick Restart"],"gold_per_floor":[115,134,0,19,30,30,62,75,101,101,135,135,161,192,204,216,216],"floor_reached":16,"playtime":690,"items_purged":["Strike_G"],"score":244,"play_id":"c0d2038b-6c47-4fb1-ac0a-79844870dccb","local_time":"20201221190030","is_ascension_mode":true,"campfire_choices":[{"data":"Dagger Spray","floor":6.0,"key":"SMITH"},{"floor":10.0,"key":"DIG"},{"floor":12.0,"key":"REST"},{"data":"Deadly Poison","floor":15,"key":"SMITH"}],"circlet_count":0,"master_deck":["AscendersBane","Strike_G","Strike_G+1","Strike_G","Strike_G","Defend_G","Defend_G","Defend_G","Defend_G","Defend_G","Survivor","Neutralize","Dagger Spray+1","Quick Slash","Deadly Poison+1","Flying Knee+1","Predator","PiercingWail","Cloak And Dagger","Caltrops","Deadly Poison"],"relics":["Philosopher\u0027s Stone","Shovel","Regal Pillow","Ancient Tea Set","Whetstone","MawBank"],"acts_visited":["Exordium"],"potions_floor_usage":[],"damage_taken":[{"damage":4.0,"enemies":"Small Slimes","floor":1.0,"turns":5.0},{"damage":4.0,"enemies":"Cultist","floor":2.0,"turns":5.0},{"damage":0.0,"enemies":"Jaw Worm","floor":4.0,"turns":5.0},{"damage":2.0,"enemies":"Large Slime","floor":5.0,"turns":5.0},{"damage":6.0,"enemies":"Gremlin Nob","floor":7.0,"turns":3.0},{"damage":4.0,"enemies":"Looter","floor":8.0,"turns":3.0},{"damage":17.0,"enemies":"3 Sentries","floor":11.0,"turns":8.0},{"damage":14.0,"enemies":"Lagavulin","floor":13.0,"turns":5.0},{"damage":4.0,"enemies":"Blue Slaver","floor":14.0,"turns":4.0},{"damage":40,"enemies":"Hexaghost","floor":16,"turns":9}],"seed_played":"-2349616860963766319","potions_obtained":[{"floor":1.0,"key":"EssenceOfSteel"},{"floor":5.0,"key":"FearPotion"},{"floor":8.0,"key":"Poison Potion"},{"floor":13.0,"key":"Strength Potion"}],"is_trial":false,"path_per_floor":["M","M","$","M","M","R","E","M","T","R","E","R","E","M","R","B"],"character_chosen":"THE_SILENT","items_purchased":["Deadly Poison"],"campfire_rested":1,"item_purchase_floors":[3],"current_hp_per_floor":[55,51,51,51,49,49,43,39,39,39,22,56,42,38,38,0,0],"gold":216,"neow_bonus":"BOSS_RELIC","is_daily":false,"chose_seed":false,"campfire_upgraded":2,"win_rate":0.0,"timestamp":1608595230,"path_taken":["M","M","$","M","M","R","E","M","T","R","E","R","E","M","R","BOSS"],"items_purchased_type":["Card"],"build_version":"2020-12-13","purchased_purges":1,"victory":false,"max_hp_per_floor":[66,66,66,66,66,66,66,66,66,66,66,66,66,66,66,66,66],"card_choices":[{"not_picked":["Endless Agony","Deadly Poison"],"picked":"Dagger Spray","floor":1.0},{"not_picked":["Dodge and Roll","PiercingWail"],"picked":"Quick Slash","floor":2.0},{"not_picked":["Sucker Punch","Riddle With Holes","Grand Finale"],"picked":"SKIP","floor":4.0},{"not_picked":["Acrobatics","PiercingWail"],"picked":"Flying Knee","floor":5.0},{"not_picked":["Outmaneuver","Slice"],"picked":"Predator","floor":7.0},{"not_picked":["Dagger Spray","Underhanded Strike"],"picked":"PiercingWail","floor":8.0},{"not_picked":["Concentrate","Dagger Spray"],"picked":"Cloak And Dagger","floor":11.0},{"not_picked":["Sucker Punch","Dodge and Roll"],"picked":"Caltrops","floor":13.0},{"not_picked":["Infinite Blades","Sucker Punch"],"picked":"Deadly Poison","floor":14.0}],"player_experience":1915863,"relics_obtained":[{"floor":7.0,"key":"Shovel"},{"floor":9.0,"key":"Regal Pillow"},{"floor":10.0,"key":"Ancient Tea Set"},{"floor":11.0,"key":"Whetstone"},{"floor":13.0,"key":"MawBank"}],"event_choices":[],"is_beta":false,"boss_relics":[],"items_purged_floors":[3],"is_endless":false,"potions_floor_spawned":[1,5,8,13],"killed_by":"Hexaghost","ascension_level":20}}