{"host":"4b06nrmhsmzqjm1r","time":1608642639,"event":{"mods":["2.2 Compatiblity","AchievementEnabler","BaseMod","BetterRewards","Colored Map","Colored Powertips","Downfall","Hermit","Highlight Path","Marisa????????","Minty Spire (QoL Compilation)","StSLib","The Animator","The Cursed","The Hierophant","The Servant 0.9.4"],"gold_per_floor":[115,115,190,47,57,57,22,22,22,51,83,106,129,156,168,280,292,323,335,365,377,377],"floor_reached":21,"playtime":2181,"items_purged":["hermit:Defend_Hermit","hermit:Strike_Hermit"],"score":173,"play_id":"36276494-b674-445c-ac1b-a1e752af821e","local_time":"20201222141039","is_ascension_mode":false,"campfire_choices":[{"floor":6.0,"key":"REST"},{"data":"hermit:TakeAim","floor":8.0,"key":"SMITH"},{"floor":15.0,"key":"REST"}],"circlet_count":0,"master_deck":["hermit:Snapshot","hermit:Covet","hermit:Snipe","hermit:Brawl","hermit:TrackingShot+1","hermit:BodyArmor","hermit:TakeAim+1","hermit:GhostlyPresence","hermit:Snipe","hermit:BigShot","hermit:Scavenge","hermit:Headshot","hermit:Purgatory","hermit:Quickdraw","hermit:Reprieve","hermit:ItchyTrigger","hermit:Gestalt","hermit:Grudge","hermit:FinalCanter","hermit:Dive","hermit:Headshot"],"relics":["hermit:Momento","Lee\u0027s Waffle","Vajra","HandDrill","hermit:PetGhost","MawBank","Pandora\u0027s Box","Nilry\u0027s Codex"],"acts_visited":["Exordium","TheCity"],"potions_floor_usage":[21],"damage_taken":[{"damage":9.0,"enemies":"2 Louse","floor":1.0,"turns":3.0},{"damage":6.0,"enemies":"Jaw Worm","floor":5.0,"turns":2.0},{"damage":0.0,"enemies":"Cultist","floor":10.0,"turns":4.0},{"damage":15.0,"enemies":"Gremlin Gang","floor":11.0,"turns":5.0},{"damage":10.0,"enemies":"Looter","floor":12.0,"turns":4.0},{"damage":4.0,"enemies":"3 Louse","floor":13.0,"turns":3.0},{"damage":18.0,"enemies":"Red Slaver","floor":14.0,"turns":6.0},{"damage":23.0,"enemies":"The Guardian","floor":16.0,"turns":10.0},{"damage":15.0,"enemies":"Chosen","floor":18.0,"turns":6.0},{"damage":23.0,"enemies":"2 Thieves","floor":20.0,"turns":3.0},{"damage":100038,"enemies":"Masked Bandits","floor":21,"turns":5}],"seed_played":"178285060298670842","potions_obtained":[{"floor":5.0,"key":"SkillPotion"},{"floor":10.0,"key":"SteroidPotion"},{"floor":11.0,"key":"GamblersBrew"},{"floor":16.0,"key":"Energy Potion"},{"floor":20.0,"key":"hermit:Tonic"}],"is_trial":false,"path_per_floor":["M","?","?","$","M","R","$","R","T","M","M","M","M","M","R","B",null,"M","?","M","?"],"character_chosen":"HERMIT","items_purchased":["hermit:Snipe","Lee\u0027s Waffle","Vajra","HandDrill","hermit:Brawl","hermit:PetGhost","hermit:TakeAim"],"campfire_rested":2,"item_purchase_floors":[0,0,0,0,0,4,7],"current_hp_per_floor":[73,57,46,46,40,64,64,64,64,64,49,39,35,17,41,18,82,67,51,28,0,0],"gold":377,"neow_bonus":"","is_daily":false,"chose_seed":false,"campfire_upgraded":1,"win_rate":0.0,"timestamp":1608642639,"path_taken":["M","?","?","?","M","R","$","R","T","?","M","?","M","M","R","BOSS","M","?","M","?"],"items_purchased_type":["Card","Relic","Relic","Relic","Card","Relic","Card"],"build_version":"2020-12-13","purchased_purges":2,"victory":false,"max_hp_per_floor":[82,82,82,82,82,82,82,82,82,82,82,82,82,82,82,82,82,82,82,82,82,82],"card_choices":[{"not_picked":["hermit:Quickdraw","hermit:Snipe"],"picked":"hermit:TrackingShot","floor":1.0},{"not_picked":["hermit:Coalescence","hermit:Roulette"],"picked":"hermit:BodyArmor","floor":5.0},{"not_picked":["hermit:Grudge","hermit:ItchyTrigger"],"picked":"hermit:GhostlyPresence","floor":10.0},{"not_picked":["hermit:Manifest","hermit:Showdown"],"picked":"hermit:Snipe","floor":11.0},{"not_picked":["hermit:Magnum","hermit:WideOpen"],"picked":"hermit:BigShot","floor":12.0},{"not_picked":["hermit:Desperado","hermit:Feint"],"picked":"hermit:Scavenge","floor":13.0},{"not_picked":["hermit:DeadMansHand","hermit:LuckOfTheDraw"],"picked":"hermit:Headshot","floor":14.0},{"not_picked":["hermit:HighNoon","hermit:FromBeyond"],"picked":"hermit:Purgatory","floor":16.0},{"not_picked":["hermit:FlashPowder","hermit:Gestalt+1"],"picked":"hermit:Dive","floor":18.0},{"not_picked":["hermit:Snipe+1","hermit:Quickdraw"],"picked":"hermit:Headshot","floor":20.0}],"player_experience":203936,"relics_obtained":[{"floor":9.0,"key":"MawBank"},{"floor":19.0,"key":"Nilry\u0027s Codex"}],"event_choices":[{"damage_healed":0.0,"max_hp_gain":0.0,"max_hp_loss":0.0,"gold_gain":0.0,"event_name":"Shining Light","player_choice":"Entered Light","floor":2.0,"gold_loss":0.0,"damage_taken":16.0,"cards_upgraded":["hermit:Strike_Hermit","hermit:TrackingShot"]},{"damage_healed":0.0,"max_hp_gain":0.0,"max_hp_loss":0.0,"gold_gain":75.0,"event_name":"World of Goop","player_choice":"Gather Gold","floor":3.0,"gold_loss":0.0,"damage_taken":11.0},{"damage_healed":0.0,"max_hp_gain":0.0,"max_hp_loss":0.0,"gold_gain":0.0,"event_name":"Cursed Tome","player_choice":"Obtained Book","floor":19.0,"gold_loss":0.0,"damage_taken":16.0},{"damage_healed":0,"gold_gain":0,"player_choice":"Fought Bandits","damage_taken":0,"max_hp_gain":0,"max_hp_loss":0,"event_name":"Masked Bandits","floor":21,"gold_loss":0}],"is_beta":false,"boss_relics":[{"not_picked":["Cursed Key","Runic Pyramid"],"picked":"Pandora\u0027s Box"}],"items_purged_floors":[0,0],"is_endless":false,"potions_floor_spawned":[5,10,11,16,20],"killed_by":"Masked Bandits","ascension_level":0}}