{"host":"3srbdas3e7jgqz5l","time":1608643616,"event":{"mods":["BaseMod","Downfall","Minty Spire (QoL Compilation)","StSLib"],"gold_per_floor":[99,112,131,131,143,168,168,93,0,0,16,16,29,41,51,51,51],"floor_reached":16,"playtime":723,"items_purged":[],"score":104,"play_id":"8331dd7c-87c2-47ca-b841-e78b1bf457ac","local_time":"20201222132656","is_ascension_mode":false,"campfire_choices":[{"floor":1,"key":"RECALL"},{"data":"sneckomod:Unknown1Cost","floor":8,"key":"SMITH"},{"data":"sneckomod:QuickMove","floor":12,"key":"SMITH"}],"circlet_count":0,"master_deck":["sneckomod:Strike","sneckomod:Strike","sneckomod:Strike+1","sneckomod:Defend","sneckomod:Defend+1","sneckomod:Defend","sneckomod:TailWhip","sneckomod:SnekBite","sneckomod:Unknown","sneckomod:Unknown","sneckomod:UnknownClassGREEN+1","Regret","sneckomod:Unknown1Cost+1","sneckomod:QuickMove+1","sneckomod:CheapStock+1","sneckomod:UnknownRareSkill","sneckomod:UnknownClassGREEN"],"relics":["sneckomod:SneckoSoul","Ancient Tea Set","MealTicket","Frozen Egg 2","downfall:HeartBlessingRed"],"acts_visited":["Exordium"],"potions_floor_usage":[11,14,15,16],"damage_taken":[{"damage":18,"enemies":"Jaw Worm","floor":2,"turns":2},{"damage":0,"enemies":"Cultist","floor":3,"turns":2},{"damage":9,"enemies":"2 Louse","floor":5,"turns":4},{"damage":34,"enemies":"3 Sentries","floor":6,"turns":11},{"damage":6,"enemies":"downfall:FleeingMerchant","floor":9,"turns":4},{"damage":15,"enemies":"Red Slaver","floor":11,"turns":5},{"damage":2,"enemies":"2 Fungi Beasts","floor":13,"turns":4},{"damage":2,"enemies":"Exordium Thugs","floor":14,"turns":3},{"damage":9,"enemies":"Exordium Wildlife","floor":15,"turns":5},{"damage":46,"enemies":"downfall:Defect","floor":16,"turns":5}],"seed_played":"5381658439022925844","potions_obtained":[{"floor":3,"key":"Weak Potion"},{"floor":6,"key":"Regen Potion"},{"floor":11,"key":"Guardian:BlockOnCardUsePotion"},{"floor":14,"key":"ColorlessPotion"}],"is_trial":false,"path_per_floor":["R","M","M","?","M","E","T","R","$","?","M","R","M","M","M","B"],"character_chosen":"THE_SNECKO","items_purchased":["sneckomod:CheapStock+1"],"campfire_rested":0,"item_purchase_floors":[9],"current_hp_per_floor":[90,88,88,88,79,46,46,46,55,55,52,52,50,49,41,0,0],"gold":51,"neow_bonus":"RANDOM_COMMON_RELIC","is_daily":false,"chose_seed":false,"campfire_upgraded":2,"win_rate":0.0,"timestamp":1608643616,"path_taken":["R","M","M","?","M","E","T","R","$","?","M","R","M","M","M","BOSS"],"items_purchased_type":["Card"],"build_version":"2020-12-13","purchased_purges":0,"victory":false,"max_hp_per_floor":[90,91,91,91,91,92,92,92,92,92,92,92,92,93,94,94,94],"card_choices":[{"not_picked":["sneckomod:UnknownStrike","sneckomod:DiceCrush"],"picked":"sneckomod:UnknownClassGREEN","floor":2},{"not_picked":["sneckomod:Nope","sneckomod:UnknownClassBLUE","sneckomod:UnknownClassSLIMEBOUND"],"picked":"SKIP","floor":3},{"not_picked":["sneckomod:UnknownCommonAttack","sneckomod:UnknownCommonSkill","sneckomod:SoulRoll"],"picked":"SKIP","floor":5},{"not_picked":["sneckomod:UnknownClassTHE_CHAMP_GRAY","sneckomod:IronFang"],"picked":"sneckomod:Unknown1Cost","floor":6},{"not_picked":["sneckomod:Unknown2Cost","sneckomod:UnknownClassTHE_CHAMP_GRAY"],"picked":"sneckomod:QuickMove","floor":9},{"not_picked":["sneckomod:Unknown1Cost","sneckomod:UnknownClassTHE_CHAMP_GRAY","sneckomod:DiceBlock"],"picked":"SKIP","floor":11},{"not_picked":["sneckomod:UnknownVulnerable","sneckomod:Nope","sneckomod:UnknownClassTHE_CHAMP_GRAY"],"picked":"SKIP","floor":13},{"not_picked":["sneckomod:ImprovisedAttack","sneckomod:UnknownBlock"],"picked":"sneckomod:UnknownRareSkill","floor":14},{"not_picked":["sneckomod:UnknownExhaust","sneckomod:UnknownBlock"],"picked":"sneckomod:UnknownClassGREEN","floor":15}],"player_experience":493754,"relics_obtained":[{"floor":6,"key":"MealTicket"},{"floor":7,"key":"Frozen Egg 2"}],"event_choices":[],"is_beta":false,"boss_relics":[],"items_purged_floors":[],"is_endless":false,"potions_floor_spawned":[3,6,11,14],"killed_by":"downfall:Defect","ascension_level":0}}