{"host":"30jsp143e4v19aze","time":1608596321,"event":{"mods":["BaseMod","Colored Map","Colored Powertips","Curses Come First","DeckTracker","Highlight Path","Minty Spire (QoL Compilation)","Quick Restart","Relic Stats","StSLib"],"gold_per_floor":[159,171,171,171,171,171,199,212,239,239,257,257,291,301,301,375,375,394,409,409,424,136,136,155,155,180,180,212,227,227,245,245,322,322,332,342,193,203,122,153,153,182,230,263,263,275,228,238,238,238,238,238,81,106,106,106],"floor_reached":55,"playtime":2838,"items_purged":["Regret","Strike_G+1"],"score":1430,"play_id":"1fa4ff75-e9f3-4060-99d1-85ca72c476ee","local_time":"20201222011841","is_ascension_mode":true,"campfire_choices":[{"data":"Sucker Punch","floor":6,"key":"SMITH"},{"data":"Adrenaline","floor":10,"key":"SMITH"},{"data":"Endless Agony","floor":12,"key":"SMITH"},{"data":"Cloak And Dagger","floor":15,"key":"SMITH"},{"data":"Phantasmal Killer","floor":23,"key":"SMITH"},{"data":"Die Die Die","floor":25,"key":"SMITH"},{"data":"Footwork","floor":27,"key":"SMITH"},{"floor":32,"key":"REST"},{"data":"Accuracy","floor":41,"key":"SMITH"},{"floor":45,"key":"REST"},{"floor":49,"key":"RECALL"},{"data":"Acrobatics","floor":52,"key":"SMITH"}],"circlet_count":0,"master_deck":["AscendersBane","Strike_G+1","Strike_G+1","Strike_G+1","Defend_G+1","Defend_G+1","Defend_G+1","Defend_G+1","Defend_G+1","Survivor+1","Neutralize","Quick Slash","Sucker Punch+1","Adrenaline+1","Endless Agony+1","Footwork+1","Cloak And Dagger+1","Die Die Die+1","Acrobatics","Slice","PiercingWail+1","Phantasmal Killer+1","Accuracy+1","Blade Dance","Finisher+1","Well Laid Plans","Adrenaline","Blade Dance+1","Blade Dance","Blade Dance+1","Backflip","Cloak And Dagger","Flash of Steel","Finisher","Backflip","Acrobatics+1","Calculated Gamble","Acrobatics+1","Cloak And Dagger","Accuracy","Leg Sweep","Backflip","Wraith Form v2"],"relics":["Tiny House","Shuriken","Kunai","Lantern","Nunchaku","Strawberry","WristBlade","War Paint","Prayer Wheel","Sozu","Blue Candle","Centennial Puzzle","Pantograph","Letter Opener"],"acts_visited":["Exordium","TheCity","TheBeyond","TheEnding"],"potions_floor_usage":[7,14,16,21,31,33,46],"damage_taken":[{"damage":0,"enemies":"Small Slimes","floor":1,"turns":4},{"damage":4,"enemies":"2 Louse","floor":2,"turns":3},{"damage":19,"enemies":"Lagavulin","floor":7,"turns":8},{"damage":4,"enemies":"Jaw Worm","floor":8,"turns":4},{"damage":1,"enemies":"Blue Slaver","floor":11,"turns":3},{"damage":18,"enemies":"3 Sentries","floor":13,"turns":9},{"damage":0,"enemies":"Gremlin Gang","floor":14,"turns":3},{"damage":7,"enemies":"Hexaghost","floor":16,"turns":10},{"damage":5,"enemies":"3 Byrds","floor":18,"turns":6},{"damage":0,"enemies":"Chosen","floor":19,"turns":3},{"damage":15,"enemies":"Centurion and Healer","floor":21,"turns":4},{"damage":3,"enemies":"Chosen and Byrds","floor":24,"turns":4},{"damage":14,"enemies":"Book of Stabbing","floor":28,"turns":5},{"damage":13,"enemies":"Snake Plant","floor":29,"turns":4},{"damage":1,"enemies":"Sentry and Sphere","floor":31,"turns":4},{"damage":29,"enemies":"Collector","floor":33,"turns":5},{"damage":0,"enemies":"Orb Walker","floor":35,"turns":3},{"damage":0,"enemies":"3 Shapes","floor":36,"turns":2},{"damage":0,"enemies":"Writhing Mass","floor":38,"turns":3},{"damage":0,"enemies":"Giant Head","floor":40,"turns":3},{"damage":42,"enemies":"Nemesis","floor":42,"turns":5},{"damage":13,"enemies":"Giant Head","floor":44,"turns":4},{"damage":5,"enemies":"Transient","floor":46,"turns":5},{"damage":0,"enemies":"Jaw Worm Horde","floor":48,"turns":3},{"damage":28,"enemies":"Awakened One","floor":50,"turns":6},{"damage":0,"enemies":"Shield and Spear","floor":54,"turns":2},{"damage":87,"enemies":"The Heart","floor":55,"turns":8}],"seed_played":"-6342032535230187661","potions_obtained":[{"floor":0,"key":"CultistPotion"},{"floor":2,"key":"DistilledChaos"},{"floor":7,"key":"Poison Potion"},{"floor":14,"key":"Swift Potion"},{"floor":16,"key":"GamblersBrew"},{"floor":21,"key":"Dexterity Potion"},{"floor":28,"key":"Swift Potion"},{"floor":33,"key":"SteroidPotion"}],"is_trial":false,"path_per_floor":["M","M","?","?","T","R","E","M","T","R","M","R","E","M","R","B",null,"M","M","?","M","$","R","M","R","T","R","E","M","?","M","R","B",null,"M","M","$","M","$","E","R","E","T","E","R","M","$","M","R","B",null,"R","$","E","B"],"character_chosen":"THE_SILENT","items_purchased":["Phantasmal Killer","Accuracy","Backflip","Flash of Steel","Acrobatics","Accuracy","Leg Sweep","Backflip"],"campfire_rested":2,"item_purchase_floors":[22,22,37,39,47,53,53,53],"current_hp_per_floor":[64,60,60,60,60,60,41,37,37,37,36,36,25,25,25,18,63,58,58,58,43,43,43,40,40,40,40,26,13,13,12,35,6,60,60,60,60,60,60,60,60,18,18,5,28,23,23,23,23,20,64,64,64,64,0,0],"gold":106,"neow_bonus":"BOSS_RELIC","is_daily":false,"chose_seed":false,"campfire_upgraded":9,"win_rate":0.0,"timestamp":1608596321,"path_taken":["M","M","?","?","?","R","E","M","T","R","?","R","E","M","R","BOSS","M","?","?","M","$","R","M","R","T","R","E","M","?","M","R","BOSS","M","M","$","?","$","E","R","E","T","E","R","M","$","M","R","BOSS","R","$","E","BOSS"],"items_purchased_type":["Card","Card","Card","Card","Card","Card","Card","Card"],"build_version":"2020-12-13","purchased_purges":2,"victory":false,"max_hp_per_floor":[71,71,71,71,71,71,71,71,71,71,71,71,78,78,78,78,78,78,78,78,78,78,78,78,78,78,78,78,78,78,78,78,78,78,78,78,78,78,78,78,78,78,78,78,78,78,78,78,78,78,78,78,78,78,78,78],"relic_stats":{"Sozu":3,"Nunchaku":[42],"Centennial Puzzle":[12],"counters":[27,123],"Shuriken":[107],"Blue Candle":[0],"Pantograph":39,"Prayer Wheel":7,"Kunai":[107],"Letter Opener":[30],"War Paint":["Survivor","PiercingWail"],"obtain_stats":[{"Lantern":7,"Tiny House":0,"Blue Candle":40,"Letter Opener":54,"War Paint":26,"Sozu":34,"Nunchaku":9,"Centennial Puzzle":42,"WristBlade":17,"Shuriken":3,"Strawberry":13,"Pantograph":44,"Prayer Wheel":28,"Kunai":5,"Ring of the Snake":0},{"Lantern":3,"Tiny House":0,"Blue Candle":20,"Letter Opener":26,"War Paint":12,"Sozu":16,"Nunchaku":4,"Centennial Puzzle":21,"WristBlade":8,"Shuriken":2,"Strawberry":6,"Pantograph":22,"Prayer Wheel":13,"Kunai":2,"Ring of the Snake":0},{"Lantern":15,"Tiny House":0,"Blue Candle":90,"Letter Opener":115,"War Paint":61,"Sozu":79,"Nunchaku":19,"Centennial Puzzle":95,"WristBlade":44,"Shuriken":7,"Strawberry":31,"Pantograph":99,"Prayer Wheel":66,"Kunai":7,"Ring of the Snake":0}]},"card_choices":[{"not_picked":["Outmaneuver","Cloak And Dagger"],"picked":"Quick Slash","floor":0},{"not_picked":["Dagger Throw","Deflect"],"picked":"Sucker Punch","floor":1},{"not_picked":["Poisoned Stab","Setup","Cloak And Dagger"],"picked":"SKIP","floor":2},{"not_picked":["Acrobatics","Deadly Poison"],"picked":"Adrenaline","floor":7},{"not_picked":["Poisoned Stab","Backflip"],"picked":"Endless Agony","floor":8},{"not_picked":["Finisher","Backflip"],"picked":"Footwork","floor":11},{"not_picked":["Poisoned Stab","Blur","Deadly Poison"],"picked":"SKIP","floor":13},{"not_picked":["Bane","Concentrate"],"picked":"Cloak And Dagger","floor":14},{"not_picked":["Burst","Glass Knife"],"picked":"Die Die Die","floor":16},{"not_picked":["Leg Sweep","Flying Knee"],"picked":"Acrobatics","floor":18},{"not_picked":["Quick Slash","Crippling Poison"],"picked":"Slice","floor":19},{"not_picked":["Poisoned Stab","Distraction"],"picked":"PiercingWail","floor":21},{"not_picked":["Flying Knee","Flechettes","Unload"],"picked":"SKIP","floor":24},{"not_picked":["Reflex","Doppelganger"],"picked":"Blade Dance","floor":28},{"not_picked":["Quick Slash","Dagger Spray+1"],"picked":"Finisher+1","floor":29},{"not_picked":["Dagger Throw","Slice"],"picked":"Well Laid Plans","floor":29},{"not_picked":["Predator","Riddle With Holes","Skewer"],"picked":"SKIP","floor":31},{"not_picked":["Prepared","Caltrops","Dash"],"picked":"SKIP","floor":31},{"not_picked":["Predator","Riddle With Holes","Skewer"],"picked":"SKIP","floor":31},{"not_picked":["Prepared","Caltrops","Dash"],"picked":"SKIP","floor":31},{"not_picked":["A Thousand Cuts","Doppelganger"],"picked":"Adrenaline","floor":33},{"not_picked":["Slice","Backstab"],"picked":"Blade Dance+1","floor":35},{"not_picked":["Prepared+1","Eviscerate"],"picked":"Blade Dance","floor":35},{"not_picked":["Acrobatics","Caltrops+1"],"picked":"Blade Dance+1","floor":36},{"not_picked":["Outmaneuver","Caltrops","Blade Dance"],"picked":"SKIP","floor":36},{"not_picked":["Blur","Backstab+1"],"picked":"Cloak And Dagger","floor":38},{"not_picked":["Underhanded Strike","Dagger Spray","Outmaneuver"],"picked":"SKIP","floor":38},{"not_picked":["Setup","Sucker Punch","Unload"],"picked":"SKIP","floor":40},{"not_picked":["Infinite Blades","Dagger Throw"],"picked":"Finisher","floor":42},{"not_picked":["Dodge and Roll","Outmaneuver"],"picked":"Backflip","floor":44},{"not_picked":["Setup+1","Quick Slash"],"picked":"Acrobatics+1","floor":46},{"not_picked":["Distraction","PiercingWail"],"picked":"Calculated Gamble","floor":46},{"not_picked":["Dodge and Roll","Crippling Poison"],"picked":"Cloak And Dagger","floor":48},{"not_picked":["Outmaneuver","Sucker Punch","Heel Hook"],"picked":"SKIP","floor":48},{"not_picked":["Deadly Poison","PiercingWail"],"picked":"Wraith Form v2","floor":54}],"player_experience":3036877,"relics_obtained":[{"floor":5,"key":"Kunai"},{"floor":7,"key":"Lantern"},{"floor":9,"key":"Nunchaku"},{"floor":13,"key":"Strawberry"},{"floor":26,"key":"War Paint"},{"floor":28,"key":"Prayer Wheel"},{"floor":40,"key":"Blue Candle"},{"floor":42,"key":"Centennial Puzzle"},{"floor":44,"key":"Pantograph"},{"floor":54,"key":"Letter Opener"}],"event_choices":[{"damage_healed":0,"gold_gain":0,"player_choice":"Box","damage_taken":0,"relics_obtained":["Shuriken"],"max_hp_gain":0,"max_hp_loss":0,"event_name":"Big Fish","floor":3,"gold_loss":0,"cards_obtained":["Regret"]},{"damage_healed":0,"gold_gain":0,"player_choice":"Ignored","damage_taken":0,"max_hp_gain":0,"max_hp_loss":0,"event_name":"Liars Game","floor":4,"gold_loss":0},{"damage_healed":0,"gold_gain":0,"player_choice":"Simplicity","damage_taken":0,"max_hp_gain":0,"max_hp_loss":0,"event_name":"Back to Basics","floor":20,"gold_loss":0,"cards_upgraded":["Strike_G","Strike_G","Strike_G","Strike_G","Defend_G","Defend_G","Defend_G","Defend_G","Defend_G"]},{"cards_removed":["Strike_G"],"damage_healed":0,"gold_gain":0,"player_choice":"Purged","damage_taken":0,"max_hp_gain":0,"max_hp_loss":0,"event_name":"Purifier","floor":30,"gold_loss":0}],"is_beta":false,"boss_relics":[{"not_picked":["SacredBark","Snecko Eye"],"picked":"WristBlade"},{"not_picked":["Cursed Key","Fusion Hammer"],"picked":"Sozu"}],"items_purged_floors":[22,37],"is_endless":false,"potions_floor_spawned":[2,7,14,16,21,28,33,36,46,48],"killed_by":"The Heart","ascension_level":14}}