{"host":"3o6vp6vwg41o825i","time":1608625984,"event":{"mods":["AchievementEnabler","Act Like it!","Aspiration","BaseMod","Better Altar","Better Match","Better Note","Better Sensory Stone","Better Skull","Better Third Choice","BetterRewards","CCEM","Clawfect","Colored Map","Conspire","GifTheSpireLib","Halation","Hallownest","Highlight Path","Hubris","Infinite Spire","Jorbs\u0027s Wanderer Trilogy","Mimic Mod","Minty Spire (QoL Compilation)","Replay The Spire","Shop Mod","StSLib","Stuff the Spire","The Bug Knight","The Cursed","The Jungle","Unceasing Turn Reminder","everything is the same but u backflip on backflip"],"gold_per_floor":[118,118,138,138,150,181,37,37,87,87,100,100,100],"floor_reached":12,"playtime":564,"items_purged":[],"score":77,"play_id":"3ce7ec9b-f18b-4464-b7cb-a7ef7386a0c1","local_time":"20201222093304","is_ascension_mode":false,"campfire_choices":[{"data":"Bash","floor":10,"key":"SMITH"}],"circlet_count":0,"master_deck":["Strike_R","Strike_R","Strike_R","Strike_R","Strike_R","Defend_R","Defend_R","Defend_R","Defend_R","Bash+1","Clothesline","hubris:ReadiedAction","Shrug It Off","Pain"],"relics":["Burning Blood","Meat on the Bone","Spirit Poop","Oddly Smooth Stone","aspiration:HiddenCompartment","halation:Komachan","WarpedTongs","ReplayFunnel"],"acts_visited":["Exordium"],"potions_floor_usage":[11,12,12],"damage_taken":[{"damage":8,"enemies":"Cultist","floor":1,"turns":3},{"damage":10,"enemies":"Small Slimes","floor":3,"turns":4},{"damage":0,"enemies":"conspire:RoseBush","floor":5,"turns":3},{"damage":24,"enemies":"Gremlin Nob","floor":6,"turns":5},{"damage":33,"enemies":"Exordium Thugs","floor":11,"turns":4},{"damage":50,"enemies":"3 Sentries","floor":12,"turns":12}],"seed_played":"6905403409995382887","potions_obtained":[{"floor":1,"key":"PowerPotion"},{"floor":5,"key":"ElixirPotion"},{"floor":11,"key":"ColorlessPotion"}],"is_trial":false,"path_per_floor":["M","?","M","T","M","E","$","?","T","R","M","E"],"character_chosen":"IRONCLAD","items_purchased":["halation:Komachan"],"campfire_rested":0,"item_purchase_floors":[7],"current_hp_per_floor":[78,78,74,74,80,62,62,62,62,62,47,0,0],"gold":100,"neow_bonus":"RANDOM_EVENT","is_daily":false,"chose_seed":false,"campfire_upgraded":1,"win_rate":0.0,"timestamp":1608625984,"path_taken":["M","?","?","?","M","E","$","?","T","R","M","E"],"items_purchased_type":["Relic"],"build_version":"2020-12-13","purchased_purges":0,"victory":false,"max_hp_per_floor":[80,80,80,80,80,80,80,80,80,80,80,80,80],"card_choices":[{"not_picked":["StuffTheSpire:Slingshot","Replay:Undeath\u0027s Touch","Perfected Strike"],"picked":"SKIP","floor":1},{"not_picked":["StuffTheSpire:Slingshot","Replay:Undeath\u0027s Touch","Perfected Strike"],"picked":"SKIP","floor":1},{"not_picked":["Havoc","Body Slam"],"picked":"Clothesline","floor":3},{"not_picked":["Dual Wield","Warcry"],"picked":"hubris:ReadiedAction","floor":5},{"not_picked":["Clash","conspire:ExplosiveBarrier"],"picked":"Shrug It Off","floor":6},{"not_picked":["Sword Boomerang","ReplayTheSpireMod:Limb From Limb","StuffTheSpire:Incineration"],"picked":"SKIP","floor":11}],"player_experience":224892,"relics_obtained":[{"floor":4,"key":"Oddly Smooth Stone"},{"floor":6,"key":"aspiration:HiddenCompartment"},{"floor":9,"key":"ReplayFunnel"}],"event_choices":[{"damage_healed":0,"gold_gain":0,"player_choice":"Box","damage_taken":0,"relics_obtained":["Meat on the Bone"],"max_hp_gain":0,"max_hp_loss":0,"event_name":"Big Fish","floor":0,"gold_loss":0,"cards_obtained":["Regret"]},{"cards_removed":["Regret"],"damage_healed":0,"gold_gain":0,"player_choice":"Offered Curse","damage_taken":0,"relics_obtained":["Spirit Poop"],"max_hp_gain":0,"max_hp_loss":0,"event_name":"Bonfire Elementals","floor":2,"gold_loss":0},{"damage_healed":0,"gold_gain":0,"player_choice":"Rummage","damage_taken":0,"relics_obtained":["WarpedTongs"],"max_hp_gain":0,"max_hp_loss":0,"event_name":"Accursed Blacksmith","floor":8,"gold_loss":0,"cards_obtained":["Pain"]}],"is_beta":false,"boss_relics":[],"items_purged_floors":[],"is_endless":false,"potions_floor_spawned":[1,5,11],"killed_by":"3 Sentries","ascension_level":0}}