{"host":"0hb9w7uizu7y13wj","time":1608656818,"event":{"mods":["Act Like it!","Aspiration","BaseMod","BetterRewards","Colored Map","Conspire","Downfall","Energized Spire","FTL Soundtrack","Friendly Minions","Halation","Hubris","Infinite Spire","Minty Spire (QoL Compilation)","Quick Restart","Replay The Spire","StSLib","Synergy Search","The Factory","The Hierophant","The Jungle","The Poker Player","Trackpad","everything is the same but u backflip on backflip","vexMod"],"gold_per_floor":[109,109,109,126,126,161,179,204,227,227,227,76,111,129,129,129,129],"floor_reached":16,"playtime":238,"items_purged":[],"score":193,"play_id":"851c7415-1cb8-4b45-be9d-ccf959f31386","local_time":"20201222170658","is_ascension_mode":true,"campfire_choices":[{"data":"Mirror Shield","floor":15,"key":"SMITH"}],"circlet_count":0,"master_deck":["Strike_B","Strike_B","Strike_B","Strike_B","Defend_B","Defend_B","Defend_B","Zap+1","Dualcast+1","Cold Snap","Streamline","Ball Lightning","Mirror Shield+1","ReplayTheSpireMod:GoodbyeWorld+1","hubris:PowerSurge","hubris:PowerSurge"],"relics":["Cracked Core","NeowsBlessing","aspiration:HummingbirdHeart","Replay:Mystery Machine","Dream Catcher","halation:NonexistentMirror","MealTicket"],"acts_visited":["Exordium"],"potions_floor_usage":[],"damage_taken":[{"damage":0,"enemies":"2 Louse","floor":1,"turns":1},{"damage":0,"enemies":"Small Slimes","floor":4,"turns":1},{"damage":0,"enemies":"Lagavulin","floor":6,"turns":1},{"damage":0,"enemies":"Jaw Worm","floor":7,"turns":2},{"damage":16,"enemies":"Gremlin Nob","floor":8,"turns":4},{"damage":14,"enemies":"Lagavulin","floor":13,"turns":7},{"damage":0,"enemies":"Looter","floor":14,"turns":3},{"damage":0,"enemies":"Hexaghost","floor":16,"turns":4}],"seed_played":"4007184401320345166","potions_obtained":[{"floor":4,"key":"champ:CounterPotion"},{"floor":7,"key":"SpeedPotion"},{"floor":8,"key":"LifebloodPotion"}],"is_trial":false,"path_per_floor":["M","?","?","M","?","E","M","E","T","?","?","$","E","M","R","B"],"character_chosen":"DEFECT","items_purchased":["halation:NonexistentMirror"],"campfire_rested":0,"item_purchase_floors":[12],"current_hp_per_floor":[68,68,68,68,68,68,68,52,52,52,52,52,38,38,38,38,38],"gold":129,"neow_bonus":"THREE_ENEMY_KILL","is_daily":false,"chose_seed":false,"campfire_upgraded":1,"win_rate":0.0,"timestamp":1608656818,"path_taken":["M","?","?","?","?","E","M","E","T","?","?","$","E","M","R","BOSS"],"items_purchased_type":["Relic"],"build_version":"2020-12-13","purchased_purges":0,"victory":false,"max_hp_per_floor":[75,75,75,75,75,75,75,75,75,75,75,75,75,75,75,75,75],"card_choices":[{"not_picked":["Doom and Gloom","Reinforced Body"],"picked":"Cold Snap","floor":1},{"not_picked":["Leap","conspire:Rain"],"picked":"Streamline","floor":4},{"not_picked":["Conserve Battery","BasicCrystalCard"],"picked":"Ball Lightning","floor":6},{"not_picked":["Barrage","Leap"],"picked":"Mirror Shield","floor":7},{"not_picked":["BasicCrystalCard","Consume","Compile Driver"],"picked":"SKIP","floor":8},{"not_picked":["ReplaySort","Ball Lightning"],"picked":"hubris:PowerSurge","floor":13},{"not_picked":["Undo","Stack","Blizzard"],"picked":"SKIP","floor":14}],"player_experience":900842,"relics_obtained":[{"floor":6,"key":"aspiration:HummingbirdHeart"},{"floor":8,"key":"Replay:Mystery Machine"},{"floor":9,"key":"Dream Catcher"},{"floor":13,"key":"MealTicket"}],"event_choices":[{"damage_healed":0,"gold_gain":0,"player_choice":"Forge","damage_taken":0,"max_hp_gain":0,"max_hp_loss":0,"event_name":"Accursed Blacksmith","floor":11,"gold_loss":0,"cards_upgraded":["Dualcast"]}],"is_beta":false,"boss_relics":[],"items_purged_floors":[],"is_endless":false,"potions_floor_spawned":[4,7,8,13],"killed_by":"Hexaghost","ascension_level":7}}