{"host":"5gc11emcm5chfr5t","time":1608666917,"event":{"mods":["2.2 Compatiblity","AchievementEnabler","BaseMod","Bestiary","Better Note","Colored Map","Colored Powertips","Downfall","Googly Eyes","Minty Spire (QoL Compilation)","Rare Cards Sparkle","StSLib"],"gold_per_floor":[115,115,195,209,209,247,247,288,288,308,308,6,6,29,29,128,128,148,198,198,198],"floor_reached":20,"playtime":652,"items_purged":[],"score":410,"play_id":"0e8f81f6-b30e-4345-8b5b-72030fb9556d","local_time":"20201222145517","is_ascension_mode":true,"campfire_choices":[{"floor":7,"key":"REST"},{"floor":11,"key":"REST"},{"floor":13,"key":"RECALL"},{"data":"expansioncontent:LastStand","floor":15,"key":"SMITH"}],"circlet_count":0,"master_deck":["AscendersBane","sneckomod:Strike","sneckomod:Strike","sneckomod:Strike+1","sneckomod:Defend","sneckomod:Defend","sneckomod:Defend","sneckomod:TailWhip+1","sneckomod:SnekBite","sneckomod:Unknown","sneckomod:Unknown","sneckomod:WideSting","sneckomod:ImprovisedGuard","sneckomod:SnakeSap","sneckomod:ImprovisedGuard","sneckomod:UnknownClassBLUE","Sadistic Nature","expansioncontent:LastStand+1","sneckomod:TrashToTreasure","sneckomod:UnknownColorless","sneckomod:DangerNoodle","sneckomod:Rotation+1"],"relics":["sneckomod:SuperSneckoSoul","NeowsBlessing","Golden Idol","Ornamental Fan","The Courier"],"acts_visited":["Exordium","TheCity"],"potions_floor_usage":[8,8,14,20],"damage_taken":[{"damage":0,"enemies":"Small Slimes","floor":1,"turns":1},{"damage":0,"enemies":"2 Louse","floor":4,"turns":1},{"damage":0,"enemies":"3 Sentries","floor":6,"turns":2},{"damage":21,"enemies":"Lagavulin","floor":8,"turns":8},{"damage":7,"enemies":"Jaw Worm","floor":10,"turns":5},{"damage":5,"enemies":"2 Fungi Beasts","floor":14,"turns":3},{"damage":37,"enemies":"The Guardian","floor":16,"turns":14},{"damage":66,"enemies":"Chosen","floor":18,"turns":8},{"damage":31,"enemies":"Spheric Guardian","floor":20,"turns":7}],"seed_played":"6069686598518726103","potions_obtained":[{"floor":4,"key":"LiquidBronze"},{"floor":6,"key":"GamblersBrew"},{"floor":10,"key":"EssenceOfSteel"},{"floor":14,"key":"DuplicationPotion"},{"floor":16,"key":"Ancient Potion"}],"is_trial":false,"path_per_floor":["M","?","?","M","?","E","R","E","T","M","R","$","R","M","R","B",null,"M","?","M"],"character_chosen":"THE_SNECKO","items_purchased":["Sadistic Nature","expansioncontent:LastStand","sneckomod:TrashToTreasure"],"campfire_rested":2,"item_purchase_floors":[12,12,12],"current_hp_per_floor":[75,75,75,75,52,52,74,60,60,54,76,76,76,72,72,45,77,21,21,0,0],"gold":198,"neow_bonus":"THREE_ENEMY_KILL","is_daily":false,"chose_seed":false,"campfire_upgraded":1,"win_rate":0.0,"timestamp":1608666917,"path_taken":["M","?","?","M","?","E","R","E","T","M","R","$","R","M","R","BOSS","M","?","M"],"items_purchased_type":["Card","Card","Card"],"build_version":"2020-12-13","purchased_purges":0,"victory":false,"max_hp_per_floor":[83,75,75,75,75,75,75,75,75,76,76,76,76,77,77,77,85,85,85,85,85],"card_choices":[{"not_picked":["sneckomod:RainOfDice","sneckomod:IronFang"],"picked":"sneckomod:WideSting","floor":1},{"not_picked":["sneckomod:UnknownStrike","sneckomod:DefensiveFlair"],"picked":"sneckomod:ImprovisedGuard","floor":4},{"not_picked":["sneckomod:Nope","sneckomod:UnknownClassPURPLE"],"picked":"sneckomod:SnakeSap","floor":6},{"not_picked":["sneckomod:DiceBlock","sneckomod:UnknownCommonAttack"],"picked":"sneckomod:ImprovisedGuard","floor":8},{"not_picked":["sneckomod:UnknownClassGREEN","sneckomod:DiceBlock"],"picked":"sneckomod:UnknownClassBLUE","floor":10},{"not_picked":["sneckomod:MixItUp","sneckomod:Nope"],"picked":"sneckomod:UnknownColorless","floor":14},{"not_picked":["sneckomod:SoulExchange","sneckomod:UnlimitedRolls"],"picked":"sneckomod:DangerNoodle","floor":16},{"not_picked":["sneckomod:UnknownCommonAttack","sneckomod:IronFang"],"picked":"sneckomod:Rotation+1","floor":18}],"player_experience":477069,"relics_obtained":[{"floor":6,"key":"Ornamental Fan"},{"floor":8,"key":"The Courier"}],"event_choices":[{"damage_healed":0,"gold_gain":0,"player_choice":"Lose Max HP","damage_taken":0,"relics_obtained":["Golden Idol"],"max_hp_gain":0,"max_hp_loss":8,"event_name":"Golden Idol","floor":2,"gold_loss":0},{"damage_healed":0,"gold_gain":80,"player_choice":"Gained Gold","damage_taken":0,"max_hp_gain":0,"max_hp_loss":0,"event_name":"Golden Wing","floor":3,"gold_loss":0},{"damage_healed":0,"gold_gain":0,"player_choice":"Entered Light","damage_taken":23,"max_hp_gain":0,"max_hp_loss":0,"event_name":"Shining Light","floor":5,"gold_loss":0,"cards_upgraded":["sneckomod:TailWhip","sneckomod:Strike"]},{"damage_healed":0,"gold_gain":50,"player_choice":"Stole From Cult","damage_taken":0,"max_hp_gain":0,"max_hp_loss":0,"event_name":"Nest","floor":19,"gold_loss":0}],"is_beta":false,"boss_relics":[{"not_picked":["Philosopher\u0027s Stone","Black Star"],"picked":"sneckomod:SuperSneckoSoul"}],"items_purged_floors":[],"is_endless":false,"potions_floor_spawned":[4,6,10,14,16,18],"killed_by":"Spheric Guardian","ascension_level":20}}