{"host":"63o2iqaaus9jfjk5","time":1608617305,"event":{"mods":["AchievementEnabler","BaseMod","Bestiary","Better Altar","Better Match","Better Note","Better Sensory Stone","Better Skull","Better Third Choice","Better Vampires","Better-Laid Plans","BetterRewards","Block Reminder","Colored Powertips","Displayed Cursed Tome","GifTheSpireLib","Lobotomy","Minty Spire (QoL Compilation)","RNG Fix","Random Character Button","Red Circlet Mod","Relic Stats","StSLib","Unceasing Turn Reminder"],"gold_per_floor":[115,125,125,125,125,125,125],"floor_reached":6,"playtime":358,"items_purged":[],"score":34,"play_id":"7cd31029-7b1b-4b9a-bb00-3f152cba1f13","local_time":"20201222000825","is_ascension_mode":false,"campfire_choices":[],"circlet_count":0,"master_deck":["Strike_G","Strike_G","Strike_G","Strike_G","Strike_G","Defend_G","Defend_G","Defend_G","Defend_G","Defend_G","Survivor","Neutralize","Dash","Reflex","Madness"],"relics":["Ring of the Snake","Bronze Scales","Matryoshka","Golden Idol"],"acts_visited":["Exordium"],"potions_floor_usage":[],"damage_taken":[{"damage":5,"enemies":"Jaw Worm","floor":1,"turns":6},{"damage":12,"enemies":"Cultist","floor":2,"turns":5},{"damage":0,"enemies":"3 Sentries","floor":6,"turns":2}],"seed_played":"3453974913546145669","potions_obtained":[],"is_trial":false,"path_per_floor":["M","M","?","?","?","E"],"character_chosen":"THE_SILENT","items_purchased":["Bronze Scales","Matryoshka"],"campfire_rested":0,"item_purchase_floors":[0,0],"current_hp_per_floor":[65,53,53,53,53,53,53],"gold":125,"neow_bonus":"","is_daily":false,"chose_seed":false,"campfire_upgraded":0,"win_rate":0.0,"timestamp":1608617305,"path_taken":["M","M","?","?","?","E"],"items_purchased_type":["Relic","Relic"],"build_version":"2020-12-13","purchased_purges":0,"victory":false,"max_hp_per_floor":[70,70,70,70,70,70,70],"relic_stats":{"counters":[3,13],"Golden Idol":0,"Bronze Scales":[21],"obtain_stats":[{"Matryoshka":0,"Golden Idol":4,"Bronze Scales":0,"Ring of the Snake":0},{"Matryoshka":0,"Golden Idol":2,"Bronze Scales":0,"Ring of the Snake":0},{"Matryoshka":0,"Golden Idol":11,"Bronze Scales":0,"Ring of the Snake":0}],"Ring of the Snake":[6]},"card_choices":[{"not_picked":["Slice","Flying Knee"],"picked":"Dash","floor":1},{"not_picked":["Catalyst","Endless Agony"],"picked":"Reflex","floor":2},{"not_picked":["Secret Weapon","Jack Of All Trades"],"picked":"Madness","floor":3}],"player_experience":95522,"relics_obtained":[],"event_choices":[{"damage_healed":0,"gold_gain":1,"player_choice":"1","damage_taken":0,"max_hp_gain":0,"max_hp_loss":0,"event_name":"betterStone:BetterStone","floor":3,"gold_loss":0},{"damage_healed":0,"gold_gain":0,"player_choice":"Take Wound","damage_taken":0,"relics_obtained":["Golden Idol"],"max_hp_gain":0,"max_hp_loss":0,"event_name":"Golden Idol","floor":4,"gold_loss":0,"cards_obtained":["Injury"]},{"cards_removed":["Injury"],"damage_healed":0,"gold_gain":0,"player_choice":"Forget","damage_taken":0,"max_hp_gain":0,"max_hp_loss":0,"event_name":"Living Wall","floor":5,"gold_loss":0}],"is_beta":false,"boss_relics":[],"items_purged_floors":[],"is_endless":false,"potions_floor_spawned":[],"killed_by":"3 Sentries","ascension_level":0}}