{"host":"4lebci84u2l5u89t","time":1608635748,"event":{"mods":["AchievementEnabler","Aspiration","Bard","BaseMod","Beaked The Cultist","Better Altar","Better Match","Better Note","Better Sensory Stone","Better Skull","Better Third Choice","BetterRewards","CCEM","Colored Map","Conspire","GifTheSpireLib","Googly Eyes","Halation","Hermit","Highlight Path","Hubris","Jedi Mod","Jorbs\u0027s Wanderer Trilogy","Lobotomy","LobotomyExtend","Mad Scientist","Marisa????????","Mimic Mod","Minty Spire (QoL Compilation)","Permanent Neow","Replay The Spire","Shade Mod","Spicy Shops","StSLib","Stuff the Spire","The Administrix","The Mystic","Unceasing Turn Reminder"],"gold_per_floor":[112,122,122,0,16,43,43,78,78,106,138,175,9,39,39,156,156,160,160],"floor_reached":18,"playtime":1586,"items_purged":[],"score":265,"play_id":"63a373e2-3d05-4582-bd8e-fc8da95e2815","local_time":"20201222121548","is_ascension_mode":false,"campfire_choices":[{"data":"AdministrixMod:FuneraryRites","floor":7,"key":"SMITH"},{"data":"AdministrixMod:PassageOfAges","floor":15,"key":"SMITH"}],"circlet_count":0,"master_deck":["QueenOfHatred","Apo_SoulSlash","Apo_Charge","Apo_Charge","Apo_Charge","Apo_Charge","Apo_Beam","Apo_Beam","Apo_Beam","Apo_Execute","Apo_Slash","Apo_Slash","Apo_SoulSlash","OldLady","AdministrixMod:PassageOfAges+1","Funeral","AdministrixMod:ImmortalPurity","QueenBee","AdministrixMod:TouchOfCinnabar","AdministrixMod:GuanyinBlessing+1","AdministrixMod:FuneraryRites","SilentOrchestra"],"relics":["AdministrixMod:ConductorRitualBaton","CogitoBucket","LetterFromLob","halation:PinkSoulGem","CaptainsWheel","aspiration:Lifesprig","ApostleMask","Replay:Bandana","Theresia","Iron Hammer","Replay:Multitool","InTheNameOfLoveAndHate_r","conspire:RoyalGoblet","Heaven_r"],"acts_visited":["Exordium","TheCity"],"potions_floor_usage":[16],"damage_taken":[{"damage":2,"enemies":"Jaw Worm","floor":1,"turns":3},{"damage":0,"enemies":"Small Slimes","floor":2,"turns":2},{"damage":0,"enemies":"Cultist","floor":5,"turns":3},{"damage":6,"enemies":"Gremlin Nob","floor":6,"turns":4},{"damage":20,"enemies":"3 Sentries","floor":8,"turns":6},{"damage":0,"enemies":"Gremlin Nob","floor":10,"turns":1},{"damage":17,"enemies":"Blue Slaver","floor":11,"turns":3},{"damage":18,"enemies":"Lagavulin","floor":12,"turns":3},{"damage":16,"enemies":"Large Slime","floor":14,"turns":3},{"damage":33,"enemies":"Hexaghost","floor":16,"turns":5},{"damage":0,"enemies":"3 Byrds","floor":18,"turns":1}],"seed_played":"4326613266514694919","potions_obtained":[{"floor":6,"key":"SteroidPotion"},{"floor":10,"key":"SpeedPotion"},{"floor":11,"key":"conspire:TimeTravelPotion"}],"is_trial":false,"path_per_floor":["M","M","?","?","M","E","R","E","MIM","E","M","E","$","M","R","B",null,"M"],"character_chosen":"TheAdministrix","items_purchased":["Replay:Multitool","AdministrixMod:GuanyinBlessing+1"],"campfire_rested":0,"item_purchase_floors":[13,13],"current_hp_per_floor":[63,65,65,71,71,65,65,50,53,53,36,18,18,71,71,38,38,0,0],"gold":160,"neow_bonus":"","is_daily":false,"chose_seed":false,"campfire_upgraded":2,"win_rate":0.0,"timestamp":1608635748,"path_taken":["M","M","?","?","M","E","R","E","MIM","E","M","E","?","M","R","BOSS","M"],"items_purchased_type":["Relic","Card"],"build_version":"2020-12-13","purchased_purges":0,"victory":false,"max_hp_per_floor":[65,65,65,71,71,71,71,71,71,71,71,71,71,71,71,71,71,71,71],"card_choices":[{"not_picked":["OldLady","MHz"],"picked":"QueenOfHatred","floor":1},{"not_picked":["AdministrixMod:HiddenPower","AdministrixMod:RebukeDesires"],"picked":"AdministrixMod:ChooseYourEnd","floor":1},{"not_picked":["OSAHOGD","VoidDream"],"picked":"PlagueDoctor","floor":2},{"not_picked":["AdministrixMod:ExtolVirtue","AdministrixMod:Overdrive"],"picked":"AdministrixMod:FuneraryRites","floor":2},{"not_picked":["UniverseFragment","LongBird"],"picked":"BigBadWolf","floor":5},{"not_picked":["AdministrixMod:QuietConspiracy","AdministrixMod:BloodBargain"],"picked":"AdministrixMod:BegetEternity","floor":5},{"not_picked":["PunishingBird","WallGazer"],"picked":"MeatLantern","floor":6},{"not_picked":["AdministrixMod:TouchOfCinnabar","AdministrixMod:FeastOfDew"],"picked":"AdministrixMod:HarmonicReverence","floor":6},{"not_picked":["CrumblingArmor","VoidDream","CherryBlossoms"],"picked":"Singing Bowl","floor":8},{"not_picked":["Murderer","LaLuna"],"picked":"BlueStar","floor":8},{"not_picked":["AdministrixMod:DiversionaryTactic","AdministrixMod:Wuji","AdministrixMod:ChooseYourEnd"],"picked":"SKIP","floor":8},{"not_picked":["FairyFestival","Murderer"],"picked":"OldLady","floor":10},{"not_picked":["AdministrixMod:NewbornDivinity","AdministrixMod:BishamonBlessing"],"picked":"AdministrixMod:PassageOfAges","floor":10},{"not_picked":["BeautyBeast","SpiderBud"],"picked":"Funeral","floor":11},{"not_picked":["AdministrixMod:TrickOfTheLight","AdministrixMod:SeventeenArticleLaser"],"picked":"AdministrixMod:ImmortalPurity","floor":11},{"not_picked":["MHz","SpiderBud"],"picked":"QueenBee","floor":12},{"not_picked":["AdministrixMod:BloodlessSapphire","AdministrixMod:LifeforceNet"],"picked":"AdministrixMod:TouchOfCinnabar","floor":12},{"not_picked":["AdministrixMod:BegetEternity","AdministrixMod:RebukeDesires"],"picked":"AdministrixMod:FuneraryRites","floor":14},{"not_picked":["Variant","Alriune"],"picked":"SilentOrchestra","floor":16}],"player_experience":226831,"relics_obtained":[{"floor":1,"key":"LetterFromLob"},{"floor":6,"key":"CaptainsWheel"},{"floor":8,"key":"aspiration:Lifesprig"},{"floor":10,"key":"Replay:Bandana"},{"floor":12,"key":"Iron Hammer"}],"event_choices":[{"damage_healed":0,"gold_gain":0,"player_choice":"RENOUNCE","damage_taken":122,"max_hp_gain":0,"max_hp_loss":0,"event_name":"betterThird:BetterSerpent","floor":4,"gold_loss":122,"cards_obtained":["Enlightenment"]}],"is_beta":false,"boss_relics":[{"not_picked":["aspiration:IroncladSkillbook","hubris:RunicObelisk"],"picked":"conspire:RoyalGoblet"}],"items_purged_floors":[],"is_endless":false,"potions_floor_spawned":[6,10,11,12,18],"killed_by":"3 Byrds","ascension_level":0}}