{"host":"j49z5jz0n7e8vjox","time":1608660066,"event":{"mods":["AchievementEnabler","BaseMod","Bestiary","Colored Map","Colored Powertips","DeckTracker","Minty Spire (QoL Compilation)","UnlockEverythingMod"],"gold_per_floor":[117,192,26,44,44,44,44,75,75,111,111,146,170,170,170],"floor_reached":14,"playtime":1011,"items_purged":[],"score":212,"play_id":"60352537-28c9-46ca-af5c-42482c990600","local_time":"20201222120106","is_ascension_mode":true,"campfire_choices":[{"data":"Sunder","floor":6,"key":"SMITH"},{"floor":11,"key":"REST"}],"circlet_count":0,"master_deck":["AscendersBane","Strike_B","Strike_B","Strike_B","Strike_B","Defend_B","Defend_B","Defend_B","Defend_B","Zap","Dualcast","Cold Snap","Sunder+1","Parasite","Defragment","Writhe","Auto Shields+1","Hologram+1","Ball Lightning"],"relics":["Cursed Key","Centennial Puzzle","Golden Idol","Toxic Egg 2","Gremlin Horn","Gambling Chip","StrikeDummy"],"acts_visited":["Exordium"],"potions_floor_usage":[10,14],"damage_taken":[{"damage":3,"enemies":"Small Slimes","floor":1,"turns":3},{"damage":2,"enemies":"2 Louse","floor":4,"turns":2},{"damage":13,"enemies":"Lagavulin","floor":8,"turns":5},{"damage":18,"enemies":"3 Sentries","floor":10,"turns":6},{"damage":36,"enemies":"Gremlin Nob","floor":12,"turns":5},{"damage":0,"enemies":"Cultist","floor":13,"turns":3},{"damage":3,"enemies":"3 Sentries","floor":14,"turns":4}],"seed_played":"-3565767826363729263","potions_obtained":[{"floor":8,"key":"AttackPotion"},{"floor":12,"key":"EssenceOfSteel"}],"is_trial":false,"path_per_floor":["M","?","$","M","?","R","?","E","T","E","R","E","M","E"],"character_chosen":"DEFECT","items_purchased":["Centennial Puzzle"],"campfire_rested":1,"item_purchase_floors":[3],"current_hp_per_floor":[61,50,50,48,48,48,48,35,35,17,38,2,2,0,0],"gold":170,"neow_bonus":"BOSS_RELIC","is_daily":false,"chose_seed":false,"campfire_upgraded":1,"win_rate":0.0,"timestamp":1608660066,"path_taken":["M","?","$","M","?","R","?","E","T","E","R","E","M","E"],"items_purchased_type":["Relic"],"build_version":"2020-12-13","purchased_purges":0,"victory":false,"max_hp_per_floor":[71,71,71,71,71,71,71,71,71,71,71,71,71,71,71],"card_choices":[{"not_picked":["Auto Shields","Conserve Battery"],"picked":"Cold Snap","floor":1},{"not_picked":["Stack","Barrage"],"picked":"Sunder","floor":4},{"not_picked":["Coolheaded+1","Tempest+1"],"picked":"Defragment","floor":8},{"not_picked":["Ball Lightning","Redo+1"],"picked":"Auto Shields+1","floor":10},{"not_picked":["Rebound","Rainbow+1"],"picked":"Hologram+1","floor":12},{"not_picked":["Compile Driver","Turbo+1"],"picked":"Ball Lightning","floor":13}],"player_experience":729055,"relics_obtained":[{"floor":8,"key":"Toxic Egg 2"},{"floor":9,"key":"Gremlin Horn"},{"floor":10,"key":"Gambling Chip"},{"floor":12,"key":"StrikeDummy"}],"event_choices":[{"damage_healed":0,"gold_gain":75,"player_choice":"Gather Gold","damage_taken":11,"max_hp_gain":0,"max_hp_loss":0,"event_name":"World of Goop","floor":2,"gold_loss":0},{"damage_healed":0,"gold_gain":0,"player_choice":"Take Wound","damage_taken":0,"relics_obtained":["Golden Idol"],"max_hp_gain":0,"max_hp_loss":0,"event_name":"Golden Idol","floor":5,"gold_loss":0,"cards_obtained":["Injury"]},{"damage_healed":0,"gold_gain":0,"cards_transformed":["Injury"],"player_choice":"Transformed","damage_taken":0,"max_hp_gain":0,"max_hp_loss":0,"event_name":"Transmorgrifier","floor":7,"gold_loss":0,"cards_obtained":["Parasite"]}],"is_beta":false,"boss_relics":[],"items_purged_floors":[],"is_endless":false,"potions_floor_spawned":[8,12],"killed_by":"3 Sentries","ascension_level":20}}