{"host":"f6tqpspb2ou2a4h5","time":1608638685,"event":{"mods":["2.2 Compatiblity","Ascension Unlocker","BaseMod","Colored Map","DeckTracker","Hermit","Highlight Path","KOR Keyword Fix","Keyboard Shortcuts","Minty Spire (QoL Compilation)","Permanent Neow","Quick Restart","Random Character Button","StSLib","SuperFastMode","The Poker Player","everything is the same but u backflip on backflip"],"gold_per_floor":[115,16,16,31,44,79,79,79,102,102,121,136,156,190,190,190,190],"floor_reached":16,"playtime":587,"items_purged":[],"score":224,"play_id":"ad379472-1d18-4dff-bcae-b102c299a709","local_time":"20201222210445","is_ascension_mode":true,"campfire_choices":[{"floor":8.0,"key":"REST"},{"data":"Cloak And Dagger","floor":10.0,"key":"SMITH"},{"floor":15.0,"key":"REST"}],"circlet_count":0,"master_deck":["AscendersBane","Strike_G","Strike_G","Strike_G","Strike_G","Defend_G","Defend_G","Defend_G","Defend_G","Defend_G","Survivor","Neutralize","Slice","Finisher","Backflip","Eviscerate","Masterful Stab","Cloak And Dagger+1","Escape Plan","PiercingWail"],"relics":["WristBlade","Strawberry","Smiling Mask","Omamori"],"acts_visited":["Exordium"],"potions_floor_usage":[16,16],"damage_taken":[{"damage":3.0,"enemies":"2 Louse","floor":1.0,"turns":3.0},{"damage":2.0,"enemies":"Jaw Worm","floor":4.0,"turns":4.0},{"damage":7.0,"enemies":"Small Slimes","floor":5.0,"turns":3.0},{"damage":31.0,"enemies":"Gremlin Nob","floor":6.0,"turns":4.0},{"damage":0.0,"enemies":"2 Fungi Beasts","floor":11.0,"turns":2.0},{"damage":0.0,"enemies":"Looter","floor":12.0,"turns":2.0},{"damage":1.0,"enemies":"Lots of Slimes","floor":13.0,"turns":4.0},{"damage":5.0,"enemies":"3 Sentries","floor":14.0,"turns":6.0},{"damage":70,"enemies":"Slime Boss","floor":16,"turns":12}],"seed_played":"-979320933632444091","potions_obtained":[{"floor":4.0,"key":"SteroidPotion"},{"floor":11.0,"key":"EssenceOfSteel"},{"floor":12.0,"key":"Weak Potion"}],"is_trial":false,"path_per_floor":["M","$","?","M","M","E","?","R","T","R","M","M","M","E","R","B"],"character_chosen":"THE_SILENT","items_purchased":["Finisher","Backflip"],"campfire_rested":2,"item_purchase_floors":[2,2],"current_hp_per_floor":[56,56,56,54,47,23,23,44,44,44,44,44,43,38,59,0,0],"gold":190,"neow_bonus":"BOSS_RELIC","is_daily":false,"chose_seed":false,"campfire_upgraded":1,"win_rate":0.0,"timestamp":1608638685,"path_taken":["M","$","?","M","M","E","?","R","T","R","M","M","?","E","R","BOSS"],"items_purchased_type":["Card","Card"],"build_version":"2020-12-13","purchased_purges":0,"victory":false,"max_hp_per_floor":[66,66,66,66,66,73,73,73,73,73,73,73,73,73,73,73,73],"card_choices":[{"not_picked":["Sucker Punch","Quick Slash"],"picked":"Slice","floor":1.0},{"not_picked":["All Out Attack","PiercingWail"],"picked":"Masterful Stab","floor":4.0},{"not_picked":["Dash","Deflect"],"picked":"Cloak And Dagger","floor":5.0},{"not_picked":["Corpse Explosion","Deadly Poison","Sucker Punch"],"picked":"SKIP","floor":6.0},{"not_picked":["All Out Attack","Accuracy"],"picked":"Escape Plan","floor":11.0},{"not_picked":["Outmaneuver","Crippling Poison","Prepared"],"picked":"SKIP","floor":12.0},{"not_picked":["Backflip","Quick Slash"],"picked":"PiercingWail","floor":13.0},{"not_picked":["Poisoned Stab","Skewer","Eviscerate"],"picked":"SKIP","floor":14.0}],"player_experience":35215,"relics_obtained":[{"floor":6.0,"key":"Strawberry"},{"floor":9.0,"key":"Smiling Mask"},{"floor":14.0,"key":"Omamori"}],"event_choices":[{"damage_healed":0.0,"max_hp_gain":0.0,"max_hp_loss":0.0,"gold_gain":0.0,"cards_transformed":["Strike_G"],"event_name":"Living Wall","player_choice":"Change","floor":3.0,"gold_loss":0.0,"damage_taken":0.0,"cards_obtained":["Eviscerate"]},{"damage_healed":0.0,"max_hp_gain":0.0,"max_hp_loss":0.0,"gold_gain":0.0,"event_name":"Liars Game","player_choice":"Ignored","floor":7.0,"gold_loss":0.0,"damage_taken":0.0}],"is_beta":false,"boss_relics":[],"items_purged_floors":[],"is_endless":false,"potions_floor_spawned":[4,11,12,13],"killed_by":"Slime Boss","ascension_level":20}}