{"host":"30jsp143e4v19aze","time":1608668217,"event":{"mods":["BaseMod","Colored Map","Colored Powertips","Curses Come First","DeckTracker","Highlight Path","Minty Spire (QoL Compilation)","Quick Restart","Relic Stats","StSLib"],"gold_per_floor":[115,115,115,32,56,89,89,89,89],"floor_reached":8,"playtime":181,"items_purged":[],"score":154,"play_id":"5dc0ef2f-abc1-4b6c-b01e-30a9d8f394c7","local_time":"20201222211657","is_ascension_mode":true,"campfire_choices":[{"data":"Endless Agony","floor":7,"key":"SMITH"}],"circlet_count":0,"master_deck":["AscendersBane","Strike_G","Strike_G","Strike_G","Strike_G","Strike_G","Defend_G","Defend_G","Defend_G","Defend_G","Defend_G","Survivor","Neutralize","Endless Agony+1","Footwork","Flying Knee"],"relics":["Ring of the Snake","NeowsBlessing","Golden Idol","Happy Flower"],"acts_visited":["Exordium"],"potions_floor_usage":[],"damage_taken":[{"damage":0,"enemies":"Jaw Worm","floor":1,"turns":1},{"damage":0,"enemies":"2 Louse","floor":5,"turns":1},{"damage":0,"enemies":"Gremlin Nob","floor":6,"turns":1},{"damage":60,"enemies":"Lagavulin","floor":8,"turns":9}],"seed_played":"-6245337499062908433","potions_obtained":[{"floor":1,"key":"DuplicationPotion"}],"is_trial":false,"path_per_floor":["M","?","?","$","M","E","R","E"],"character_chosen":"THE_SILENT","items_purchased":["Footwork"],"campfire_rested":0,"item_purchase_floors":[4],"current_hp_per_floor":[59,64,64,64,64,64,64,4,4],"gold":89,"neow_bonus":"THREE_ENEMY_KILL","is_daily":false,"chose_seed":false,"campfire_upgraded":1,"win_rate":0.0,"timestamp":1608668217,"path_taken":["M","?","?","?","M","E","R","E"],"items_purchased_type":["Card"],"build_version":"2020-12-13","purchased_purges":0,"victory":false,"max_hp_per_floor":[66,71,64,64,64,64,64,64,64],"relic_stats":{"Happy Flower":[3],"counters":[4,12],"Golden Idol":12,"obtain_stats":[{"NeowsBlessing":0,"Happy Flower":6,"Golden Idol":3,"Ring of the Snake":0},{"NeowsBlessing":0,"Happy Flower":3,"Golden Idol":1,"Ring of the Snake":0},{"NeowsBlessing":0,"Happy Flower":3,"Golden Idol":1,"Ring of the Snake":0}],"Ring of the Snake":[8]},"card_choices":[{"not_picked":["Dagger Throw","Flying Knee"],"picked":"Endless Agony","floor":1},{"not_picked":["Reflex","Heel Hook","Prepared"],"picked":"SKIP","floor":5},{"not_picked":["Deadly Poison","Riddle With Holes"],"picked":"Flying Knee","floor":6}],"player_experience":3064217,"relics_obtained":[{"floor":6,"key":"Happy Flower"}],"event_choices":[{"damage_healed":0,"gold_gain":0,"player_choice":"Donut","damage_taken":0,"max_hp_gain":5,"max_hp_loss":0,"event_name":"Big Fish","floor":2,"gold_loss":0},{"damage_healed":0,"gold_gain":0,"player_choice":"Lose Max HP","damage_taken":0,"relics_obtained":["Golden Idol"],"max_hp_gain":0,"max_hp_loss":7,"event_name":"Golden Idol","floor":3,"gold_loss":0}],"is_beta":false,"boss_relics":[],"items_purged_floors":[],"is_endless":false,"potions_floor_spawned":[1],"killed_by":"Lagavulin","ascension_level":19}}