{"host":"hgppx942rrnelsya","time":1608601228,"event":{"mods":["Act Like it!","BaseMod","Friendly Minions","Gensokyo","GifTheSpireLib","Hallownest","KinomotoSakuraMod(????)","Koishi","Marisa????????","Minty Spire (QoL Compilation)","Prisma Mod","Remilia??????","StSLib","The Alterego","The Animator","The Forsaken","The Hierophant","The Mystic","The Runesmith","The Servant 0.9.4"],"gold_per_floor":[111,129,51,51,51,79,97,116,141,153,185,197,229,258,270,380,392,421,433,459,471,733,745,774,806,841,853,865,865],"floor_reached":28,"playtime":985,"items_purged":[],"score":247,"play_id":"f33a9167-e820-4683-bfae-cd601062ff67","local_time":"20201222014028","is_ascension_mode":false,"campfire_choices":[{"data":"PrismaMod:MiyuUberAOEAttack","floor":12,"key":"SMITH"},{"floor":15,"key":"REST"},{"data":"PrismaMod:MiyuUberAOEAttack","floor":23,"key":"SMITH"}],"circlet_count":0,"master_deck":["PrismaMod:MiyuCommonDefend","PrismaMod:MiyuCommonDefend","PrismaMod:MiyuCommonDefend","PrismaMod:MiyuCommonDefend","PrismaMod:MiyuCommonAttack","PrismaMod:MiyuCommonAttack","PrismaMod:MiyuCommonAttack","PrismaMod:MiyuCommonAttack","PrismaMod:MiyuCommonAttack","PrismaMod:MiyuCheapChannelAttack","PrismaMod:MiyuCheapChannelDefend","PrismaMod:MiyuUberAOEAttack+1","PrismaMod:MiyuCheapChannelVul","PrismaMod:MiyuUncommonAOEAttack","PrismaMod:MiyuUberAOEAttack+1","PrismaMod:MiyuEvokeCheapAttack","PrismaMod:MiyuCheapStrBuff","PrismaMod:MiyuCarnivalAttack","PrismaMod:MiyuCheapChannelAttack","PrismaMod:MiyuDefendChannelDefend","PrismaMod:MiyuOrbIncreasePerm+1","PrismaMod:MiyuCheapDexBuff","PrismaMod:MiyuEvokeCheapAttack","PrismaMod:MiyuCheapChannelHeal"],"relics":["PrismaMod:PrismaSapphire","NeowsBlessing","Anchor","MawBank","SacredBark","Matryoshka","Toy Ornithopter"],"acts_visited":["Exordium","Gensokyo:Gensokyoer"],"potions_floor_usage":[16,16,20,25,28,28],"damage_taken":[{"damage":0,"enemies":"Small Slimes","floor":1,"turns":1},{"damage":0,"enemies":"Jaw Worm","floor":2,"turns":1},{"damage":0,"enemies":"3 Sentries","floor":6,"turns":1},{"damage":4,"enemies":"Cultist","floor":7,"turns":3},{"damage":7,"enemies":"Exordium Thugs","floor":8,"turns":4},{"damage":6,"enemies":"Red Slaver","floor":11,"turns":3},{"damage":0,"enemies":"3 Louse","floor":13,"turns":1},{"damage":25,"enemies":"Exordium Thugs","floor":14,"turns":4},{"damage":32,"enemies":"The Guardian","floor":16,"turns":8},{"damage":48,"enemies":"Gensokyo:3_Dogs","floor":18,"turns":4},{"damage":11,"enemies":"Gensokyo:CosmicMonolith","floor":20,"turns":6},{"damage":19,"enemies":"Gensokyo:Slime_Group","floor":24,"turns":5},{"damage":31,"enemies":"Gensokyo:Monolith_and_Dog","floor":25,"turns":6},{"damage":21,"enemies":"Gensokyo:3_Gloops","floor":28,"turns":3}],"seed_played":"3376898141021059796","potions_obtained":[{"floor":1,"key":"PowerPotion"},{"floor":7,"key":"ColorlessPotion"},{"floor":16,"key":"Weak Potion"},{"floor":24,"key":"FearPotion"},{"floor":25,"key":"SkillPotion"}],"is_trial":false,"path_per_floor":["M","M","$","?","?","E","M","M","T","$","M","R","M","M","R","B",null,"M","?","M","T","?","R","M","M","T","?","M"],"character_chosen":"MIYU","items_purchased":["Regen Potion"],"campfire_rested":1,"item_purchase_floors":[3],"current_hp_per_floor":[75,75,75,75,75,75,71,64,64,64,58,58,58,33,55,23,75,27,27,56,56,56,56,37,6,6,6,0,0],"gold":865,"neow_bonus":"THREE_ENEMY_KILL","is_daily":false,"chose_seed":false,"campfire_upgraded":2,"win_rate":0.0,"timestamp":1608601228,"path_taken":["M","M","$","?","?","E","?","M","T","?","M","R","M","?","R","BOSS","M","?","M","?","?","R","M","M","T","?","M"],"items_purchased_type":["Potion"],"build_version":"2020-12-13","purchased_purges":0,"victory":false,"max_hp_per_floor":[75,75,75,75,75,75,75,75,75,75,75,75,75,75,75,75,75,75,75,75,75,71,71,71,71,71,71,71,71],"card_choices":[{"not_picked":["PrismaMod:MiyuOrbIncreasePerm","PrismaMod:MiyuDevil"],"picked":"PrismaMod:MiyuUberAOEAttack","floor":1},{"not_picked":["PrismaMod:MiyuCheapChannelAttack","PrismaMod:MiyuUncommonAttack"],"picked":"PrismaMod:MiyuCheapChannelVul","floor":2},{"not_picked":["PrismaMod:MiyuCheapDefend1","PrismaMod:MiyuEvokeCheapDefend"],"picked":"PrismaMod:MiyuUncommonAOEAttack","floor":6},{"not_picked":["PrismaMod:MiyuCheapStrBuff","PrismaMod:MiyuCheapEvoke"],"picked":"PrismaMod:MiyuUberAOEAttack","floor":7},{"not_picked":["PrismaMod:MiyuCheapDefend1","PrismaMod:MiyuCarnivalAttack"],"picked":"PrismaMod:MiyuEvokeCheapAttack","floor":8},{"not_picked":["PrismaMod:MiyuCheapDexBuff","PrismaMod:MiyuMaid"],"picked":"PrismaMod:MiyuCheapStrBuff","floor":11},{"not_picked":["PrismaMod:MiyuCheapChannelVul","PrismaMod:MiyuCheapChannelAttack"],"picked":"PrismaMod:MiyuCarnivalAttack","floor":13},{"not_picked":["PrismaMod:MiyuMaid","PrismaMod:MiyuEvokeAll"],"picked":"PrismaMod:MiyuCheapChannelAttack","floor":14},{"not_picked":["PrismaMod:MiyuUberDefend","PrismaMod:MiyuBride"],"picked":"PrismaMod:MiyuDefendChannelDefend","floor":16},{"not_picked":["PrismaMod:MiyuCommonAOEAttack","PrismaMod:MiyuCheapChannelRandom"],"picked":"PrismaMod:MiyuOrbIncreasePerm+1","floor":18},{"not_picked":["PrismaMod:MiyuEvokeAll","PrismaMod:MiyuEvokeBuffStr"],"picked":"PrismaMod:MiyuCheapDexBuff","floor":20},{"not_picked":["PrismaMod:MiyuEvokeBuffStr","PrismaMod:MiyuChristmas"],"picked":"PrismaMod:MiyuEvokeCheapAttack","floor":24},{"not_picked":["PrismaMod:MiyuAttackChannelVul","PrismaMod:MiyuUberAOEAttack"],"picked":"PrismaMod:MiyuCheapChannelHeal","floor":25}],"player_experience":31019,"relics_obtained":[{"floor":6,"key":"Anchor"},{"floor":9,"key":"MawBank"},{"floor":21,"key":"Matryoshka"},{"floor":26,"key":"Toy Ornithopter"}],"event_choices":[{"damage_healed":0,"gold_gain":0,"player_choice":"Ignored","damage_taken":0,"max_hp_gain":0,"max_hp_loss":0,"event_name":"Golden Wing","floor":4,"gold_loss":0},{"cards_removed":["PrismaMod:MiyuCommonDefend"],"damage_healed":0,"gold_gain":0,"player_choice":"Purged","damage_taken":0,"max_hp_gain":0,"max_hp_loss":0,"event_name":"Purifier","floor":5,"gold_loss":0}],"is_beta":false,"boss_relics":[{"not_picked":["Fusion Hammer","Empty Cage"],"picked":"SacredBark"}],"items_purged_floors":[],"is_endless":false,"potions_floor_spawned":[1,7,8,16,24,25],"killed_by":"Gensokyo:3_Gloops","ascension_level":0}}