{"host":"5gc11emcm5chfr5t","time":1608665540,"event":{"mods":["2.2 Compatiblity","AchievementEnabler","BaseMod","Bestiary","Better Note","Colored Map","Colored Powertips","Downfall","Googly Eyes","Minty Spire (QoL Compilation)","Rare Cards Sparkle","StSLib"],"gold_per_floor":[109,89,109,109,126,126,155,1,69,69,69,81,101,114,114,191,191,191,191,191,191,191],"floor_reached":21,"playtime":947,"items_purged":[],"score":362,"play_id":"067e9153-66f1-42d4-863e-e4ae9a340c69","local_time":"20201222143220","is_ascension_mode":true,"campfire_choices":[{"floor":6,"key":"RECALL"},{"floor":10,"key":"REST"},{"floor":15,"key":"REST"}],"circlet_count":0,"master_deck":["AscendersBane","sneckomod:Strike","sneckomod:Strike","sneckomod:Strike","sneckomod:Defend","sneckomod:Defend","sneckomod:Defend","sneckomod:TailWhip","sneckomod:SnekBite","sneckomod:Unknown","sneckomod:Unknown","sneckomod:ImprovisedAttack","sneckomod:QuickMove","sneckomod:SoulRoll","sneckomod:TrashToTreasure","sneckomod:Unknown3Cost","Decay","sneckomod:UnknownCommonSkill","sneckomod:MorePower","sneckomod:ImprovisedGuard","sneckomod:UnknownUncommonAttack+1","sneckomod:UnknownRareAttack","sneckomod:UnknownStrength+1","sneckomod:SerpentIdol","sneckomod:Unknown2Cost"],"relics":["Fusion Hammer","Toy Ornithopter","Ectoplasm","CultistMask"],"acts_visited":["Exordium","TheCity"],"potions_floor_usage":[3,3,13,16,20],"damage_taken":[{"damage":3,"enemies":"Cultist","floor":1,"turns":3},{"damage":2,"enemies":"2 Louse","floor":3,"turns":2},{"damage":1,"enemies":"Jaw Worm","floor":5,"turns":2},{"damage":46,"enemies":"Gremlin Nob","floor":7,"turns":5},{"damage":18,"enemies":"Red Slaver","floor":12,"turns":5},{"damage":16,"enemies":"Gremlin Gang","floor":13,"turns":5},{"damage":6,"enemies":"Looter","floor":14,"turns":3},{"damage":44,"enemies":"The Guardian","floor":16,"turns":14},{"damage":50,"enemies":"Shell Parasite","floor":18,"turns":5},{"damage":2,"enemies":"Spheric Guardian","floor":20,"turns":3},{"damage":34,"enemies":"Centurion and Healer","floor":21,"turns":5}],"seed_played":"3939591208621215920","potions_obtained":[{"floor":1,"key":"PowerPotion"},{"floor":2,"key":"sneckomod:DiceRollPotion"},{"floor":7,"key":"Regen Potion"},{"floor":13,"key":"Strength Potion"},{"floor":16,"key":"Guardian:BlockOnCardUsePotion"}],"is_trial":false,"path_per_floor":["M","?","M","$","M","R","E","$","T","R","?","M","M","M","R","B",null,"M","?","M","M"],"character_chosen":"THE_SNECKO","items_purchased":["sneckomod:Unknown3Cost"],"campfire_rested":2,"item_purchase_floors":[8],"current_hp_per_floor":[75,75,73,73,72,72,26,26,26,50,50,32,35,29,53,18,67,25,25,28,0,0],"gold":191,"neow_bonus":"BOSS_RELIC","is_daily":false,"chose_seed":false,"campfire_upgraded":0,"win_rate":0.0,"timestamp":1608665540,"path_taken":["M","?","M","$","?","R","E","$","T","R","?","M","?","M","R","BOSS","M","?","M","?"],"items_purchased_type":["Card"],"build_version":"2020-12-13","purchased_purges":0,"victory":false,"max_hp_per_floor":[83,83,83,83,83,83,83,83,83,83,83,83,83,83,83,83,83,83,83,83,83,83],"card_choices":[{"not_picked":["sneckomod:UnknownCommonSkill","sneckomod:DiceCrush"],"picked":"sneckomod:ImprovisedAttack","floor":1},{"not_picked":["sneckomod:UnknownVulnerable","sneckomod:DiceCrush"],"picked":"sneckomod:QuickMove","floor":3},{"not_picked":["sneckomod:UnknownEthereal","sneckomod:UnknownStrike"],"picked":"sneckomod:SoulRoll","floor":5},{"not_picked":["sneckomod:UnknownClassGUARDIAN","sneckomod:SoulDraw"],"picked":"sneckomod:TrashToTreasure","floor":7},{"not_picked":["sneckomod:UnknownBlock","sneckomod:DiceCrush"],"picked":"sneckomod:UnknownCommonSkill","floor":12},{"not_picked":["sneckomod:SoulDraw","sneckomod:WideSting"],"picked":"sneckomod:MorePower","floor":13},{"not_picked":["sneckomod:UnknownBlock","sneckomod:SoulDraw"],"picked":"sneckomod:ImprovisedGuard","floor":14},{"not_picked":["sneckomod:Unknown1Cost+1","sneckomod:UnknownWeak+1"],"picked":"sneckomod:UnknownUncommonAttack+1","floor":16},{"not_picked":["sneckomod:Unknown3Cost","sneckomod:UnknownRareSkill"],"picked":"sneckomod:UnknownRareAttack","floor":16},{"not_picked":["sneckomod:Unknown2Cost+1","sneckomod:UnknownClassRED+1"],"picked":"sneckomod:UnknownStrength+1","floor":18},{"not_picked":["sneckomod:UnknownWeak","sneckomod:UnknownVulnerable"],"picked":"sneckomod:SerpentIdol","floor":18},{"not_picked":["sneckomod:Unknown1Cost","sneckomod:SoulRoll"],"picked":"sneckomod:Unknown2Cost","floor":20}],"player_experience":475496,"relics_obtained":[{"floor":7,"key":"Toy Ornithopter"}],"event_choices":[{"damage_healed":0,"gold_gain":0,"player_choice":"Bought 1 Potion","damage_taken":0,"max_hp_gain":0,"max_hp_loss":0,"event_name":"The Woman in Blue","floor":2,"gold_loss":0},{"damage_healed":0,"gold_gain":0,"player_choice":"Cursed","damage_taken":0,"max_hp_gain":0,"max_hp_loss":0,"event_name":"Wheel of Change","floor":11,"gold_loss":0,"cards_obtained":["Decay"]},{"damage_healed":0,"gold_gain":0,"player_choice":"Trade","damage_taken":0,"relics_obtained":["CultistMask"],"max_hp_gain":0,"max_hp_loss":0,"event_name":"FaceTrader","floor":19,"gold_loss":0}],"is_beta":false,"boss_relics":[{"not_picked":["Runic Dome","Runic Pyramid"],"picked":"Ectoplasm"}],"items_purged_floors":[],"is_endless":false,"potions_floor_spawned":[1,7,13,16],"killed_by":"Centurion and Healer","ascension_level":20}}