{"host":"lpze9ywvzk5bsxql","time":1608676848,"event":{"mods":["2.2 Compatiblity","BaseMod","Bestiary","Better Third Choice","Colored Map","Downfall","Hermit","Ironclad Rager","Minty Spire (QoL Compilation)","Replay The Spire","StSLib","The Disciple","The Hierophant","The Mystic","The Servant 0.9.4","TheBandit"],"gold_per_floor":[110,110,121,138,132,132,103,123,123,156,156,189,35,46,46,160,160,188,143,143,134,148,148,176,195,195,195,216,250,250,271,271,267,267],"floor_reached":33,"playtime":2580,"items_purged":[],"score":265,"play_id":"f0e498ba-523b-430b-998e-f5eb8ca0a7cf","local_time":"20201222234048","is_ascension_mode":false,"campfire_choices":[{"data":"hierophant:Community","floor":6,"key":"SMITH"},{"floor":11,"key":"REST"},{"floor":15,"key":"REST"},{"floor":23,"key":"REST"},{"floor":27,"key":"REST"},{"floor":30,"key":"REST"},{"floor":32,"key":"REST"}],"circlet_count":0,"master_deck":["hierophant:Strike_Hierophant","hierophant:Strike_Hierophant","hierophant:Strike_Hierophant","hierophant:Punish","hierophant:Defend_Hierophant","hierophant:Defend_Hierophant","hierophant:Defend_Hierophant","hierophant:Defend_Hierophant","hierophant:ChurchCoffers","hierophant:ThreeLashes","hierophant:HolyVerse","hierophant:Community+1","hierophant:Sermon","hierophant:Smite","hierophant:PassingBell","hierophant:Invocation","hierophant:ThreeLashes","hierophant:PassingBell","hierophant:WrathOfGod","hierophant:Sermon+1","hierophant:Smite","hierophant:Zeal+1","hierophant:Doomsaying+1","hierophant:TollTheBells","hierophant:DisplayOfPower+1","hierophant:Encroach+1","hierophant:Determination","hierophant:MorningPrayer"],"relics":["hierophant:PropheticMaskRelic","Replay:Baseball","Replay:Bandana","Potion Belt","HandDrill","SlaversCollar","Replay:Bottled Steam","The Courier"],"acts_visited":["Exordium","TheCity"],"potions_floor_usage":[7,12,16,16,22,25,31],"damage_taken":[{"damage":0,"enemies":"Small Slimes","floor":1,"turns":3},{"damage":1,"enemies":"Cultist","floor":3,"turns":3},{"damage":0,"enemies":"2 Louse","floor":4,"turns":1},{"damage":6,"enemies":"Blue Slaver","floor":5,"turns":4},{"damage":4,"enemies":"Looter","floor":7,"turns":4},{"damage":20,"enemies":"Exordium Thugs","floor":8,"turns":4},{"damage":19,"enemies":"Replay:BlueRogue","floor":10,"turns":7},{"damage":14,"enemies":"Gremlin Nob","floor":12,"turns":3},{"damage":0,"enemies":"2 Fungi Beasts","floor":14,"turns":3},{"damage":15,"enemies":"Slime Boss","floor":16,"turns":7},{"damage":17,"enemies":"3 Byrds","floor":18,"turns":3},{"damage":30,"enemies":"2 Thieves","floor":21,"turns":4},{"damage":0,"enemies":"Snake Plant","floor":22,"turns":5},{"damage":0,"enemies":"Sentry and Sphere","floor":24,"turns":2},{"damage":10,"enemies":"Shelled Parasite and Fungi","floor":25,"turns":3},{"damage":48,"enemies":"Centurion and Healer","floor":28,"turns":5},{"damage":18,"enemies":"Snake Plant","floor":29,"turns":3},{"damage":17,"enemies":"Shelled Parasite and Fungi","floor":31,"turns":3},{"damage":57,"enemies":"Pondfish","floor":33,"turns":7}],"seed_played":"-3630730684373092425","potions_obtained":[{"floor":3,"key":"BlessingOfTheForge"},{"floor":4,"key":"BlessingOfTheForge"},{"floor":7,"key":"SteroidPotion"},{"floor":14,"key":"Dexterity Potion"},{"floor":16,"key":"PowerPotion"},{"floor":18,"key":"AttackPotion"},{"floor":21,"key":"SpeedPotion"},{"floor":29,"key":"EssenceOfSteel"},{"floor":31,"key":"champ:CounterPotion"}],"is_trial":false,"path_per_floor":["M","?","M","M","M","R","M","M","T","E","R","E","$","M","R","B",null,"M","$","?","M","M","R","M","M","T","R","M","M","R","M","R","B"],"character_chosen":"HIEROPHANT","items_purchased":["HandDrill","hierophant:Smite"],"campfire_rested":6,"item_purchase_floors":[13,19],"current_hp_per_floor":[82,82,81,81,75,75,71,51,51,32,56,42,42,42,66,51,82,65,65,65,35,35,59,59,49,49,73,25,7,31,25,49,0,0],"gold":267,"neow_bonus":"TEN_PERCENT_HP_BONUS","is_daily":false,"chose_seed":false,"campfire_upgraded":1,"win_rate":0.0,"timestamp":1608676848,"path_taken":["M","?","M","M","M","R","M","M","T","E","R","E","$","M","R","BOSS","M","$","?","M","M","R","M","M","T","R","M","M","R","M","R","BOSS"],"items_purchased_type":["Relic","Card"],"build_version":"2020-12-13","purchased_purges":0,"victory":false,"max_hp_per_floor":[82,82,82,82,82,82,82,82,82,82,82,82,82,82,82,82,82,82,82,82,82,82,82,82,82,82,82,82,82,82,82,82,82,82],"card_choices":[{"not_picked":["hierophant:Blessing","hierophant:RecallFunds"],"picked":"hierophant:ThreeLashes","floor":1},{"not_picked":["hierophant:Upheaval","hierophant:Doubloon"],"picked":"hierophant:HolyVerse","floor":3},{"not_picked":["hierophant:Doubloon","hierophant:Shelter"],"picked":"hierophant:Community","floor":4},{"not_picked":["hierophant:Empathy","hierophant:Rebuild"],"picked":"hierophant:Sermon","floor":5},{"not_picked":["hierophant:Encroach","hierophant:Sermon"],"picked":"hierophant:Smite","floor":7},{"not_picked":["hierophant:Purify","hierophant:RustyCrate"],"picked":"hierophant:PassingBell","floor":8},{"not_picked":["hierophant:Alms","hierophant:RustyCrate"],"picked":"hierophant:Invocation","floor":10},{"not_picked":["hierophant:Alms","hierophant:RecallFunds"],"picked":"hierophant:ThreeLashes","floor":12},{"not_picked":["hierophant:Blessing","hierophant:RustyCrate"],"picked":"hierophant:PassingBell","floor":14},{"not_picked":["hierophant:BulkyChest","hierophant:MintersHammer"],"picked":"hierophant:WrathOfGod","floor":16},{"not_picked":["hierophant:Doubloon","hierophant:Martyrdom"],"picked":"hierophant:Sermon+1","floor":18},{"not_picked":["hierophant:FieryStrike+1","hierophant:Smite"],"picked":"hierophant:Zeal+1","floor":21},{"not_picked":["hierophant:Empathy","hierophant:SecretStash"],"picked":"hierophant:Doomsaying+1","floor":22},{"not_picked":["hierophant:Remorse","hierophant:PassingBell"],"picked":"hierophant:TollTheBells","floor":24},{"not_picked":["hierophant:AuricBeam","hierophant:Blessing"],"picked":"hierophant:DisplayOfPower+1","floor":25},{"not_picked":["hierophant:PassingBell","hierophant:Shelter"],"picked":"hierophant:Encroach+1","floor":28},{"not_picked":["hierophant:FieryStrike","hierophant:Exaltation"],"picked":"hierophant:Determination","floor":29},{"not_picked":["hierophant:Smite+1","hierophant:Sermon+1"],"picked":"hierophant:MorningPrayer","floor":31}],"player_experience":291652,"relics_obtained":[{"floor":9,"key":"Replay:Baseball"},{"floor":10,"key":"Replay:Bandana"},{"floor":12,"key":"Potion Belt"},{"floor":26,"key":"The Courier"}],"event_choices":[{"cards_removed":["hierophant:Strike_Hierophant"],"damage_healed":0,"gold_gain":0,"player_choice":"Offered Basic","damage_taken":0,"max_hp_gain":0,"max_hp_loss":0,"event_name":"Bonfire Elementals","floor":2,"gold_loss":0},{"damage_healed":0,"gold_gain":0,"player_choice":"Gave Potion","damage_taken":0,"relics_obtained":["Replay:Bottled Steam"],"max_hp_gain":0,"max_hp_loss":0,"event_name":"WeMeetAgain","floor":20,"gold_loss":0}],"is_beta":false,"boss_relics":[{"not_picked":["SacredBark","Replay:Drink Me"],"picked":"SlaversCollar"}],"items_purged_floors":[],"is_endless":false,"potions_floor_spawned":[3,4,7,14,16,18,21,29,31],"killed_by":"Pondfish","ascension_level":0}}