{"host":"dvpvhz1t6etneyb3","time":1608651380,"event":{"mods":["AchievementEnabler","BaseMod","Colored Map","Highlight Path","Minty Spire (QoL Compilation)","Permanent Neow","Quick Restart"],"gold_per_floor":[368,384,398,398,414,439,15,28,28,28,47,47,47,80,80,159,159,174,184,20,20,52,78,78,102,102,134,146,175,18,41,41,118,118,135,135,147,170,193,220,230,230,230,261,261,261,11,11,11,11,11],"floor_reached":52,"playtime":3301,"items_purged":[],"score":2033,"play_id":"bf63c182-0db3-40fb-955d-3213cdf59c2e","local_time":"20201222103620","is_ascension_mode":true,"campfire_choices":[{"data":"Biased Cognition","floor":10.0,"key":"SMITH"},{"data":"Static Discharge","floor":13.0,"key":"SMITH"},{"floor":15.0,"key":"REST"},{"data":"Seek","floor":24.0,"key":"SMITH"},{"data":"Dualcast","floor":28.0,"key":"SMITH"},{"data":"Rainbow","floor":32.0,"key":"SMITH"},{"data":"Madness","floor":42.0,"key":"SMITH"},{"data":"Madness","floor":46.0,"key":"SMITH"},{"data":"Multi-Cast","floor":49.0,"key":"SMITH"}],"circlet_count":0,"master_deck":["AscendersBane","Dualcast+1","Conserve Battery","Ball Lightning","Melter","Biased Cognition+1","Static Discharge+1","Auto Shields","Core Surge","Seek+1","Chill","Amplify","Glacier","Rainbow+1","Echo Form","Gash","Multi-Cast+1","Darkness","Thunder Strike","Go for the Eyes","Undo","Glacier","Reinforced Body+1","Madness+1","Madness+1","Turbo+1","Coolheaded+1","Echo Form","Secret Technique"],"relics":["Cracked Core","Darkstone Periapt","Bag of Preparation","Blood Vial","Eternal Feather","Tiny Chest","Pandora\u0027s Box","ClockworkSouvenir","Red Mask","Calipers","DataDisk","Prayer Wheel","MawBank","Vajra","Nunchaku","Inserter","MealTicket","Akabeko","Smiling Mask","CaptainsWheel","Ancient Tea Set","Pantograph","Lee\u0027s Waffle"],"acts_visited":["Exordium","TheCity","TheBeyond"],"potions_floor_usage":[],"damage_taken":[{"damage":1.0,"enemies":"Cultist","floor":1.0,"turns":4.0},{"damage":2.0,"enemies":"Jaw Worm","floor":2.0,"turns":3.0},{"damage":2.0,"enemies":"Small Slimes","floor":3.0,"turns":4.0},{"damage":4.0,"enemies":"3 Louse","floor":5.0,"turns":3.0},{"damage":33.0,"enemies":"3 Sentries","floor":6.0,"turns":8.0},{"damage":9.0,"enemies":"Blue Slaver","floor":8.0,"turns":3.0},{"damage":6.0,"enemies":"Looter","floor":11.0,"turns":3.0},{"damage":32.0,"enemies":"Gremlin Nob","floor":14.0,"turns":3.0},{"damage":23.0,"enemies":"Hexaghost","floor":16.0,"turns":7.0},{"damage":0.0,"enemies":"3 Byrds","floor":18.0,"turns":3.0},{"damage":4.0,"enemies":"Chosen","floor":19.0,"turns":4.0},{"damage":17.0,"enemies":"Masked Bandits","floor":22.0,"turns":4.0},{"damage":13.0,"enemies":"Gremlin Leader","floor":23.0,"turns":4.0},{"damage":15.0,"enemies":"Book of Stabbing","floor":27.0,"turns":6.0},{"damage":5.0,"enemies":"Snake Plant","floor":29.0,"turns":4.0},{"damage":0.0,"enemies":"Automaton","floor":33.0,"turns":8.0},{"damage":14.0,"enemies":"3 Darklings","floor":35.0,"turns":6.0},{"damage":0.0,"enemies":"Orb Walker","floor":37.0,"turns":5.0},{"damage":15.0,"enemies":"Nemesis","floor":40.0,"turns":7.0},{"damage":5.0,"enemies":"Writhing Mass","floor":41.0,"turns":5.0},{"damage":6.0,"enemies":"Giant Head","floor":44.0,"turns":9.0},{"damage":18.0,"enemies":"Donu and Deca","floor":50.0,"turns":7.0},{"damage":0,"enemies":"Awakened One","floor":51,"turns":12}],"seed_played":"-1819987940319045207","potions_obtained":[{"floor":1.0,"key":"Dexterity Potion"},{"floor":2.0,"key":"Block Potion"},{"floor":14.0,"key":"Regen Potion"},{"floor":16.0,"key":"Ancient Potion"},{"floor":23.0,"key":"PotionOfCapacity"},{"floor":33.0,"key":"Swift Potion"},{"floor":41.0,"key":"SpeedPotion"}],"is_trial":false,"path_per_floor":["M","M","M","?","M","E","$","M","T","R","M","?","R","E","R","B",null,"M","M","$","?","?","E","R","T","T","E","R","M","$","T","R","B",null,"M","?","M","T","T","E","M","R","T","E","T","R","$","?","R","B","B",null],"character_chosen":"DEFECT","items_purchased":["Biased Cognition","Bag of Preparation","Blood Vial","ClockworkSouvenir","Vajra","Echo Form","Lee\u0027s Waffle"],"campfire_rested":1,"item_purchase_floors":[7,7,7,20,30,47,47],"current_hp_per_floor":[63,61,59,59,55,22,22,15,15,24,20,25,34,4,35,14,61,63,61,61,61,46,35,47,47,47,34,46,43,43,43,55,57,71,59,45,47,47,47,49,46,61,61,57,57,72,83,73,83,65,83],"gold":11,"neow_bonus":"TWO_FIFTY_GOLD","is_daily":false,"chose_seed":false,"campfire_upgraded":8,"win_rate":0.0,"timestamp":1608651380,"path_taken":["M","M","M","?","?","E","$","M","T","R","M","?","R","E","R","BOSS","M","M","$","?","?","E","R","?","T","E","R","M","$","?","R","BOSS","M","?","M","?","?","E","M","R","T","E","?","R","$","?","R","BOSS","BOSS"],"items_purchased_type":["Card","Relic","Relic","Relic","Relic","Card","Relic"],"build_version":"2020-12-13","purchased_purges":0,"victory":true,"max_hp_per_floor":[71,71,71,71,71,71,71,71,71,71,71,76,76,76,76,76,76,76,76,76,76,76,76,76,76,76,76,76,76,76,76,76,76,76,76,76,76,76,76,76,76,76,76,76,76,76,83,83,83,83,83],"card_choices":[{"not_picked":["Chaos","Recycle","Barrage"],"picked":"SKIP","floor":1.0},{"not_picked":["Steam","Capacitor"],"picked":"Conserve Battery","floor":2.0},{"not_picked":["Stack","Undo","Conserve Battery"],"picked":"SKIP","floor":3.0},{"not_picked":["Capacitor","Cold Snap"],"picked":"Ball Lightning","floor":5.0},{"not_picked":["Leap","Scrape"],"picked":"Melter","floor":6.0},{"not_picked":["Leap","Turbo"],"picked":"Static Discharge","floor":8.0},{"not_picked":["Chill","Scrape"],"picked":"Auto Shields","floor":11.0},{"not_picked":["Undo","Gash"],"picked":"Core Surge","floor":14.0},{"not_picked":["Multi-Cast","Thunder Strike"],"picked":"Seek","floor":16.0},{"not_picked":["Consume","Stack","Gash"],"picked":"SKIP","floor":18.0},{"not_picked":["Steam Power","Streamline","Beam Cell"],"picked":"SKIP","floor":19.0},{"not_picked":["Coolheaded","Rip and Tear"],"picked":"Go for the Eyes","floor":22.0},{"not_picked":["Ball Lightning","Compile Driver"],"picked":"Undo","floor":23.0},{"not_picked":["Rip and Tear","Melter"],"picked":"Glacier","floor":27.0},{"not_picked":["Auto Shields+1","Gash+1","Streamline"],"picked":"SKIP","floor":29.0},{"not_picked":["Steam","Ball Lightning","Core Surge"],"picked":"SKIP","floor":29.0},{"not_picked":["Rip and Tear","Leap+1"],"picked":"Reinforced Body+1","floor":35.0},{"not_picked":["Steam","Rip and Tear+1","Doom and Gloom"],"picked":"SKIP","floor":35.0},{"not_picked":["Barrage","Tempest+1","BootSequence"],"picked":"SKIP","floor":37.0},{"not_picked":["Reinforced Body","Streamline+1","Beam Cell"],"picked":"SKIP","floor":37.0},{"not_picked":["Doom and Gloom","Genetic Algorithm"],"picked":"Turbo+1","floor":40.0},{"not_picked":["Streamline","Redo"],"picked":"Coolheaded+1","floor":41.0},{"not_picked":["Doom and Gloom","Conserve Battery","Gash"],"picked":"SKIP","floor":41.0},{"not_picked":["Conserve Battery","Scrape","Self Repair"],"picked":"SKIP","floor":44.0},{"not_picked":["Good Instincts","Panacea"],"picked":"Secret Technique","floor":48.0}],"player_experience":1930181,"relics_obtained":[{"floor":6.0,"key":"Darkstone Periapt"},{"floor":9.0,"key":"Eternal Feather"},{"floor":14.0,"key":"Tiny Chest"},{"floor":22.0,"key":"Red Mask"},{"floor":23.0,"key":"Calipers"},{"floor":25.0,"key":"DataDisk"},{"floor":26.0,"key":"Prayer Wheel"},{"floor":27.0,"key":"MawBank"},{"floor":31.0,"key":"Nunchaku"},{"floor":38.0,"key":"MealTicket"},{"floor":39.0,"key":"Akabeko"},{"floor":40.0,"key":"Smiling Mask"},{"floor":43.0,"key":"CaptainsWheel"},{"floor":44.0,"key":"Ancient Tea Set"},{"floor":45.0,"key":"Pantograph"}],"event_choices":[{"cards_removed":["Clumsy"],"damage_healed":0.0,"max_hp_gain":0.0,"max_hp_loss":0.0,"gold_gain":0.0,"event_name":"Purifier","player_choice":"Purged","floor":4.0,"gold_loss":0.0,"damage_taken":0.0},{"damage_healed":0.0,"max_hp_gain":5.0,"max_hp_loss":0.0,"gold_gain":0.0,"event_name":"Big Fish","player_choice":"Donut","floor":12.0,"gold_loss":0.0,"damage_taken":0.0},{"damage_healed":0.0,"max_hp_gain":0.0,"max_hp_loss":0.0,"gold_gain":0.0,"cards_transformed":["Meteor Strike","Zap"],"event_name":"Drug Dealer","player_choice":"Became Test Subject","floor":21.0,"gold_loss":0.0,"damage_taken":0.0,"cards_obtained":["Darkness","Thunder Strike"]},{"damage_healed":0.0,"max_hp_gain":0.0,"max_hp_loss":0.0,"gold_gain":0.0,"event_name":"Masked Bandits","player_choice":"Fought Bandits","floor":22.0,"gold_loss":0.0,"damage_taken":0.0},{"damage_healed":0.0,"max_hp_gain":0.0,"max_hp_loss":0.0,"gold_gain":0.0,"event_name":"Winding Halls","player_choice":"Embrace Madness","floor":36.0,"gold_loss":0.0,"damage_taken":14.0,"cards_obtained":["Madness","Madness"]},{"damage_healed":0.0,"max_hp_gain":0.0,"max_hp_loss":0.0,"gold_gain":0.0,"event_name":"SensoryStone","player_choice":"Memory 3","floor":48.0,"gold_loss":0.0,"damage_taken":10.0}],"is_beta":false,"boss_relics":[{"not_picked":["Runic Dome","FrozenCore"],"picked":"Pandora\u0027s Box"},{"not_picked":["Empty Cage","Calling Bell"],"picked":"Inserter"}],"items_purged_floors":[],"is_endless":false,"potions_floor_spawned":[1,2,3,14,16,19,22,23,33,41,44],"ascension_level":20}}