{"host":"uoq8e77duj6rs50g","time":1608671712,"event":{"mods":["BaseMod","Better Match","Better Note","Better Third Choice","BetterRewards","Block Reminder","ChefMod","Curses Come First","Hermit","Hubris","Ironclad Rager","Minty Spire (QoL Compilation)","Relic Stats","Replay The Spire","Shade Mod","StSLib","The Blue Laboratory","The Cursed","The Exalted","The Judge","The Runesmith","The Servant 0.9.4"],"gold_per_floor":[117,136,17,17,27,62,77,77,102,102,119,22,22,22,22,123,123,133,133,153,169,169,200,213,213,265,265,281,22,47,66,66,163,263,274,274,285,305,305,305,321,321,394,411,411,444,444,444,444,444],"floor_reached":51,"playtime":3640,"items_purged":["chefmod:Strike"],"score":692,"play_id":"1aed14e4-9dce-40e6-a814-df7cb39bfebe","local_time":"20201222161512","is_ascension_mode":false,"campfire_choices":[{"floor":8.0,"key":"REST"},{"data":"chefmod:QuickThaw","floor":13.0,"key":"SMITH"},{"floor":25.0,"key":"REST"},{"floor":32.0,"key":"REST"},{"floor":40.0,"key":"REST"},{"floor":42,"key":"REST"},{"floor":45,"key":"REST"},{"data":"chefmod:RaidPantry","floor":47,"key":"SMITH"},{"floor":49,"key":"DIG"}],"circlet_count":0,"master_deck":["chefmod:Strike","chefmod:Defend","chefmod:Defend","chefmod:QuickThaw+1","chefmod:TodaysSpecial","chefmod:Puree+1","chefmod:FrozenTuna+1","chefmod:RisingDough+1","chefmod:DimSum","chefmod:Sorbet","chefmod:FreezeSolid","chefmod:ColdSteel","chefmod:Chop","chefmod:HotSoup","chefmod:FreezerBurn+1","chefmod:BaoBuns","chefmod:RaidPantry+1","chefmod:Fillet+1","chefmod:FreezerBurn+1","chefmod:Leftovers","chefmod:CayenneCloud+1","chefmod:CandyBowl+1","chefmod:IcePick+1","chefmod:LocoMoco+1","chefmod:FrozenTuna","chefmod:SaveForLater+1","chefmod:BleedOut+1","chefmod:VegetableTart","chefmod:NoSoupForYou+1","chefmod:NoSoupForYou+1","chefmod:IcePick"],"relics":["Astrolabe","WarpedTongs","Meat on the Bone","Smiling Mask","Black Star","CultistMask","Toy Ornithopter","Regal Pillow","Bromod:ArcaneTempo","HandDrill","Matryoshka","Bottled Tornado","Replay:Wanted Poster","Nunchaku","Replay:Ringing Soul","ReplayTheSpireMod:Ninjato","Chameleon Ring","Replay:Wax Seal"],"acts_visited":["Exordium","TheCity","TheBeyond"],"potions_floor_usage":[41,50],"damage_taken":[{"damage":0.0,"enemies":"Cultist","floor":1.0,"turns":2.0},{"damage":0.0,"enemies":"Jaw Worm","floor":2.0,"turns":2.0},{"damage":2.0,"enemies":"Small Slimes","floor":5.0,"turns":3.0},{"damage":16.0,"enemies":"Gremlin Nob","floor":6.0,"turns":4.0},{"damage":0.0,"enemies":"Blue Slaver","floor":7.0,"turns":2.0},{"damage":1.0,"enemies":"Exordium Thugs","floor":11.0,"turns":3.0},{"damage":10.0,"enemies":"The Guardian","floor":16.0,"turns":8.0},{"damage":12.0,"enemies":"Chosen","floor":18.0,"turns":5.0},{"damage":1.0,"enemies":"Shell Parasite","floor":20.0,"turns":4.0},{"damage":3.0,"enemies":"Centurion and Healer","floor":21.0,"turns":5.0},{"damage":11.0,"enemies":"Book of Stabbing","floor":23.0,"turns":6.0},{"damage":0.0,"enemies":"Cultist and Chosen","floor":24.0,"turns":3.0},{"damage":18.0,"enemies":"Shelled Parasite and Fungi","floor":28.0,"turns":6.0},{"damage":23.0,"enemies":"Replay:Snechameleon","floor":30.0,"turns":6.0},{"damage":9.0,"enemies":"Snake Plant","floor":31.0,"turns":3.0},{"damage":6.0,"enemies":"Champ","floor":33.0,"turns":8.0},{"damage":11.0,"enemies":"Orb Walker","floor":35.0,"turns":3.0},{"damage":11.0,"enemies":"3 Shapes","floor":37.0,"turns":2.0},{"damage":9.0,"enemies":"Jaw Worm Horde","floor":38.0,"turns":2.0},{"damage":34,"enemies":"Writhing Mass","floor":41,"turns":5},{"damage":27,"enemies":"Spire Growth","floor":44,"turns":4},{"damage":0,"enemies":"R_Hoarder","floor":46,"turns":6},{"damage":37,"enemies":"Time Eater","floor":50,"turns":10}],"seed_played":"-6086224466608531099","potions_obtained":[{"floor":11.0,"key":"Milkshake"},{"floor":15.0,"key":"DistilledChaos"},{"floor":15.0,"key":"LifebloodPotion"},{"floor":16.0,"key":"ColorlessPotion"},{"floor":21.0,"key":"LifebloodPotion"},{"floor":28.0,"key":"blueLaboratory:PhilterOfMotion"},{"floor":31.0,"key":"blueLaboratory:Moonshine"},{"floor":33.0,"key":"Explosive Potion"},{"floor":37.0,"key":"chefmod:PotionOfPlenty"}],"is_trial":false,"path_per_floor":["M","M","$","?","M","E","M","R","T","?","M","$","R","?","R","B",null,"M","?","M","M","?","E","M","R","T","?","M","$","E","M","R","B",null,"M","?","M","M","?","R","M","R","T","M","R","E","R","?","R","B",null],"character_chosen":"THE_CHEF","items_purchased":["chefmod:FreezeSolid","chefmod:ColdSteel","chefmod:BaoBuns","chefmod:CandyBowl+1","HandDrill"],"campfire_rested":6,"item_purchase_floors":[3,3,12,29,29],"current_hp_per_floor":[76,76,76,76,74,58,58,76,76,76,75,75,75,75,75,65,76,64,64,63,60,60,49,49,76,76,76,63,63,40,43,76,70,76,65,65,59,50,50,72,38,72,72,48,75,78,78,78,78,46],"gold":444,"neow_bonus":"BOSS_RELIC","is_daily":false,"chose_seed":false,"campfire_upgraded":2,"win_rate":0.0,"timestamp":1608671712,"path_taken":["M","M","?","?","?","E","M","R","T","?","M","?","R","?","R","BOSS","M","?","M","M","?","E","?","R","T","?","M","$","E","M","R","BOSS","M","?","M","M","?","R","M","R","T","M","R","E","R","?","R","BOSS"],"items_purchased_type":["Card","Card","Card","Card","Relic"],"build_version":"2020-12-13","purchased_purges":1,"victory":true,"max_hp_per_floor":[76,76,76,76,76,76,76,76,76,76,76,76,76,76,76,76,76,76,76,76,76,76,76,76,76,76,76,76,76,76,76,76,76,76,76,72,72,72,72,72,72,72,72,75,75,78,78,78,78,78],"relic_stats":{"Regal Pillow":35,"Nunchaku":[5],"counters":[23,102],"Astrolabe":["chefmod:Puree","chefmod:FrozenTuna","chefmod:RisingDough"],"Black Star":3,"HandDrill":[50],"Smiling Mask":25,"obtain_stats":[{"chefmod:TrustyPot":0,"Regal Pillow":23,"ReplayTheSpireMod:Ninjato":46,"Astrolabe":0,"Bottled Tornado":30,"Smiling Mask":9,"WarpedTongs":4,"Replay:Wanted Poster":34,"Replay:Ringing Soul":43,"Nunchaku":43,"Matryoshka":30,"Chameleon Ring":46,"Bromod:ArcaneTempo":26,"CultistMask":19,"Black Star":17,"HandDrill":29,"Replay:Wax Seal":49,"Toy Ornithopter":23,"Meat on the Bone":6},{"chefmod:TrustyPot":0,"Regal Pillow":11,"ReplayTheSpireMod:Ninjato":22,"Astrolabe":0,"Bottled Tornado":14,"Smiling Mask":5,"WarpedTongs":2,"Replay:Wanted Poster":16,"Replay:Ringing Soul":20,"Nunchaku":20,"Matryoshka":14,"Chameleon Ring":22,"Bromod:ArcaneTempo":12,"CultistMask":8,"Black Star":7,"HandDrill":13,"Replay:Wax Seal":22,"Toy Ornithopter":11,"Meat on the Bone":4},{"chefmod:TrustyPot":0,"Regal Pillow":44,"ReplayTheSpireMod:Ninjato":92,"Astrolabe":0,"Bottled Tornado":59,"Smiling Mask":13,"WarpedTongs":4,"Replay:Wanted Poster":70,"Replay:Ringing Soul":82,"Nunchaku":82,"Matryoshka":59,"Chameleon Ring":92,"Bromod:ArcaneTempo":47,"CultistMask":29,"Black Star":24,"HandDrill":53,"Replay:Wax Seal":92,"Toy Ornithopter":44,"Meat on the Bone":11}],"Toy Ornithopter":15,"WarpedTongs":[94],"Meat on the Bone":12},"card_choices":[{"not_picked":["chefmod:ZaruSoba","chefmod:FreshProduce"],"picked":"chefmod:DimSum","floor":1.0},{"not_picked":["chefmod:AlooGobi","chefmod:Chop"],"picked":"chefmod:Sorbet","floor":2.0},{"not_picked":["chefmod:NewMenu","chefmod:SliceAndDice"],"picked":"chefmod:Chop","floor":5.0},{"not_picked":["chefmod:Defrost","chefmod:ColdSteel"],"picked":"chefmod:FreshProduce","floor":6.0},{"not_picked":["chefmod:Chop","chefmod:SaveForLater"],"picked":"chefmod:HotSoup","floor":7.0},{"not_picked":["chefmod:FiveAlarmChili","chefmod:FullBurn"],"picked":"chefmod:FreezerBurn","floor":11.0},{"not_picked":["chefmod:Tenderizer","chefmod:Mince"],"picked":"chefmod:RaidPantry","floor":16.0},{"not_picked":["chefmod:Ratatouille","chefmod:Defrost"],"picked":"chefmod:FireUp+1","floor":18.0},{"not_picked":["chefmod:Chop","chefmod:FreezerBurn"],"picked":"chefmod:Fillet+1","floor":20.0},{"not_picked":["chefmod:IcePick","chefmod:DinoKale"],"picked":"chefmod:FreezerBurn+1","floor":21.0},{"not_picked":["chefmod:FreezerBurn","chefmod:Granita"],"picked":"chefmod:Leftovers","floor":23.0},{"not_picked":["chefmod:DinoKale+1","chefmod:KnifeFlurry+1","chefmod:FireUp"],"picked":"SKIP","floor":24.0},{"not_picked":["chefmod:ColdSteel","chefmod:FreezerBurn+1"],"picked":"chefmod:CayenneCloud+1","floor":28.0},{"not_picked":["chefmod:BaoBuns","chefmod:LocoMoco"],"picked":"chefmod:IcePick+1","floor":30.0},{"not_picked":["chefmod:FireUp","chefmod:Leftovers"],"picked":"chefmod:LocoMoco+1","floor":31.0},{"not_picked":["chefmod:SushiPlatter","chefmod:Mince"],"picked":"chefmod:FrozenTuna","floor":33.0},{"not_picked":["chefmod:Julienne","chefmod:Fillet"],"picked":"chefmod:SaveForLater+1","floor":35.0},{"not_picked":["chefmod:ColdSteel","chefmod:SliceAndDice"],"picked":"chefmod:BleedOut+1","floor":37.0},{"not_picked":["chefmod:DinoKale+1","chefmod:DoubleChop"],"picked":"chefmod:VegetableTart","floor":38.0},{"not_picked":["chefmod:ZaruSoba+1","chefmod:IceCreamCone+1"],"picked":"chefmod:NoSoupForYou+1","floor":41},{"not_picked":["chefmod:ZaruSoba+1","chefmod:FireUp+1"],"picked":"chefmod:NoSoupForYou+1","floor":44},{"not_picked":["chefmod:FreshProduce","chefmod:Sorbet+1"],"picked":"chefmod:IcePick","floor":46}],"player_experience":336987,"relics_obtained":[{"floor":6.0,"key":"Meat on the Bone"},{"floor":9.0,"key":"Smiling Mask"},{"floor":23.0,"key":"Toy Ornithopter"},{"floor":23.0,"key":"Regal Pillow"},{"floor":26.0,"key":"Bromod:ArcaneTempo"},{"floor":30.0,"key":"Matryoshka"},{"floor":30.0,"key":"Bottled Tornado"},{"floor":43,"key":"Nunchaku"},{"floor":43,"key":"Replay:Ringing Soul"},{"floor":46,"key":"ReplayTheSpireMod:Ninjato"},{"floor":46,"key":"Chameleon Ring"},{"floor":49,"key":"Replay:Wax Seal"}],"event_choices":[{"damage_healed":0.0,"max_hp_gain":0.0,"max_hp_loss":0.0,"gold_gain":0.0,"event_name":"Accursed Blacksmith","player_choice":"Rummage","floor":4.0,"gold_loss":0.0,"damage_taken":0.0,"relics_obtained":["WarpedTongs"],"cards_obtained":["Pain"]},{"cards_removed":["Pain"],"damage_healed":0.0,"max_hp_gain":0.0,"max_hp_loss":0.0,"gold_gain":0.0,"event_name":"Purifier","player_choice":"Purged","floor":10.0,"gold_loss":0.0,"damage_taken":0.0},{"damage_healed":0.0,"max_hp_gain":0.0,"max_hp_loss":0.0,"gold_gain":0.0,"event_name":"Upgrade Shrine","player_choice":"Upgraded","floor":14.0,"gold_loss":0.0,"damage_taken":0.0,"cards_upgraded":["chefmod:FreezerBurn"]},{"damage_healed":0.0,"max_hp_gain":0.0,"max_hp_loss":0.0,"gold_gain":0.0,"event_name":"FaceTrader","player_choice":"Trade","floor":19.0,"gold_loss":0.0,"damage_taken":0.0,"relics_obtained":["CultistMask"]},{"cards_removed":["chefmod:Strike"],"damage_healed":0.0,"max_hp_gain":0.0,"max_hp_loss":0.0,"gold_gain":0.0,"event_name":"Wheel of Change","player_choice":"Card Removal","floor":22.0,"gold_loss":0.0,"damage_taken":0.0},{"cards_removed":["chefmod:FireUp"],"damage_healed":5.0,"max_hp_gain":0.0,"max_hp_loss":0.0,"gold_gain":0.0,"event_name":"Bonfire Elementals","player_choice":"Offered Common","floor":27.0,"gold_loss":0.0,"damage_taken":0.0},{"cards_removed":["chefmod:FireUp"],"damage_healed":5.0,"max_hp_gain":0.0,"max_hp_loss":0.0,"gold_gain":0.0,"event_name":"Bonfire Elementals","player_choice":"Offered Special","floor":27.0,"gold_loss":0.0,"damage_taken":0.0},{"damage_healed":0.0,"max_hp_gain":0.0,"max_hp_loss":4.0,"gold_gain":0.0,"event_name":"Winding Halls","player_choice":"Max HP","floor":36.0,"gold_loss":0.0,"damage_taken":0.0},{"cards_removed":["chefmod:FreshProduce"],"damage_healed":0.0,"max_hp_gain":0.0,"max_hp_loss":0.0,"gold_gain":0.0,"event_name":"Falling","player_choice":"Removed Power","floor":39.0,"gold_loss":0.0,"damage_taken":0.0},{"damage_healed":0,"gold_gain":0,"player_choice":"Ignored","damage_taken":0,"max_hp_gain":0,"max_hp_loss":0,"event_name":"Tomb of Lord Red Mask","floor":48,"gold_loss":0}],"is_beta":false,"boss_relics":[{"not_picked":["Coffee Dripper","chefmod:PepperMill"],"picked":"Black Star"},{"not_picked":["hubris:Backtick","hubris:GrandSneckoEye"],"picked":"Replay:Wanted Poster"}],"items_purged_floors":[12],"is_endless":false,"potions_floor_spawned":[11,16,21,28,31,33,37],"ascension_level":0}}