{"host":"wppa8gky53tnknhf","time":1608675232,"event":{"mods":["AchievementEnabler","Act Like it!","BaseMod","Better Third Choice","BetterRewards","Card Forge","Colored Powertips","Energized Spire","Hubris","Infinite Spire","Marked Mod","Minty Spire (QoL Compilation)","Permanent Neow","Quick Restart","Rare Cards Sparkle","Relic Stats","Remove Card Discount Mod","Replay The Spire","Spikes Relics","Spire Birthday Party","StSLib"],"gold_per_floor":[116,116,133,133,151,151,186,186,186,212,212,244,264,275,275,373,373,383,343,357,357,357,392,402,430,430,448,448,474,484,498,498,595,595,607,474,494,494,494,494,528,528,528,562,581,592,692,727,727,727,727,727,414,440,440,440],"floor_reached":55,"playtime":1595,"items_purged":[],"score":901,"play_id":"5971fda8-21f5-4a63-9b48-eac8566a7b74","local_time":"20201222221352","is_ascension_mode":true,"campfire_choices":[{"floor":6.0,"key":"RECALL"},{"floor":8.0,"key":"REST"},{"floor":15.0,"key":"REST"},{"floor":28.0,"key":"REST"},{"floor":32.0,"key":"REST"},{"floor":40.0,"key":"REST"},{"floor":42.0,"key":"REST"},{"data":"Body Slam","floor":49,"key":"SMITH"},{"floor":52,"key":"REST"}],"circlet_count":0,"master_deck":["Strike_R+1","Strike_R+1","Strike_R+1","Strike_R+1","Strike_R+1","Defend_R+1","Defend_R+1","Defend_R+1","Defend_R+1","Bash+1","Body Slam+1","Thunderclap+1","Thunderclap+1","Inflame+1","Shrug It Off+1","Sword Boomerang+1","Twin Strike+1","Clash+1","Reaper+1","Sword Boomerang+1","Perfected Strike+1","Perfected Strike+1","Spot Weakness+1","Inflame+1","Heavy Blade+1","Demon Form+1","Shrug It Off+1","Perfected Strike+1","infinitespire:OneForAll+1","Perfected Strike+1","Inflame+1","Metallicize+1","Perfected Strike+1","Metallicize+1","Shrug It Off+1","Iron Wave+1","Mind Blast+1","Body Slam+1","Heavy Blade+1","Perfected Strike+1","Body Slam+1","Spot Weakness+1","Cleave+1","Rage+1"],"relics":["Burning Blood","Hammer of Thor","Seething Fire","Anvil of the Gods","Oddly Smooth Stone","Paper Frog","ChewingGum","Prayer Wheel","Vajra","Akabeko","infinitespire:Golems Mask","hubris:RunicObelisk","hubris:Icosahedron","hubris:IronBody","Meat on the Bone","hubris:Zylophone"],"acts_visited":["Exordium","TheCity","TheBeyond","TheEnding"],"potions_floor_usage":[44,46,48,55,55,55],"damage_taken":[{"damage":6.0,"enemies":"Cultist","floor":1.0,"turns":5.0},{"damage":2.0,"enemies":"Jaw Worm","floor":3.0,"turns":3.0},{"damage":0.0,"enemies":"2 Louse","floor":5.0,"turns":3.0},{"damage":18.0,"enemies":"3 Sentries","floor":7.0,"turns":6.0},{"damage":27.0,"enemies":"Lagavulin","floor":10.0,"turns":5.0},{"damage":0.0,"enemies":"3 Sentries","floor":12.0,"turns":6.0},{"damage":9.0,"enemies":"Lots of Slimes","floor":13.0,"turns":2.0},{"damage":1.0,"enemies":"Looter","floor":14.0,"turns":2.0},{"damage":1.0,"enemies":"The Guardian","floor":16.0,"turns":8.0},{"damage":1.0,"enemies":"3 Byrds","floor":18.0,"turns":3.0},{"damage":10.0,"enemies":"Chosen","floor":20.0,"turns":2.0},{"damage":39.0,"enemies":"Replay:Snechameleon","floor":23.0,"turns":8.0},{"damage":0.0,"enemies":"Centurion and Healer","floor":24.0,"turns":3.0},{"damage":18.0,"enemies":"Book of Stabbing","floor":25.0,"turns":3.0},{"damage":1.0,"enemies":"Cultist and Chosen","floor":27.0,"turns":3.0},{"damage":9.0,"enemies":"Gremlin Leader","floor":29.0,"turns":3.0},{"damage":21.0,"enemies":"Snake Plant","floor":30.0,"turns":3.0},{"damage":0.0,"enemies":"Snecko","floor":31.0,"turns":3.0},{"damage":2.0,"enemies":"Automaton","floor":33.0,"turns":6.0},{"damage":13.0,"enemies":"3 Darklings","floor":35.0,"turns":3.0},{"damage":0.0,"enemies":"3 Shapes","floor":37.0,"turns":2.0},{"damage":16.0,"enemies":"Reptomancer","floor":41.0,"turns":4.0},{"damage":21,"enemies":"Giant Head","floor":44,"turns":6},{"damage":0,"enemies":"Maw","floor":45,"turns":4},{"damage":0,"enemies":"Writhing Mass","floor":46,"turns":3},{"damage":14,"enemies":"Nemesis","floor":48,"turns":3},{"damage":38,"enemies":"Time Eater","floor":50,"turns":6},{"damage":12,"enemies":"Shield and Spear","floor":54,"turns":3},{"damage":77,"enemies":"The Heart","floor":55,"turns":3}],"seed_played":"-7518164499279652859","potions_obtained":[{"floor":7.0,"key":"BloodPotion"},{"floor":12.0,"key":"PowerPotion"},{"floor":16.0,"key":"SteroidPotion"},{"floor":25.0,"key":"Ancient Potion"},{"floor":27.0,"key":"Swift Potion"},{"floor":30.0,"key":"LiquidMemories"},{"floor":31.0,"key":"Dexterity Potion"},{"floor":41.0,"key":"BlessingOfTheForge"},{"floor":44,"key":"EntropicBrew"},{"floor":45,"key":"DistilledChaos"},{"floor":46,"key":"CultistPotion"},{"floor":54,"key":"Ancient Potion"}],"is_trial":false,"path_per_floor":["M","?","M","$","M","R","E","R","T","E","$","E","M","M","R","B",null,"M","$","M","?","$","E","M","E","T","M","R","E","M","M","R","B",null,"M","$","M","$","?","R","E","R","T","E","M","M","?","E","R","B",null,"R","$","E","B"],"character_chosen":"IRONCLAD","items_purchased":["Perfected Strike","Iron Wave+1","Mind Blast","hubris:Zylophone"],"campfire_rested":7,"item_purchase_floors":[19,36,36,53],"current_hp_per_floor":[80,80,80,80,80,80,68,80,80,59,59,65,62,67,80,80,80,80,80,76,76,76,59,65,53,53,58,80,77,62,68,80,80,80,73,73,79,79,79,80,76,80,80,65,71,77,77,77,77,45,77,77,77,71,0,0],"gold":440,"neow_bonus":"RANDOM_COMMON_RELIC","is_daily":false,"chose_seed":false,"campfire_upgraded":1,"win_rate":0.0,"timestamp":1608675232,"path_taken":["M","?","M","?","?","R","E","R","T","E","$","E","M","M","R","BOSS","M","$","M","?","$","E","M","E","T","M","R","E","M","M","R","BOSS","M","$","M","?","?","R","E","R","T","E","M","M","?","E","R","BOSS","R","$","E","BOSS"],"items_purchased_type":["Card","Card","Card","Relic"],"build_version":"2020-12-13","purchased_purges":0,"victory":false,"max_hp_per_floor":[80,80,80,80,80,80,80,80,80,80,80,80,80,80,80,80,80,80,80,80,80,80,80,80,80,80,80,80,80,80,80,80,80,80,80,80,80,80,80,80,80,80,80,80,80,77,77,77,77,77,77,77,77,77,77,77],"relic_stats":{"counters":[29,114],"Prayer Wheel":8,"obtain_stats":[{"Oddly Smooth Stone":0,"Vajra":25,"Hammer of Thor":0,"Seething Fire":0,"hubris:RunicObelisk":34,"Burning Blood":0,"Akabeko":26,"hubris:Zylophone":53,"hubris:Icosahedron":39,"Anvil of the Gods":0,"ChewingGum":17,"Prayer Wheel":23,"infinitespire:Golems Mask":29,"hubris:IronBody":41,"Paper Frog":9,"Meat on the Bone":44},{"Oddly Smooth Stone":0,"Vajra":14,"Hammer of Thor":0,"Seething Fire":0,"hubris:RunicObelisk":19,"Burning Blood":0,"Akabeko":14,"hubris:Zylophone":27,"hubris:Icosahedron":21,"Anvil of the Gods":0,"ChewingGum":9,"Prayer Wheel":12,"infinitespire:Golems Mask":16,"hubris:IronBody":22,"Paper Frog":4,"Meat on the Bone":23},{"Oddly Smooth Stone":0,"Vajra":59,"Hammer of Thor":0,"Seething Fire":0,"hubris:RunicObelisk":77,"Burning Blood":0,"Akabeko":59,"hubris:Zylophone":108,"hubris:Icosahedron":82,"Anvil of the Gods":0,"ChewingGum":40,"Prayer Wheel":53,"infinitespire:Golems Mask":65,"hubris:IronBody":86,"Paper Frog":17,"Meat on the Bone":92}],"Burning Blood":137,"Meat on the Bone":0},"card_choices":[{"not_picked":["True Grit","Blood for Blood"],"picked":"Body Slam","floor":1.0},{"not_picked":["Clothesline","Shrug It Off"],"picked":"Thunderclap","floor":3.0},{"not_picked":["ReplayTheSpireMod:Strike From Hell","Wild Strike"],"picked":"Thunderclap","floor":5.0},{"not_picked":["Iron Wave","Havoc"],"picked":"Inflame","floor":7.0},{"not_picked":["Anger","Dual Wield"],"picked":"Shrug It Off","floor":10.0},{"not_picked":["hubris:StunningStrike","Wild Strike"],"picked":"Sword Boomerang","floor":12.0},{"not_picked":["Warcry","Armaments"],"picked":"Twin Strike","floor":13.0},{"not_picked":["Seeing Red","Flex"],"picked":"Clash","floor":14.0},{"not_picked":["Immolate","Impervious"],"picked":"Reaper","floor":16.0},{"not_picked":["Clash","ReplayTheSpireMod:Corrosion Curse+1"],"picked":"Sword Boomerang+1","floor":18.0},{"not_picked":["Headbutt","Cleave+1"],"picked":"Spot Weakness+1","floor":20.0},{"not_picked":["Cleave","Wild Strike"],"picked":"Heavy Blade+1","floor":23.0},{"not_picked":["Clash","Armaments"],"picked":"Demon Form","floor":24.0},{"not_picked":["Fire Breathing","Rupture+1"],"picked":"Shrug It Off","floor":24.0},{"not_picked":["Pummel","Shockwave"],"picked":"Perfected Strike","floor":25.0},{"not_picked":["Anger","ReplayTheSpireMod:Strike From Hell+1"],"picked":"ReplayTheSpireMod:Muscle Training","floor":27.0},{"not_picked":["Anger","Warcry","Replay:Undeath\u0027s Touch"],"picked":"SKIP","floor":27.0},{"not_picked":["Second Wind","Abandon"],"picked":"infinitespire:OneForAll","floor":29.0},{"not_picked":["Dark Embrace","True Grit+1"],"picked":"Perfected Strike+1","floor":30.0},{"not_picked":["Heavy Blade+1","Disarm"],"picked":"Inflame","floor":30.0},{"not_picked":["Searing Blow","ReplayTheSpireMod:Corrosion Curse+1"],"picked":"Metallicize+1","floor":31.0},{"not_picked":["Anger","Rampage+1"],"picked":"Perfected Strike","floor":31.0},{"not_picked":["Flame Barrier","Sentinel"],"picked":"Metallicize+1","floor":35.0},{"not_picked":["True Grit","Sword Boomerang"],"picked":"Shrug It Off","floor":35.0},{"not_picked":["Heavy Blade+1","Massacre"],"picked":"Body Slam+1","floor":37.0},{"not_picked":["ReplayTheSpireMod:Corrosion Curse+1","ReplayTheSpireMod:Strike From Hell+1","Warcry+1"],"picked":"SKIP","floor":37.0},{"not_picked":["hubris:ReadiedAction","Headbutt"],"picked":"Heavy Blade+1","floor":41.0},{"not_picked":["hubris:ReadiedAction","Armaments+1"],"picked":"Perfected Strike","floor":44},{"not_picked":["Wild Strike+1","Uppercut"],"picked":"Body Slam","floor":45},{"not_picked":["Feel No Pain","True Grit","Evolve+1"],"picked":"SKIP","floor":45},{"not_picked":["Clash","Ghostly Armor"],"picked":"Spot Weakness+1","floor":46},{"not_picked":["Second Wind+1","Warcry+1"],"picked":"Cleave+1","floor":46},{"not_picked":["Eclipse","Fire Breathing","Carnage"],"picked":"SKIP","floor":48},{"not_picked":["Twin Strike+1","Flex+1"],"picked":"Rage+1","floor":54}],"player_experience":679792,"relics_obtained":[{"floor":9.0,"key":"Paper Frog"},{"floor":23.0,"key":"Prayer Wheel"},{"floor":25.0,"key":"Vajra"},{"floor":26.0,"key":"Akabeko"},{"floor":29.0,"key":"infinitespire:Golems Mask"},{"floor":41.0,"key":"hubris:IronBody"},{"floor":44,"key":"Meat on the Bone"}],"event_choices":[{"damage_healed":0.0,"max_hp_gain":0.0,"max_hp_loss":0.0,"gold_gain":0.0,"event_name":"WeMeetAgain","player_choice":"Ignored","floor":2.0,"gold_loss":0.0,"damage_taken":0.0},{"damage_healed":0.0,"max_hp_gain":0.0,"max_hp_loss":0.0,"gold_gain":0.0,"event_name":"Duplicator","player_choice":"Copied","floor":21.0,"gold_loss":0.0,"damage_taken":0.0,"cards_obtained":["Inflame"]},{"damage_healed":0,"gold_gain":100,"player_choice":"Pray","damage_taken":0,"max_hp_gain":0,"max_hp_loss":0,"event_name":"Golden Shrine","floor":47,"gold_loss":0}],"is_beta":false,"boss_relics":[{"not_picked":["Replay:Bronze Core","energizedSpire:OgreHead"],"picked":"ChewingGum"},{"not_picked":["hubris:HollowSoul","energizedSpire:StickyHand"],"picked":"hubris:RunicObelisk"}],"items_purged_floors":[],"is_endless":false,"potions_floor_spawned":[7,12,16,25,27,30,31,35,41,44,45,46,54],"killed_by":"The Heart","ascension_level":1}}