{"host":"4kbqeuw4a1wt9r2z","time":1608676016,"event":{"mods":["Act Like it!","BaseMod","Downfall","GifTheSpireLib","Googly Eyes","Minty Spire (QoL Compilation)","StSLib"],"gold_per_floor":[99,99,99,99,109,123,200,218,244,261,261,295,145,21,38,137,137,137,151,171,12,12,112,112,146,146,146,164,176,41,61,75,176,176,101,117,132,132,145,174,174,205,105,105,105,155,171,191,234,234,234,259,22,22,22],"floor_reached":56,"playtime":4702,"items_purged":["sneckomod:Defend","Shame"],"score":1364,"play_id":"9a88fa62-41b8-4246-90af-1b4ca1a87096","local_time":"20201223012656","is_ascension_mode":false,"campfire_choices":[{"data":"sneckomod:SnekBite","floor":1.0,"key":"SMITH"},{"floor":13.0,"key":"REST"},{"data":"sneckomod:Unknown3Cost","floor":18.0,"key":"SMITH"},{"floor":26.0,"key":"RECALL"},{"data":"sneckomod:CheapStock","floor":35,"key":"SMITH"},{"data":"sneckomod:UnknownRareAttack","floor":44,"key":"SMITH"},{"floor":54,"key":"REST"}],"circlet_count":0,"master_deck":["sneckomod:Strike","sneckomod:Defend","sneckomod:Defend","sneckomod:TailWhip","sneckomod:SnekBite+1","sneckomod:Unknown","sneckomod:Unknown","sneckomod:DefensiveFlair","sneckomod:SerpentIdol","sneckomod:IronFang","sneckomod:UnknownClassHEXA_GHOST_PURPLE","sneckomod:WideSting","sneckomod:QuickMove+1","sneckomod:Mudshield+1","sneckomod:UnknownUncommonPower+2","sneckomod:Nope","sneckomod:UnknownClassGUARDIAN","sneckomod:SnakeSap+1","sneckomod:UnknownUncommonPower+1","sneckomod:SlitherStrike","sneckomod:Unknown3Cost+1","sneckomod:UnknownClassGREEN+1","sneckomod:ImprovisedAttack","sneckomod:UnknownClassSLIMEBOUND+1","sneckomod:Nope+1","sneckomod:UnknownEthereal","sneckomod:UnknownUncommonPower+1","sneckomod:UnknownRareAttack+1","sneckomod:UnknownVulnerable+1","sneckomod:CheapStock+1","sneckomod:UnknownRareAttack+1","sneckomod:UnknownVulnerable+1","sneckomod:SnekBeam+1","sneckomod:UnknownClassGUARDIAN+1","expansioncontent:Chronoboost"],"relics":["sneckomod:SneckoSoul","downfall:HeartsMalice","StrikeDummy","Bronze Scales","downfall:HeartBlessingGreen","downfall:HeartBlessingBlue","Snecko Eye","Bag of Preparation","Dead Branch","Bird Faced Urn","Bottled Lightning","sneckomod:ConfusingCodex","Mercury Hourglass","Boot","Juzu Bracelet","Empty Cage","downfall:HeartBlessingRed","Whetstone","Torii","Omamori","Thread and Needle","Art of War","Happy Flower"],"acts_visited":["Exordium","TheCity","TheBeyond","TheEnding"],"potions_floor_usage":[55,55],"damage_taken":[{"damage":0.0,"enemies":"Cultist","floor":2.0,"turns":1.0},{"damage":0.0,"enemies":"Small Slimes","floor":3.0,"turns":1.0},{"damage":0.0,"enemies":"2 Louse","floor":4.0,"turns":1.0},{"damage":16.0,"enemies":"Gremlin Gang","floor":5.0,"turns":4.0},{"damage":6.0,"enemies":"Lots of Slimes","floor":6.0,"turns":4.0},{"damage":12.0,"enemies":"Blue Slaver","floor":8.0,"turns":3.0},{"damage":24.0,"enemies":"Gremlin Nob","floor":9.0,"turns":4.0},{"damage":2.0,"enemies":"2 Fungi Beasts","floor":10.0,"turns":4.0},{"damage":10.0,"enemies":"3 Sentries","floor":12.0,"turns":9.0},{"damage":0.0,"enemies":"downfall:FleeingMerchant","floor":14.0,"turns":4.0},{"damage":11.0,"enemies":"Exordium Wildlife","floor":15.0,"turns":3.0},{"damage":16.0,"enemies":"downfall:Silent","floor":16.0,"turns":3.0},{"damage":11.0,"enemies":"Spheric Guardian","floor":19.0,"turns":4.0},{"damage":10.0,"enemies":"Shell Parasite","floor":20.0,"turns":4.0},{"damage":11.0,"enemies":"downfall:FleeingMerchant","floor":21.0,"turns":4.0},{"damage":13.0,"enemies":"downfall:Defect","floor":23.0,"turns":5.0},{"damage":0.0,"enemies":"Gremlin Leader","floor":25.0,"turns":4.0},{"damage":0.0,"enemies":"Centurion and Healer","floor":28.0,"turns":2.0},{"damage":0,"enemies":"3 Cultists","floor":29,"turns":3},{"damage":2,"enemies":"downfall:FleeingMerchant","floor":30,"turns":2},{"damage":0,"enemies":"Shelled Parasite and Fungi","floor":31,"turns":2},{"damage":4,"enemies":"Centurion and Healer","floor":32,"turns":3},{"damage":52,"enemies":"downfall:Watcher","floor":33,"turns":6},{"damage":0,"enemies":"3 Shapes","floor":36,"turns":1},{"damage":3,"enemies":"3 Darklings","floor":37,"turns":4},{"damage":14,"enemies":"Writhing Mass","floor":39,"turns":3},{"damage":34,"enemies":"Reptomancer","floor":40,"turns":5},{"damage":24,"enemies":"Giant Head","floor":42,"turns":6},{"damage":0,"enemies":"Mind Bloom Boss Battle","floor":46,"turns":2},{"damage":6,"enemies":"Jaw Worm Horde","floor":47,"turns":3},{"damage":1,"enemies":"3 Darklings","floor":48,"turns":2},{"damage":5,"enemies":"Sphere and 2 Shapes","floor":49,"turns":3},{"damage":4,"enemies":"downfall:Defect","floor":50,"turns":5},{"damage":62,"enemies":"downfall:CharBossMerchant","floor":52,"turns":7},{"damage":40,"enemies":"downfall:NeowBoss","floor":55,"turns":18}],"seed_played":"-6214709445986585574","potions_obtained":[{"floor":5.0,"key":"champ:CounterPotion"},{"floor":6.0,"key":"EntropicBrew"},{"floor":10.0,"key":"Energy Potion"},{"floor":15.0,"key":"FearPotion"},{"floor":16.0,"key":"Ancient Potion"},{"floor":19.0,"key":"Explosive Potion"},{"floor":39,"key":"sneckomod:DiceRollPotion"}],"is_trial":false,"path_per_floor":["R","M","M","M","M","M","T","M","E","M","?","E","R","$","M","B",null,"R","M","M","$","?","?","T","E","R","?","M","M","$","M","M","B",null,"R","M","M","?","M","E","T","E","$","R","?","?","M","M","M","B",null,"E","$","R","B",null],"character_chosen":"THE_SNECKO","items_purchased":["sneckomod:UnknownUncommonPower","Bag of Preparation","Boot","sneckomod:UnknownRareAttack","Juzu Bracelet","expansioncontent:Chronoboost","Happy Flower"],"campfire_rested":2,"item_purchase_floors":[14,21,30,30,30,53,53],"current_hp_per_floor":[90,90,90,90,75,69,69,57,33,32,32,23,63,64,53,38,105,105,95,85,79,79,66,66,80,80,58,60,63,67,70,70,49,117,117,117,116,108,115,87,87,77,77,77,77,79,85,90,91,101,122,75,75,111,111],"gold":22,"neow_bonus":"THREE_ENEMY_KILL","is_daily":false,"chose_seed":false,"campfire_upgraded":4,"win_rate":0.0,"timestamp":1608676016,"path_taken":["R","M","M","M","?","M","T","M","E","M","?","E","R","$","M","BOSS","R","M","M","$","?","?","T","E","R","?","M","M","?","M","M","BOSS","R","M","M","?","M","E","T","E","$","R","?","?","M","M","M","BOSS","E","$","R","BOSS"],"items_purchased_type":["Card","Relic","Relic","Card","Relic","Card","Relic"],"build_version":"2020-12-13","purchased_purges":2,"victory":true,"max_hp_per_floor":[90,90,90,90,91,91,91,91,91,92,92,93,103,104,104,105,105,105,106,106,107,107,107,107,107,107,112,112,113,115,116,116,117,117,117,117,117,117,118,118,118,118,118,118,118,118,122,122,122,122,122,123,123,123,123],"card_choices":[{"not_picked":["sneckomod:SoulRoll","sneckomod:UnknownCommonSkill"],"picked":"sneckomod:DefensiveFlair","floor":2.0},{"not_picked":["sneckomod:Unknown0Cost","sneckomod:Unknown1Cost"],"picked":"sneckomod:SerpentIdol","floor":3.0},{"not_picked":["sneckomod:UnknownClassHEXA_GHOST_PURPLE","sneckomod:DefensiveFlair"],"picked":"sneckomod:IronFang","floor":4.0},{"not_picked":["sneckomod:UnknownX","sneckomod:UnknownCommonAttack"],"picked":"sneckomod:UnknownClassHEXA_GHOST_PURPLE","floor":5.0},{"not_picked":["sneckomod:UnknownX","sneckomod:UnknownClassGUARDIAN"],"picked":"sneckomod:WideSting","floor":6.0},{"not_picked":["sneckomod:UnknownClassRED","sneckomod:DiceCrush"],"picked":"sneckomod:QuickMove","floor":8.0},{"not_picked":["sneckomod:UnknownBlock","sneckomod:UnknownClassHEXA_GHOST_PURPLE"],"picked":"sneckomod:Mudshield","floor":9.0},{"not_picked":["sneckomod:CheapStock","sneckomod:UnknownClassGUARDIAN"],"picked":"sneckomod:UnknownUncommonPower","floor":10.0},{"not_picked":["sneckomod:SnekBeam","sneckomod:DiceCrush"],"picked":"sneckomod:Nope","floor":12.0},{"not_picked":["sneckomod:DiceBoulder","sneckomod:SoulDraw"],"picked":"sneckomod:UnknownClassGUARDIAN","floor":12.0},{"not_picked":["sneckomod:UnknownClassHEXA_GHOST_PURPLE","sneckomod:QuickBite"],"picked":"sneckomod:SnakeSap","floor":14.0},{"not_picked":["sneckomod:PureSnecko","sneckomod:SoulDraw"],"picked":"sneckomod:SlitherStrike","floor":15.0},{"not_picked":["sneckomod:Cheat","sneckomod:Mudshield"],"picked":"sneckomod:Unknown3Cost","floor":16.0},{"not_picked":["sneckomod:UnknownClassTHE_CHAMP_GRAY","sneckomod:Nope+1"],"picked":"sneckomod:UnknownClassGREEN+1","floor":19.0},{"not_picked":["sneckomod:Nope","sneckomod:ImprovisedGuard"],"picked":"sneckomod:ImprovisedAttack","floor":20.0},{"not_picked":["sneckomod:QuickBite","sneckomod:UnknownStrike"],"picked":"sneckomod:UnknownClassSLIMEBOUND+1","floor":21.0},{"not_picked":["sneckomod:RainOfDice","sneckomod:Unknown1Cost"],"picked":"sneckomod:Nope+1","floor":25.0},{"not_picked":["sneckomod:SoulDraw","sneckomod:DiceBoulder+1","sneckomod:DiceCrush+1"],"picked":"SKIP","floor":28.0},{"not_picked":["sneckomod:UnknownCommonSkill","sneckomod:Cheat"],"picked":"sneckomod:UnknownEthereal","floor":29},{"not_picked":["sneckomod:DiceBlock","sneckomod:DiceBoulder"],"picked":"sneckomod:UnknownUncommonPower+1","floor":30},{"not_picked":["sneckomod:DiceBoulder","sneckomod:UnknownCommonSkill+1"],"picked":"sneckomod:UnknownVulnerable+1","floor":31},{"not_picked":["sneckomod:UnknownCommonSkill+1","sneckomod:UnknownVulnerable"],"picked":"sneckomod:CheapStock","floor":32},{"not_picked":["sneckomod:SoulExchange","sneckomod:Cheat"],"picked":"sneckomod:UnknownRareAttack","floor":33},{"not_picked":["sneckomod:QuickBite+1","sneckomod:UnknownCommonAttack+1","sneckomod:DiceBlock+1"],"picked":"SKIP","floor":36},{"not_picked":["sneckomod:UnknownClassRED+1","sneckomod:WideSting+1","sneckomod:DiceBlock+1"],"picked":"SKIP","floor":37},{"not_picked":["sneckomod:UnknownWeak","sneckomod:TrashToTreasure+1"],"picked":"sneckomod:UnknownVulnerable+1","floor":39},{"not_picked":["sneckomod:UnknownClassBLUE+1","sneckomod:QuickBite+1","sneckomod:SoulExchange"],"picked":"SKIP","floor":40},{"not_picked":["sneckomod:Restock","sneckomod:SoulExchange","sneckomod:SoulDraw"],"picked":"SKIP","floor":42},{"not_picked":["sneckomod:SerpentIdol","sneckomod:Unknown0Cost"],"picked":"sneckomod:SnekBeam+1","floor":47},{"not_picked":["sneckomod:DiceBlock+1","sneckomod:UnknownClassTHE_CHAMP_GRAY","sneckomod:Unknown1Cost"],"picked":"SKIP","floor":48},{"not_picked":["sneckomod:UnknownCommonAttack+1","sneckomod:QuickMove+1","sneckomod:DiceBoulder"],"picked":"SKIP","floor":49},{"not_picked":["sneckomod:UnknownExhaust","sneckomod:TrashToTreasure"],"picked":"sneckomod:UnknownClassGUARDIAN+1","floor":52}],"player_experience":474783,"relics_obtained":[{"floor":9.0,"key":"StrikeDummy"},{"floor":12.0,"key":"Bronze Scales"},{"floor":23.0,"key":"Bird Faced Urn"},{"floor":23.0,"key":"Bottled Lightning"},{"floor":24.0,"key":"sneckomod:ConfusingCodex"},{"floor":25.0,"key":"Mercury Hourglass"},{"floor":40,"key":"Whetstone"},{"floor":41,"key":"Torii"},{"floor":42,"key":"Omamori"},{"floor":46,"key":"Thread and Needle"},{"floor":52,"key":"Art of War"}],"event_choices":[{"damage_healed":0.0,"max_hp_gain":0.0,"max_hp_loss":0.0,"gold_gain":0.0,"event_name":"Accursed Blacksmith","player_choice":"Forge","floor":11.0,"gold_loss":0.0,"damage_taken":0.0,"cards_upgraded":["sneckomod:Mudshield"]},{"damage_healed":0.0,"max_hp_gain":0.0,"max_hp_loss":0.0,"gold_gain":0.0,"event_name":"Addict","player_choice":"Stole Relic","floor":22.0,"gold_loss":0.0,"damage_taken":0.0,"relics_obtained":["Dead Branch"],"cards_obtained":["Shame"]}],"is_beta":false,"boss_relics":[{"not_picked":["Cursed Key","Black Star"],"picked":"Snecko Eye"},{"not_picked":["Tiny House","Calling Bell"],"picked":"Empty Cage"}],"items_purged_floors":[14,43],"is_endless":false,"potions_floor_spawned":[5,6,10,15,16,19,28,29,33,42,47,48,49,52],"ascension_level":0}}