{"host":"dhv3u8yhd2rnugsp","time":1608669154,"event":{"mods":["BaseMod","Block Reminder","Colored Map","Googly Eyes","Highlight Path","Minty Spire (QoL Compilation)","Permanent Neow","Quick Restart","Random Character Button","StSLib"],"gold_per_floor":[115,132,145,95,170,201,219,245,270,270,289,28,57,57,57,155,155,173,173,173,73,87,87,114,114,114,142,142,177,209,64,64,162,162,174,190,190,240,256,297,297,329,329,352,352,352,369,398,398,398],"floor_reached":51,"playtime":2283,"items_purged":["Strike_P","SignatureMove"],"score":1681,"play_id":"6c524bc6-802d-4240-847b-d3b865dbc8fb","local_time":"20201222143234","is_ascension_mode":true,"campfire_choices":[{"data":"CrushJoints","floor":10,"key":"SMITH"},{"data":"SandsOfTime","floor":15,"key":"SMITH"},{"data":"SandsOfTime","floor":23,"key":"SMITH"},{"data":"SandsOfTime","floor":28,"key":"SMITH"},{"data":"Judgement","floor":32,"key":"SMITH"},{"data":"Ragnarok","floor":41,"key":"SMITH"},{"data":"1","floor":46,"key":"LIFT"},{"data":"2","floor":49,"key":"LIFT"}],"circlet_count":0,"master_deck":["AscendersBane","Eruption","Vigilance","SandsOfTime+1","SandsOfTime+1","CrushJoints+1","FearNoEvil","DeusExMachina","Vault","Wallop","RitualDagger","SandsOfTime+1","Wallop+1","Writhe","Swivel","Vault","ReachHeaven+1","Consecrate+1","SignatureMove+1","Collect+1","Ragnarok+1","SandsOfTime+1"],"relics":["Snecko Eye","WingedGreaves","Blood Vial","Ancient Tea Set","Orichalcum","Strawberry","Matryoshka","Pandora\u0027s Box","Nunchaku","Mummified Hand","MealTicket","Regal Pillow","Kunai","Akabeko","FossilizedHelix","PreservedInsect","Pen Nib","Medical Kit","Astrolabe","Girya","CeramicFish","Singing Bowl","TungstenRod","Vajra"],"acts_visited":["Exordium","TheCity","TheBeyond"],"potions_floor_usage":[7,8,16,22,27,29,50,50],"damage_taken":[{"damage":0,"enemies":"Small Slimes","floor":1,"turns":3},{"damage":0,"enemies":"Jaw Worm","floor":2,"turns":3},{"damage":0,"enemies":"Cultist","floor":3,"turns":1},{"damage":0,"enemies":"Lagavulin","floor":6,"turns":4},{"damage":0,"enemies":"3 Louse","floor":7,"turns":2},{"damage":7,"enemies":"3 Sentries","floor":8,"turns":2},{"damage":0,"enemies":"Blue Slaver","floor":11,"turns":2},{"damage":0,"enemies":"Gremlin Nob","floor":13,"turns":2},{"damage":21,"enemies":"The Guardian","floor":16,"turns":5},{"damage":0,"enemies":"Shell Parasite","floor":18,"turns":2},{"damage":0,"enemies":"3 Byrds","floor":22,"turns":3},{"damage":10,"enemies":"Gremlin Leader","floor":24,"turns":3},{"damage":6,"enemies":"Book of Stabbing","floor":27,"turns":3},{"damage":0,"enemies":"Slavers","floor":29,"turns":3},{"damage":10,"enemies":"Gremlin Leader","floor":30,"turns":2},{"damage":0,"enemies":"Champ","floor":33,"turns":4},{"damage":0,"enemies":"3 Darklings","floor":35,"turns":3},{"damage":0,"enemies":"3 Shapes","floor":36,"turns":2},{"damage":0,"enemies":"Mind Bloom Boss Battle","floor":38,"turns":4},{"damage":0,"enemies":"Sphere and 2 Shapes","floor":39,"turns":2},{"damage":0,"enemies":"Reptomancer","floor":40,"turns":3},{"damage":0,"enemies":"Nemesis","floor":42,"turns":4},{"damage":0,"enemies":"4 Shapes","floor":44,"turns":3},{"damage":0,"enemies":"Maw","floor":47,"turns":4},{"damage":0,"enemies":"Reptomancer","floor":48,"turns":3},{"damage":0,"enemies":"Time Eater","floor":50,"turns":2}],"seed_played":"-6361167107035495369","potions_obtained":[{"floor":1,"key":"SpeedPotion"},{"floor":2,"key":"LiquidMemories"},{"floor":3,"key":"Explosive Potion"},{"floor":8,"key":"Fruit Juice"},{"floor":13,"key":"Swift Potion"},{"floor":18,"key":"Strength Potion"},{"floor":22,"key":"Regen Potion"},{"floor":33,"key":"PowerPotion"},{"floor":36,"key":"DuplicationPotion"},{"floor":42,"key":"Block Potion"}],"is_trial":false,"path_per_floor":["M","M","M","?","?","E","M","E","T","R","M","$","E","?","R","B",null,"M","?","T","$","M","R","E","?","T","E","R","E","E","$","R","B",null,"M","M","?","?","M","E","R","E","T","M","?","R","M","E","R","B",null],"character_chosen":"WATCHER","items_purchased":["FearNoEvil","Orichalcum","Medical Kit"],"campfire_rested":0,"item_purchase_floors":[12,12,31],"current_hp_per_floor":[65,65,65,65,54,54,54,47,47,47,49,49,58,40,40,21,65,67,61,61,61,68,68,60,60,60,65,65,67,59,74,74,76,82,84,84,84,84,84,84,84,86,86,86,86,86,88,90,90,90],"gold":398,"neow_bonus":"BOSS_RELIC","is_daily":false,"chose_seed":false,"campfire_upgraded":6,"win_rate":0.0,"timestamp":1608669154,"path_taken":["M","M","M","?","?","E","M","E","T","R","M","$","E","?","R","BOSS","M","?","?","?","?","R","E","?","T","E","R","E","E","$","R","BOSS","M","M","?","?","M","E","R","E","T","?","?","R","M","E","R","BOSS"],"items_purchased_type":["Card","Relic","Relic"],"build_version":"2020-12-13","purchased_purges":2,"victory":true,"max_hp_per_floor":[72,72,72,72,72,72,72,72,72,72,72,72,79,79,79,79,79,79,79,79,79,84,84,84,84,84,84,84,84,84,84,84,84,84,84,84,84,84,84,84,84,86,86,86,86,86,88,90,90,90],"card_choices":[{"not_picked":["LikeWater","Consecrate","Pray"],"picked":"SKIP","floor":1},{"not_picked":["BowlingBash","Prostrate"],"picked":"SandsOfTime","floor":2},{"not_picked":["DeceiveReality","Wireheading"],"picked":"SandsOfTime","floor":3},{"not_picked":["Crescendo","Evaluate","ForeignInfluence"],"picked":"SKIP","floor":6},{"not_picked":["SashWhip","Consecrate"],"picked":"CrushJoints","floor":7},{"not_picked":["Halt","Conclude","FlurryOfBlows"],"picked":"SKIP","floor":8},{"not_picked":["EmptyMind","FlurryOfBlows","JustLucky"],"picked":"SKIP","floor":11},{"not_picked":["Vengeance","Consecrate","MentalFortress"],"picked":"SKIP","floor":13},{"not_picked":["Judgement","Devotion"],"picked":"DeusExMachina","floor":16},{"not_picked":["SignatureMove","FlurryOfBlows"],"picked":"Wallop","floor":18},{"not_picked":["Indignation+1","CrushJoints+1"],"picked":"SandsOfTime","floor":22},{"not_picked":["CarveReality","Consecrate"],"picked":"Wallop+1","floor":24},{"not_picked":["ClearTheMind","Adaptation+1"],"picked":"Swivel","floor":27},{"not_picked":["Perseverance","Evaluate","EmptyBody"],"picked":"SKIP","floor":29},{"not_picked":["Alpha","PathToVictory","LikeWater"],"picked":"SKIP","floor":30},{"not_picked":["Scrawl","Ragnarok"],"picked":"Vault","floor":33},{"not_picked":["Swivel+1","Wireheading","FlyingSleeves+1"],"picked":"SKIP","floor":35},{"not_picked":["Evaluate","FearNoEvil+1","InnerPeace"],"picked":"SKIP","floor":36},{"not_picked":["Perseverance+1","CrushJoints+1"],"picked":"Collect+1","floor":38},{"not_picked":["InnerPeace+1","LikeWater+1","Worship+1"],"picked":"SKIP","floor":39},{"not_picked":["CrushJoints+1","Indignation"],"picked":"Ragnarok","floor":40},{"not_picked":["WreathOfFlame","FollowUp","Protect"],"picked":"Singing Bowl","floor":42},{"not_picked":["ClearTheMind","Crescendo"],"picked":"SandsOfTime+1","floor":44},{"not_picked":["SashWhip","EmptyMind+1","SignatureMove+1"],"picked":"Singing Bowl","floor":47},{"not_picked":["LessonLearned","JustLucky","Indignation"],"picked":"Singing Bowl","floor":48}],"player_experience":1608355,"relics_obtained":[{"floor":6,"key":"WingedGreaves"},{"floor":8,"key":"Blood Vial"},{"floor":9,"key":"Ancient Tea Set"},{"floor":13,"key":"Strawberry"},{"floor":20,"key":"Nunchaku"},{"floor":20,"key":"Mummified Hand"},{"floor":24,"key":"MealTicket"},{"floor":26,"key":"Kunai"},{"floor":26,"key":"Akabeko"},{"floor":27,"key":"FossilizedHelix"},{"floor":29,"key":"PreservedInsect"},{"floor":30,"key":"Pen Nib"},{"floor":38,"key":"Girya"},{"floor":40,"key":"CeramicFish"},{"floor":42,"key":"Singing Bowl"},{"floor":43,"key":"TungstenRod"},{"floor":48,"key":"Vajra"}],"event_choices":[{"cards_removed":["Strike_P"],"damage_healed":0,"gold_gain":0,"player_choice":"Card Removal","damage_taken":0,"max_hp_gain":0,"max_hp_loss":0,"event_name":"The Cleric","floor":4,"gold_loss":50},{"damage_healed":0,"gold_gain":75,"player_choice":"Gather Gold","damage_taken":11,"max_hp_gain":0,"max_hp_loss":0,"event_name":"World of Goop","floor":5,"gold_loss":0},{"damage_healed":0,"gold_gain":0,"player_choice":"Success","damage_taken":18,"relics_obtained":["Matryoshka"],"max_hp_gain":0,"max_hp_loss":0,"event_name":"Scrap Ooze","floor":14,"gold_loss":0},{"damage_healed":0,"gold_gain":0,"player_choice":"Joined the Cult","damage_taken":6,"max_hp_gain":0,"max_hp_loss":0,"event_name":"Nest","floor":19,"gold_loss":0,"cards_obtained":["RitualDagger"]},{"damage_healed":0,"gold_gain":0,"player_choice":"Opened","damage_taken":0,"relics_obtained":["Regal Pillow"],"max_hp_gain":0,"max_hp_loss":0,"event_name":"The Mausoleum","floor":25,"gold_loss":0,"cards_obtained":["Writhe"]},{"cards_removed":["Judgement"],"damage_healed":0,"gold_gain":0,"player_choice":"Removed Skill","damage_taken":0,"max_hp_gain":0,"max_hp_loss":0,"event_name":"Falling","floor":37,"gold_loss":0},{"damage_healed":0,"gold_gain":0,"player_choice":"Fight","damage_taken":0,"max_hp_gain":0,"max_hp_loss":0,"event_name":"MindBloom","floor":38,"gold_loss":0},{"damage_healed":0,"gold_gain":0,"player_choice":"Ignored","damage_taken":0,"max_hp_gain":0,"max_hp_loss":0,"event_name":"Tomb of Lord Red Mask","floor":45,"gold_loss":0}],"is_beta":false,"boss_relics":[{"not_picked":["Tiny House","Runic Dome"],"picked":"Pandora\u0027s Box"},{"not_picked":["Velvet Choker","SacredBark"],"picked":"Astrolabe"}],"items_purged_floors":[12,21],"is_endless":false,"potions_floor_spawned":[1,2,3,8,13,18,22,33,36,42,47],"ascension_level":10}}