{"host":"03a85bwj0a5skoit","time":1608619764,"event":{"mods":["BaseMod","Block Reminder","Minty Spire (QoL Compilation)","Relic Stats","StSLib"],"gold_per_floor":[114,264,281,281,294,294,21,21,21,21,21,64,64,64,64,64,64],"floor_reached":16,"playtime":356,"items_purged":["Doubt"],"score":192,"play_id":"a202083b-fed0-46ab-9164-e0333d1bb024","local_time":"20201222171924","is_ascension_mode":true,"campfire_choices":[{"data":"Sever Soul","floor":6,"key":"SMITH"},{"data":"Whirlwind","floor":8,"key":"SMITH"},{"data":"Feel No Pain","floor":11,"key":"SMITH"},{"data":"Ghostly Armor","floor":13,"key":"SMITH"},{"data":"Bash","floor":15,"key":"SMITH"}],"circlet_count":0,"master_deck":["AscendersBane","Strike_R","Strike_R","Strike_R","Strike_R","Defend_R","Defend_R","Defend_R","Bash+1","Shrug It Off","Whirlwind+1","Sever Soul+1","Feel No Pain+1","Ghostly Armor+1"],"relics":["Empty Cage","CeramicFish","Incense Burner","Unceasing Top","FaceOfCleric"],"acts_visited":["Exordium"],"potions_floor_usage":[16],"damage_taken":[{"damage":7,"enemies":"2 Louse","floor":1,"turns":3},{"damage":18,"enemies":"Small Slimes","floor":3,"turns":7},{"damage":12,"enemies":"Cultist","floor":5,"turns":4},{"damage":22,"enemies":"3 Sentries","floor":12,"turns":6},{"damage":41,"enemies":"Hexaghost","floor":16,"turns":9}],"seed_played":"7208354701135466364","potions_obtained":[{"floor":1,"key":"PowerPotion"}],"is_trial":false,"path_per_floor":["M","?","M","?","M","R","$","R","T","$","R","E","R","?","R","B"],"character_chosen":"IRONCLAD","items_purchased":["CeramicFish","Feel No Pain"],"campfire_rested":0,"item_purchase_floors":[7,7],"current_hp_per_floor":[61,61,43,75,63,63,63,63,63,63,63,41,41,41,41,0,0],"gold":64,"neow_bonus":"BOSS_RELIC","is_daily":false,"chose_seed":false,"campfire_upgraded":5,"win_rate":0.0,"timestamp":1608619764,"path_taken":["M","?","M","?","?","R","?","R","T","$","R","E","R","?","R","BOSS"],"items_purchased_type":["Relic","Card"],"build_version":"2020-12-13","purchased_purges":1,"victory":false,"max_hp_per_floor":[75,75,75,75,75,75,75,75,75,75,75,75,75,75,75,75,75],"relic_stats":{"FaceOfCleric":0,"counters":[5,29],"CeramicFish":18,"obtain_stats":[{"FaceOfCleric":14,"CeramicFish":7,"Incense Burner":9,"Empty Cage":0,"Burning Blood":0,"Unceasing Top":12},{"FaceOfCleric":4,"CeramicFish":3,"Incense Burner":3,"Empty Cage":0,"Burning Blood":0,"Unceasing Top":4},{"FaceOfCleric":20,"CeramicFish":14,"Incense Burner":14,"Empty Cage":0,"Burning Blood":0,"Unceasing Top":20}],"Unceasing Top":[0]},"card_choices":[{"not_picked":["Clash","Armaments"],"picked":"Shrug It Off","floor":1},{"not_picked":["Clash","Perfected Strike"],"picked":"Whirlwind","floor":3},{"not_picked":["Pummel","Second Wind"],"picked":"Sever Soul","floor":5},{"not_picked":["Flex","Pummel"],"picked":"Ghostly Armor","floor":12}],"player_experience":2294179,"relics_obtained":[{"floor":9,"key":"Incense Burner"},{"floor":12,"key":"Unceasing Top"}],"event_choices":[{"damage_healed":0,"gold_gain":150,"player_choice":"AGREE","damage_taken":0,"max_hp_gain":0,"max_hp_loss":0,"event_name":"Liars Game","floor":2,"gold_loss":0,"cards_obtained":["Doubt"]},{"damage_healed":32,"gold_gain":0,"player_choice":"Full Heal","damage_taken":0,"max_hp_gain":0,"max_hp_loss":0,"event_name":"Wheel of Change","floor":4,"gold_loss":0},{"damage_healed":0,"gold_gain":0,"player_choice":"Trade","damage_taken":0,"relics_obtained":["FaceOfCleric"],"max_hp_gain":0,"max_hp_loss":0,"event_name":"FaceTrader","floor":14,"gold_loss":0}],"is_beta":false,"boss_relics":[],"items_purged_floors":[7],"is_endless":false,"potions_floor_spawned":[1],"killed_by":"Hexaghost","ascension_level":20}}