{"host":"8zzc9mdnfkdiyxma","time":1608618620,"event":{"mods":["2.2 Compatiblity","BaseMod","Better Altar","Better Match","Better Note","Better Sensory Stone","Better Skull","Better Third Choice","Better Vampires","Colored Map","Colored Powertips","Downfall","Emptier Cage","Energized Spire","Minty Spire (QoL Compilation)","Permanent Neow","Rare Cards Sparkle","Relic Filter","SacredBarkPlus","StSLib","Waifu the Spire"],"gold_per_floor":[109,125,125,137,137,137,137,137],"floor_reached":6,"playtime":421,"items_purged":[],"score":40,"play_id":"b086204b-12e7-462f-93d2-853d59faeba5","local_time":"20201222013020","is_ascension_mode":true,"campfire_choices":[],"circlet_count":0,"master_deck":["Guardian:Strike_Guardian","Guardian:Strike_Guardian","Guardian:Strike_Guardian","Guardian:Strike_Guardian","Guardian:Defend_Guardian","Guardian:Defend_Guardian","Guardian:Defend_Guardian","Guardian:Defend_Guardian","Guardian:CurlUp","Guardian:TwinSlam","Guardian:Gem_Red","Guardian:DecasProtection","Guardian:Orbwalk"],"relics":["Guardian:ModeShifter","NeowsBlessing","Toy Ornithopter","Strawberry","Ancient Tea Set"],"acts_visited":["Exordium"],"potions_floor_usage":[6],"damage_taken":[{"damage":0,"enemies":"Jaw Worm","floor":1,"turns":1},{"damage":0,"enemies":"Cultist","floor":2,"turns":1},{"damage":0,"enemies":"Small Slimes","floor":4,"turns":1},{"damage":40,"enemies":"3 Sentries","floor":6,"turns":8}],"seed_played":"-3289820026010544474","potions_obtained":[{"floor":4,"key":"PowerPotion"}],"is_trial":false,"path_per_floor":["M","M","?","M","?","E"],"character_chosen":"GUARDIAN","items_purchased":[],"campfire_rested":0,"item_purchase_floors":[],"current_hp_per_floor":[80,80,32,32,32,0,0,0],"gold":137,"neow_bonus":"THREE_ENEMY_KILL","is_daily":false,"chose_seed":false,"campfire_upgraded":0,"win_rate":0.0,"timestamp":1608618620,"path_taken":["M","M","?","?","?","E"],"items_purchased_type":[],"build_version":"2020-12-13","purchased_purges":0,"victory":false,"max_hp_per_floor":[80,80,87,87,87,87,87,87],"card_choices":[{"not_picked":["Guardian:PolyBeam","Guardian:Recover"],"picked":"Guardian:Gem_Red","floor":1},{"not_picked":["Guardian:DonusPower","Guardian:Preprogram"],"picked":"Guardian:DecasProtection","floor":2},{"not_picked":["Guardian:Reroute","Guardian:TimeCapacitor"],"picked":"Guardian:Orbwalk","floor":4}],"player_experience":1033792,"relics_obtained":[],"event_choices":[{"damage_healed":0,"gold_gain":0,"player_choice":"RE RE RE ","damage_taken":61,"relics_obtained":["Toy Ornithopter","Strawberry","Ancient Tea Set"],"max_hp_gain":0,"max_hp_loss":0,"event_name":"betterSkull:BetterSkull","floor":3,"gold_loss":0,"cards_upgraded":[]},{"damage_healed":0,"gold_gain":0,"player_choice":"Ignored","damage_taken":0,"max_hp_gain":0,"max_hp_loss":0,"event_name":"betterNote:BetterNote","floor":5,"gold_loss":0,"cards_obtained":["After Image"]}],"is_beta":false,"boss_relics":[],"items_purged_floors":[],"is_endless":false,"potions_floor_spawned":[4],"killed_by":"3 Sentries","ascension_level":2}}