{"host":"03a85bwj0a5skoit","time":1608607476,"event":{"mods":["BaseMod","Block Reminder","Minty Spire (QoL Compilation)","Relic Stats","StSLib"],"gold_per_floor":[117,117,132,97,97,97,115,115,115,115,130,462,462,493,493,566,566,576,93,93,116,131,148,148,165,165,183,183,183],"floor_reached":28,"playtime":819,"items_purged":["Strike_G"],"score":456,"play_id":"35ed24b8-18a1-4130-881a-52d14b116747","local_time":"20201222135436","is_ascension_mode":true,"campfire_choices":[{"data":"Eviscerate","floor":6,"key":"SMITH"},{"data":"Prepared","floor":8,"key":"SMITH"},{"data":"Neutralize","floor":10,"key":"SMITH"},{"data":"Reflex","floor":13,"key":"SMITH"},{"data":"Phantasmal Killer","floor":15,"key":"SMITH"},{"floor":24,"key":"REST"}],"circlet_count":0,"master_deck":["AscendersBane","Strike_G","Strike_G","Defend_G+1","Defend_G","Defend_G","Defend_G","Defend_G","Survivor+1","Neutralize+1","Eviscerate+1","Prepared+1","Dagger Throw","Deflect","Reflex+1","Phantasmal Killer+1","After Image","Tactician","Infinite Blades","Infinite Blades","Prepared","Leg Sweep","Noxious Fumes+1"],"relics":["Ring of the Snake","NeowsBlessing","StrikeDummy","Old Coin","Bottled Lightning","WristBlade","TungstenRod","Regal Pillow","Darkstone Periapt"],"acts_visited":["Exordium","TheCity"],"potions_floor_usage":[12,14,16,22,25,28,28],"damage_taken":[{"damage":0,"enemies":"Cultist","floor":1,"turns":1},{"damage":0,"enemies":"Small Slimes","floor":3,"turns":1},{"damage":0,"enemies":"2 Louse","floor":7,"turns":1},{"damage":12,"enemies":"Exordium Thugs","floor":11,"turns":3},{"damage":4,"enemies":"Lagavulin","floor":12,"turns":5},{"damage":2,"enemies":"3 Sentries","floor":14,"turns":4},{"damage":16,"enemies":"Slime Boss","floor":16,"turns":9},{"damage":15,"enemies":"2 Thieves","floor":18,"turns":4},{"damage":5,"enemies":"3 Byrds","floor":22,"turns":5},{"damage":13,"enemies":"Sentry and Sphere","floor":23,"turns":5},{"damage":17,"enemies":"Cultist and Chosen","floor":25,"turns":4},{"damage":5,"enemies":"Snake Plant","floor":27,"turns":4},{"damage":36,"enemies":"Slavers","floor":28,"turns":2}],"seed_played":"5907142444019858038","potions_obtained":[{"floor":7,"key":"GamblersBrew"},{"floor":11,"key":"BlessingOfTheForge"},{"floor":14,"key":"Explosive Potion"},{"floor":18,"key":"Explosive Potion"},{"floor":22,"key":"LiquidBronze"},{"floor":25,"key":"EssenceOfSteel"}],"is_trial":false,"path_per_floor":["M","?","M","?","?","R","M","R","T","R","M","E","R","E","R","B",null,"M","$","?","T","M","M","R","M","T","M","E"],"character_chosen":"THE_SILENT","items_purchased":["Infinite Blades","TungstenRod","Energy Potion"],"campfire_rested":1,"item_purchase_floors":[19,19,19],"current_hp_per_floor":[59,39,39,55,55,55,55,55,55,55,43,39,39,37,37,21,55,40,40,40,40,35,22,56,39,39,34,0,0],"gold":183,"neow_bonus":"THREE_ENEMY_KILL","is_daily":false,"chose_seed":false,"campfire_upgraded":5,"win_rate":0.0,"timestamp":1608607476,"path_taken":["M","?","M","?","?","R","?","R","T","R","?","E","R","E","R","BOSS","M","$","?","?","?","M","R","M","T","M","E"],"items_purchased_type":["Card","Relic","Potion"],"build_version":"2020-12-13","purchased_purges":1,"victory":false,"max_hp_per_floor":[66,66,66,66,66,66,66,66,66,66,66,66,66,66,66,66,66,66,66,66,66,66,66,66,66,66,66,66,66],"relic_stats":{"Darkstone Periapt":0,"Regal Pillow":15,"counters":[13,48],"obtain_stats":[{"Darkstone Periapt":26,"Regal Pillow":21,"NeowsBlessing":0,"WristBlade":17,"Bottled Lightning":14,"StrikeDummy":9,"TungstenRod":19,"Ring of the Snake":0,"Old Coin":12},{"Darkstone Periapt":11,"Regal Pillow":8,"NeowsBlessing":0,"WristBlade":7,"Bottled Lightning":6,"StrikeDummy":3,"TungstenRod":8,"Ring of the Snake":0,"Old Coin":5},{"Darkstone Periapt":42,"Regal Pillow":28,"NeowsBlessing":0,"WristBlade":24,"Bottled Lightning":15,"StrikeDummy":3,"TungstenRod":28,"Ring of the Snake":0,"Old Coin":11}],"TungstenRod":17,"Ring of the Snake":[26]},"card_choices":[{"not_picked":["Outmaneuver","Backflip"],"picked":"Eviscerate","floor":1},{"not_picked":["Expertise","Blur"],"picked":"Prepared","floor":3},{"not_picked":["Setup","Acrobatics"],"picked":"Dagger Throw","floor":7},{"not_picked":["Endless Agony","Finisher"],"picked":"Deflect","floor":11},{"not_picked":["Sucker Punch","Dodge and Roll"],"picked":"Reflex","floor":12},{"not_picked":["Heel Hook","Cloak And Dagger"],"picked":"Phantasmal Killer","floor":14},{"not_picked":["Storm of Steel","Adrenaline"],"picked":"After Image","floor":16},{"not_picked":["Deadly Poison+1","Terror"],"picked":"Tactician","floor":18},{"not_picked":["Poisoned Stab","Acrobatics"],"picked":"Infinite Blades","floor":22},{"not_picked":["Poisoned Stab","Slice"],"picked":"Prepared","floor":23},{"not_picked":["Crippling Poison","Deadly Poison"],"picked":"Leg Sweep","floor":25},{"not_picked":["Bouncing Flask","PiercingWail"],"picked":"Noxious Fumes+1","floor":27}],"player_experience":2286058,"relics_obtained":[{"floor":9,"key":"StrikeDummy"},{"floor":12,"key":"Old Coin"},{"floor":14,"key":"Bottled Lightning"},{"floor":21,"key":"Regal Pillow"},{"floor":26,"key":"Darkstone Periapt"}],"event_choices":[{"damage_healed":0,"gold_gain":0,"player_choice":"Entered Light","damage_taken":20,"max_hp_gain":0,"max_hp_loss":0,"event_name":"Shining Light","floor":2,"gold_loss":0,"cards_upgraded":["Survivor","Defend_G"]},{"damage_healed":16,"gold_gain":0,"player_choice":"Healed","damage_taken":0,"max_hp_gain":0,"max_hp_loss":0,"event_name":"The Cleric","floor":4,"gold_loss":35},{"cards_removed":["Strike_G"],"damage_healed":0,"gold_gain":0,"player_choice":"Offered Basic","damage_taken":0,"max_hp_gain":0,"max_hp_loss":0,"event_name":"Bonfire Elementals","floor":5,"gold_loss":0},{"cards_removed":["Strike_G"],"damage_healed":0,"gold_gain":0,"player_choice":"Elegance","damage_taken":0,"max_hp_gain":0,"max_hp_loss":0,"event_name":"Back to Basics","floor":20,"gold_loss":0}],"is_beta":false,"boss_relics":[{"not_picked":["Snecko Eye","Black Star"],"picked":"WristBlade"}],"items_purged_floors":[19],"is_endless":false,"potions_floor_spawned":[7,11,14,18,22,25],"killed_by":"Slavers","ascension_level":20}}