{"host":"ds3v42j7tpaaz1mg","time":1608623117,"event":{"mods":["AchievementEnabler","Aspiration","BaseMod","Beaked The Cultist","Bestiary","Better Altar","Better Note","Better Sensory Stone","BetterRewards","Block Reminder","Colored Powertips","Conspire","Downfall","Energized Spire","Halation","Hermit","Highlight Path","Hubris","Infinite Spire","Jorbs\u0027s Wanderer Trilogy","Minty Spire (QoL Compilation)","Relic Stats","Replay The Spire","StSLib","The Death Knight","The Elementalist","The Servant 0.9.4","vexMod"],"gold_per_floor":[111,111,186,204,204,238,249,249,249,174,204,224,224,255,255,355,355,373,22,34,34,34,67,67,67,67,93,105,133,245,268,280,396,408,437,467,479,504,532,544,568,580,580],"floor_reached":42,"playtime":1494,"items_purged":["Injury"],"score":803,"play_id":"43f5e8a2-6fb6-4883-98bc-642e2c8483b7","local_time":"20201222024517","is_ascension_mode":true,"campfire_choices":[{"floor":8.0,"key":"REST"},{"floor":15.0,"key":"REST"},{"data":"Auto Shields","floor":24.0,"key":"SMITH"},{"floor":28.0,"key":"REST"},{"data":"ReplayRNGCard","floor":32.0,"key":"SMITH"},{"floor":40,"key":"REST"}],"circlet_count":0,"master_deck":["Defend_B","Defend_B","Zap+1","Dualcast+1","Auto Shields+1","Turbo","Electrodynamics+1","Coolheaded","Defragment+1","Buffer+1","Doubt","Doubt","Leap+1","Redo+1","Self Repair+1","Defragment+1","Machine Learning+1","ReplayRNGCard+1","Loop+1","Biased Cognition+1","Turbo+1","Coolheaded","Steam+1","Conserve Battery+1"],"relics":["Cracked Core","NeowsBlessing","Frozen Egg 2","Oddly Smooth Stone","hubris:PeanutButter","Gremlin Horn","halation:SelfBoilingWater","Kintsugi","infinitespire:CheckeredPen","Iron Hammer","hubris:Reverence","MawBank","aspiration:BursterCore"],"acts_visited":["Exordium","TheCity","TheBeyond"],"potions_floor_usage":[38,42],"damage_taken":[{"damage":0.0,"enemies":"2 Louse","floor":1.0,"turns":1.0},{"damage":0.0,"enemies":"Small Slimes","floor":4.0,"turns":1.0},{"damage":0.0,"enemies":"Lagavulin","floor":6.0,"turns":1.0},{"damage":6.0,"enemies":"Jaw Worm","floor":7.0,"turns":2.0},{"damage":0.0,"enemies":"3 Sentries","floor":11.0,"turns":2.0},{"damage":0.0,"enemies":"Blue Slaver","floor":12.0,"turns":3.0},{"damage":31.0,"enemies":"Lagavulin","floor":14.0,"turns":6.0},{"damage":0.0,"enemies":"Slime Boss","floor":16.0,"turns":6.0},{"damage":2.0,"enemies":"Chosen","floor":18.0,"turns":6.0},{"damage":3.0,"enemies":"Spheric Guardian","floor":20.0,"turns":3.0},{"damage":19.0,"enemies":"Nightmare","floor":23.0,"turns":7.0},{"damage":19.0,"enemies":"Slavers","floor":27.0,"turns":4.0},{"damage":22.0,"enemies":"Snake Plant","floor":29.0,"turns":4.0},{"damage":0.0,"enemies":"conspire:HollyBat","floor":31.0,"turns":6.0},{"damage":59.0,"enemies":"Collector","floor":33.0,"turns":9.0},{"damage":20.0,"enemies":"3 Shapes","floor":35.0,"turns":4.0},{"damage":34,"enemies":"3 Darklings","floor":36,"turns":4},{"damage":24,"enemies":"Jaw Worm Horde","floor":38,"turns":4},{"damage":0,"enemies":"Maw","floor":39,"turns":7},{"damage":29,"enemies":"Writhing Mass","floor":41,"turns":5},{"damage":64,"enemies":"Giant Head","floor":42,"turns":12}],"seed_played":"7045715407181290508","potions_obtained":[{"floor":1.0,"key":"Fruit Juice"},{"floor":6.0,"key":"ColorlessPotion"},{"floor":16.0,"key":"DuplicationPotion"},{"floor":18.0,"key":"FearPotion"},{"floor":23.0,"key":"Languid Potion"},{"floor":31.0,"key":"FearPotion"},{"floor":38,"key":"Fruit Juice"},{"floor":41,"key":"sneckomod:MuddlingPotion"}],"is_trial":false,"path_per_floor":["M","?","?","M","?","E","M","R","T","$","E","M","?","E","R","B",null,"M","$","M","?","?","NM","R","?","T","E","R","M","?","M","R","B",null,"M","M","?","M","M","R","M","E"],"character_chosen":"DEFECT","items_purchased":["Redo+1","Self Repair+1","infinitespire:CheckeredPen"],"campfire_rested":4,"item_purchase_floors":[19,19,19],"current_hp_per_floor":[68,53,42,42,42,42,36,58,58,58,58,58,63,37,62,62,79,77,77,84,84,84,75,75,75,75,56,81,69,69,79,79,30,71,61,37,45,26,36,63,44,0,0],"gold":580,"neow_bonus":"THREE_ENEMY_KILL","is_daily":false,"chose_seed":false,"campfire_upgraded":2,"win_rate":0.0,"timestamp":1608623117,"path_taken":["M","?","?","M","?","E","M","R","T","$","E","M","?","E","R","BOSS","M","$","M","?","?","NM","R","?","T","E","R","M","?","M","R","BOSS","M","?","?","M","M","R","M","E"],"items_purchased_type":["Card","Card","Relic"],"build_version":"2020-12-13","purchased_purges":1,"victory":false,"max_hp_per_floor":[75,75,75,75,75,75,75,75,75,75,75,75,80,85,85,85,85,85,85,85,85,85,85,85,85,85,85,85,85,85,85,85,85,85,85,85,85,90,90,90,90,90,90],"relic_stats":{"Gremlin Horn":[10,10],"counters":[21,97],"MawBank":180,"aspiration:BursterCore":[37],"obtain_stats":[{"NeowsBlessing":0,"Gremlin Horn":11,"Oddly Smooth Stone":6,"infinitespire:CheckeredPen":19,"Frozen Egg 2":5,"halation:SelfBoilingWater":14,"MawBank":27,"aspiration:BursterCore":34,"hubris:PeanutButter":9,"Iron Hammer":23,"Kintsugi":17,"Cracked Core":0,"hubris:Reverence":26},{"NeowsBlessing":0,"Gremlin Horn":5,"Oddly Smooth Stone":3,"infinitespire:CheckeredPen":9,"Frozen Egg 2":2,"halation:SelfBoilingWater":7,"MawBank":12,"aspiration:BursterCore":15,"hubris:PeanutButter":4,"Iron Hammer":11,"Kintsugi":8,"Cracked Core":0,"hubris:Reverence":11},{"NeowsBlessing":0,"Gremlin Horn":7,"Oddly Smooth Stone":3,"infinitespire:CheckeredPen":28,"Frozen Egg 2":2,"halation:SelfBoilingWater":16,"MawBank":42,"aspiration:BursterCore":61,"hubris:PeanutButter":5,"Iron Hammer":38,"Kintsugi":22,"Cracked Core":0,"hubris:Reverence":38}]},"card_choices":[{"not_picked":["Beam Cell","Hologram"],"picked":"Auto Shields","floor":1.0},{"not_picked":["Compile Driver","Rebound"],"picked":"Doom and Gloom","floor":4.0},{"not_picked":["Gash","Stack"],"picked":"Turbo","floor":6.0},{"not_picked":["Conserve Battery","Beam Cell"],"picked":"Electrodynamics+1","floor":7.0},{"not_picked":["Rebound","Steam Power","ReplaySort"],"picked":"SKIP","floor":11.0},{"not_picked":["Barrage","Crystallizer+1"],"picked":"Coolheaded","floor":12.0},{"not_picked":["Scrape","Steam Power"],"picked":"Defragment+1","floor":14.0},{"not_picked":["Multi-Cast","ReplayRNGCard"],"picked":"Buffer+1","floor":16.0},{"not_picked":["BasicCrystalCard+1","Go for the Eyes"],"picked":"Leap+1","floor":18.0},{"not_picked":["ReplaySolidLightProjector","Ball Lightning"],"picked":"Defragment+1","floor":20.0},{"not_picked":["Core Surge","Hologram","Stack"],"picked":"SKIP","floor":23.0},{"not_picked":["Crystallizer+1","Rebound","Gash"],"picked":"SKIP","floor":27.0},{"not_picked":["Go for the Eyes+1","ReplayTheSpireMod:GoodbyeWorld+1","Streamline+1"],"picked":"SKIP","floor":29.0},{"not_picked":["Go for the Eyes","Streamline"],"picked":"Loop+1","floor":31.0},{"not_picked":["Electrodynamics+1","ReplayRNGCard"],"picked":"Biased Cognition+1","floor":33.0},{"not_picked":["ReplayTheSpireMod:GoodbyeWorld+1","Compile Driver"],"picked":"Turbo+1","floor":35.0},{"not_picked":["hubris:PowerSurge+1","Crystallizer+1"],"picked":"Coolheaded","floor":36},{"not_picked":["Turbo","hubris:Ukulele"],"picked":"Steam+1","floor":38},{"not_picked":["Beam Cell+1","Chaos+1","Static Discharge+1"],"picked":"SKIP","floor":39},{"not_picked":["Compile Driver","Steam+1"],"picked":"Conserve Battery+1","floor":41}],"player_experience":564481,"relics_obtained":[{"floor":6.0,"key":"Oddly Smooth Stone"},{"floor":9.0,"key":"hubris:PeanutButter"},{"floor":11.0,"key":"Gremlin Horn"},{"floor":14.0,"key":"halation:SelfBoilingWater"},{"floor":23.0,"key":"Iron Hammer"},{"floor":26.0,"key":"hubris:Reverence"},{"floor":27.0,"key":"MawBank"}],"event_choices":[{"damage_healed":0.0,"max_hp_gain":0.0,"max_hp_loss":0.0,"gold_gain":0.0,"event_name":"Shining Light","player_choice":"Entered Light","floor":2.0,"gold_loss":0.0,"damage_taken":15.0,"cards_upgraded":["Zap","Dualcast"]},{"damage_healed":0.0,"max_hp_gain":0.0,"max_hp_loss":0.0,"gold_gain":75.0,"event_name":"World of Goop","player_choice":"Gather Gold","floor":3.0,"gold_loss":0.0,"damage_taken":11.0},{"damage_healed":0.0,"max_hp_gain":5.0,"max_hp_loss":0.0,"gold_gain":0.0,"event_name":"Big Fish","player_choice":"Donut","floor":13.0,"gold_loss":0.0,"damage_taken":0.0},{"damage_healed":0.0,"max_hp_gain":0.0,"max_hp_loss":0.0,"gold_gain":0.0,"cards_transformed":["Defend_B","Doom and Gloom"],"event_name":"Drug Dealer","player_choice":"Became Test Subject","floor":25.0,"gold_loss":0.0,"damage_taken":0.0,"cards_obtained":["Machine Learning","ReplayRNGCard"]},{"damage_healed":0.0,"max_hp_gain":0.0,"max_hp_loss":0.0,"gold_gain":100.0,"event_name":"Golden Shrine","player_choice":"Pray","floor":30.0,"gold_loss":0.0,"damage_taken":0.0}],"is_beta":false,"boss_relics":[{"not_picked":["vexMod:DeviousBotling","hubris:TerracottaHorce"],"picked":"Kintsugi"},{"not_picked":["Black Star","Runic Dome"],"picked":"aspiration:BursterCore"}],"items_purged_floors":[10],"is_endless":false,"potions_floor_spawned":[1,6,16,18,23,31,38,41],"killed_by":"Giant Head","ascension_level":8}}