{"host":"7khtwbkyze7y134w","time":1608641286,"event":{"mods":["AchievementEnabler","BaseMod","Bestiary","Colored Map","Colored Powertips","Highlight Path","Minty Spire (QoL Compilation)","Quick Restart","Relic Stats","StSLib","SuperFastMode"],"gold_per_floor":[112,122,122,142,152,179,179,212,212,225,225,241,241,252,252,252,252],"floor_reached":16,"playtime":754,"items_purged":[],"score":114,"play_id":"1b9fbf02-99b5-40c4-a95f-76d8d506cd60","local_time":"20201222124806","is_ascension_mode":false,"campfire_choices":[{"floor":7,"key":"REST"},{"data":"Blade Dance","floor":15,"key":"SMITH"}],"circlet_count":0,"master_deck":["Strike_G","Strike_G+1","Strike_G","Strike_G","Strike_G","Defend_G","Defend_G","Defend_G","Defend_G","Defend_G","Survivor+1","Neutralize","Choke","Slice","Crippling Poison","Blade Dance+1"],"relics":["Ring of the Snake","NeowsBlessing","Pen Nib","InkBottle","Lizard Tail","Potion Belt"],"acts_visited":["Exordium"],"potions_floor_usage":[8,8,8,12,16],"damage_taken":[{"damage":0,"enemies":"Jaw Worm","floor":1,"turns":1},{"damage":0,"enemies":"2 Louse","floor":2,"turns":1},{"damage":0,"enemies":"Small Slimes","floor":4,"turns":1},{"damage":10,"enemies":"3 Louse","floor":5,"turns":3},{"damage":54,"enemies":"Lagavulin","floor":6,"turns":7},{"damage":16,"enemies":"3 Sentries","floor":8,"turns":8},{"damage":7,"enemies":"Blue Slaver","floor":10,"turns":3},{"damage":7,"enemies":"Looter","floor":12,"turns":2},{"damage":0,"enemies":"Exordium Wildlife","floor":14,"turns":2},{"damage":34,"enemies":"Slime Boss","floor":16,"turns":8}],"seed_played":"-7893752730526346512","potions_obtained":[{"floor":1,"key":"FearPotion"},{"floor":5,"key":"Energy Potion"},{"floor":6,"key":"GhostInAJar"},{"floor":8,"key":"Weak Potion"},{"floor":12,"key":"LiquidMemories"}],"is_trial":false,"path_per_floor":["M","M","$","M","M","E","R","E","T","M","?","M","T","M","R","B"],"character_chosen":"THE_SILENT","items_purchased":[],"campfire_rested":1,"item_purchase_floors":[],"current_hp_per_floor":[70,70,70,70,60,6,27,11,11,4,35,28,28,28,28,0,0],"gold":252,"neow_bonus":"THREE_ENEMY_KILL","is_daily":false,"chose_seed":false,"campfire_upgraded":1,"win_rate":0.0,"timestamp":1608641286,"path_taken":["M","M","$","M","M","E","R","E","T","M","?","M","?","M","R","BOSS"],"items_purchased_type":[],"build_version":"2020-12-13","purchased_purges":0,"victory":false,"max_hp_per_floor":[70,70,70,70,70,70,70,70,70,70,70,70,70,70,70,70,70],"relic_stats":{"Lizard Tail":35,"counters":[10,36],"Pen Nib":[5],"obtain_stats":[{"Potion Belt":13,"Lizard Tail":9,"NeowsBlessing":0,"Pen Nib":6,"InkBottle":8,"Ring of the Snake":0},{"Potion Belt":8,"Lizard Tail":6,"NeowsBlessing":0,"Pen Nib":5,"InkBottle":6,"Ring of the Snake":0},{"Potion Belt":26,"Lizard Tail":21,"NeowsBlessing":0,"Pen Nib":13,"InkBottle":21,"Ring of the Snake":0}],"InkBottle":[4],"Ring of the Snake":[20]},"card_choices":[{"not_picked":["Expertise","Quick Slash"],"picked":"Choke","floor":1},{"not_picked":["Masterful Stab","Dagger Spray","Backflip"],"picked":"SKIP","floor":2},{"not_picked":["Heel Hook","Underhanded Strike"],"picked":"Slice","floor":4},{"not_picked":["Expertise","Poisoned Stab","Footwork"],"picked":"SKIP","floor":5},{"not_picked":["Footwork","Dagger Spray"],"picked":"Crippling Poison","floor":6},{"not_picked":["Skewer","Caltrops","Glass Knife"],"picked":"SKIP","floor":8},{"not_picked":["Underhanded Strike","Deadly Poison","Acrobatics"],"picked":"SKIP","floor":10},{"not_picked":["Poisoned Stab","Phantasmal Killer","Sucker Punch"],"picked":"SKIP","floor":12},{"not_picked":["Quick Slash","Blur"],"picked":"Blade Dance","floor":14}],"player_experience":8108,"relics_obtained":[{"floor":6,"key":"Pen Nib"},{"floor":8,"key":"InkBottle"},{"floor":9,"key":"Lizard Tail"},{"floor":13,"key":"Potion Belt"}],"event_choices":[{"damage_healed":0,"gold_gain":0,"player_choice":"Entered Light","damage_taken":14,"max_hp_gain":0,"max_hp_loss":0,"event_name":"Shining Light","floor":11,"gold_loss":0,"cards_upgraded":["Strike_G","Survivor"]}],"is_beta":false,"boss_relics":[],"items_purged_floors":[],"is_endless":false,"potions_floor_spawned":[1,5,6,8,12],"killed_by":"Slime Boss","ascension_level":0}}