{"host":"lpze9ywvzk5bsxql","time":1608644335,"event":{"mods":["2.2 Compatiblity","BaseMod","Bestiary","Better Third Choice","Colored Map","Downfall","Ironclad Rager","Minty Spire (QoL Compilation)","Replay The Spire","StSLib"],"gold_per_floor":[111,111,131,142,157,157,14,14,37,65,65,65,93,0,0,95,95,113,123,123,123,89,120,140,31,31,31,58,70,70,87,87,186,186,206,4,4,22,22,22,55,66,66,66,86,119,119,144,144,144,144,144,1,34,34],"floor_reached":56,"playtime":4305,"items_purged":["Reaper","Bash"],"score":1604,"play_id":"d651441d-94b9-42b5-863f-953922637609","local_time":"20201222143855","is_ascension_mode":true,"campfire_choices":[{"data":"Exhume","floor":6,"key":"SMITH"},{"floor":11,"key":"REST"},{"floor":15,"key":"DIG"},{"floor":27,"key":"RECALL"},{"data":"Limit Break","floor":30,"key":"SMITH"},{"data":"Dramatic Entrance","floor":32,"key":"SMITH"},{"floor":40,"key":"REST"},{"floor":44,"key":"REST"},{"floor":47,"key":"REST"},{"floor":49,"key":"REST"}],"circlet_count":0,"master_deck":["Bash","Immolate+1","Rampage","Exhume+1","Dramatic Entrance+1","Dual Wield","Cleave","ReplayTheSpireMod:Strike From Hell","Apotheosis+1","Twin Strike+1","Enlightenment","Demon Form","Sentinel","Limit Break+1","Rage","ReplayTheSpireMod:Muscle Training","Reaper","Infernal Blade","ReplayTheSpireMod:Corrosion Curse","Heavy Blade","Disarm","Anger+1","Bludgeon","Spot Weakness","Inflame","Twin Strike","Warcry","Flex","Offering","Bloodletting+1","Massacre+1","Rage+1"],"relics":["Burning Blood","Sling","Mirror","White Beast Statue","Lantern","ReplayTheSpireMod:Spearhead","Pandora\u0027s Box","Orichalcum","InkBottle","Whetstone","SlaversCollar","BargainBundle","Gremlin Horn","Chameleon Ring","Centennial Puzzle","Smiling Mask","ReplayTheSpireMod:TigerMarble","CaptainsWheel"],"acts_visited":["Exordium","TheCity","TheBeyond","TheEnding"],"potions_floor_usage":[13,13,16,16,19,23,24,29,31,33,33,38,41,41,42,46,48,50,50,54,55,55],"damage_taken":[{"damage":1,"enemies":"Cultist","floor":1,"turns":3},{"damage":12,"enemies":"Jaw Worm","floor":3,"turns":2},{"damage":3,"enemies":"2 Louse","floor":4,"turns":2},{"damage":11,"enemies":"Blue Slaver","floor":5,"turns":3},{"damage":21,"enemies":"Lagavulin","floor":10,"turns":5},{"damage":9,"enemies":"Replay:BlueRogue","floor":13,"turns":3},{"damage":27,"enemies":"Fading Forest","floor":16,"turns":11},{"damage":29,"enemies":"Spheric Guardian","floor":18,"turns":4},{"damage":14,"enemies":"Chosen","floor":19,"turns":4},{"damage":7,"enemies":"Slavers","floor":23,"turns":2},{"damage":10,"enemies":"3 Cultists","floor":24,"turns":3},{"damage":1,"enemies":"Gremlin Leader","floor":28,"turns":5},{"damage":6,"enemies":"Cultist and Chosen","floor":29,"turns":3},{"damage":8,"enemies":"Centurion and Healer","floor":31,"turns":2},{"damage":33,"enemies":"Pondfish","floor":33,"turns":9},{"damage":24,"enemies":"Orb Walker","floor":35,"turns":4},{"damage":0,"enemies":"3 Shapes","floor":38,"turns":2},{"damage":8,"enemies":"Giant Head","floor":41,"turns":5},{"damage":22,"enemies":"Maw","floor":42,"turns":5},{"damage":24,"enemies":"Spire Growth","floor":45,"turns":3},{"damage":38,"enemies":"Reptomancer","floor":46,"turns":4},{"damage":19,"enemies":"Nemesis","floor":48,"turns":5},{"damage":86,"enemies":"Awakened One","floor":50,"turns":6},{"damage":24,"enemies":"Shield and Spear","floor":54,"turns":2},{"damage":44,"enemies":"The Heart","floor":55,"turns":5}],"seed_played":"3558310139677775390","potions_obtained":[{"floor":4,"key":"Explosive Potion"},{"floor":5,"key":"SpeedPotion"},{"floor":10,"key":"SkillPotion"},{"floor":13,"key":"hexamod:EctoCoolerPotion"},{"floor":16,"key":"Block Potion"},{"floor":18,"key":"Adrenaline Potion"},{"floor":19,"key":"ColorlessPotion"},{"floor":23,"key":"Regen Potion"},{"floor":24,"key":"Explosive Potion"},{"floor":28,"key":"champ:CounterPotion"},{"floor":29,"key":"SteroidPotion"},{"floor":31,"key":"Adrenaline Potion"},{"floor":33,"key":"Doom Potion"},{"floor":35,"key":"Fire Potion"},{"floor":37,"key":"ColorlessPotion"},{"floor":38,"key":"Cursed Concoction"},{"floor":41,"key":"PowerPotion"},{"floor":42,"key":"BloodPotion"},{"floor":45,"key":"BlessingOfTheForge"},{"floor":46,"key":"Dexterity Potion"},{"floor":48,"key":"Languid Potion"},{"floor":52,"key":"DuplicationPotion"},{"floor":52,"key":"DuplicationPotion"},{"floor":54,"key":"SteroidPotion"}],"is_trial":false,"path_per_floor":["M","?","M","M","M","R","$","T","T","E","R","?","E","?","R_BF","B",null,"M","M","?","?","$","E","M","$","T","R","E","M","R","M","R","B",null,"M","$","?","M","?","R","E","M","T","R","M","E","R","E","R","B",null,"R","$","E","B",null],"character_chosen":"IRONCLAD","items_purchased":["Sling","Anger+1","Inflame","BargainBundle","Flex","ReplayTheSpireMod:TigerMarble"],"campfire_rested":5,"item_purchase_floors":[7,22,25,36,36,53],"current_hp_per_floor":[80,80,74,77,72,72,72,72,72,57,80,80,77,83,83,78,86,80,80,80,80,80,85,81,81,81,81,86,86,86,84,84,72,86,68,68,68,74,74,86,86,70,70,86,68,36,61,60,85,41,86,86,86,85,47],"gold":34,"neow_bonus":"ONE_RANDOM_RARE_CARD","is_daily":false,"chose_seed":false,"campfire_upgraded":3,"win_rate":0.0,"timestamp":1608644335,"path_taken":["M","?","M","?","M","R","$","?","T","E","R","?","E","?","R_BF","BOSS","M","M","?","?","?","E","?","$","T","R","E","M","R","M","R","BOSS","M","$","?","?","?","R","E","M","T","R","M","E","R","E","R","BOSS","R","$","E","BOSS"],"items_purchased_type":["Relic","Card","Card","Relic","Card","Relic"],"build_version":"2020-12-13","purchased_purges":2,"victory":true,"max_hp_per_floor":[80,80,80,80,80,80,80,80,80,80,80,80,80,86,86,86,86,86,86,86,86,86,86,86,86,86,86,86,86,86,86,86,86,86,86,86,86,86,86,86,86,86,86,86,86,86,86,86,86,86,86,86,86,86,86],"card_choices":[{"not_picked":["Sword Boomerang","Heavy Blade"],"picked":"Rampage","floor":1},{"not_picked":["Headbutt","Clash","Pommel Strike"],"picked":"SKIP","floor":3},{"not_picked":["Battle Trance","Clash"],"picked":"Dual Wield","floor":4},{"not_picked":["Intimidate","Flame Barrier"],"picked":"Cleave","floor":5},{"not_picked":["Dual Wield","Massacre"],"picked":"ReplayTheSpireMod:Strike From Hell","floor":10},{"not_picked":["True Grit","Abandon"],"picked":"Twin Strike","floor":13},{"not_picked":["Demonic Infusion","Bludgeon"],"picked":"Demon Form","floor":16},{"not_picked":["Wild Strike","Run Through"],"picked":"Heavy Blade","floor":18},{"not_picked":["Wild Strike","ReplayTheSpireMod:Corrosion Curse"],"picked":"Disarm","floor":19},{"not_picked":["ReplayTheSpireMod:Strike From Hell","Blood for Blood"],"picked":"Bludgeon","floor":23},{"not_picked":["Twin Strike","Shockwave"],"picked":"Spot Weakness","floor":24},{"not_picked":["Pommel Strike","Heavy Blade","Body Slam"],"picked":"SKIP","floor":28},{"not_picked":["Clash","Juggernaut"],"picked":"Twin Strike","floor":29},{"not_picked":["Heavy Blade","Twin Strike+1"],"picked":"Warcry","floor":31},{"not_picked":["ReplayReversal","Pommel Strike","Clothesline+1"],"picked":"SKIP","floor":35},{"not_picked":["Pommel Strike","Clothesline","Sword Boomerang"],"picked":"SKIP","floor":38},{"not_picked":["Sword Boomerang+1","Dual Wield+1"],"picked":"Offering","floor":41},{"not_picked":["Flame Barrier+1","Havoc+1"],"picked":"Bloodletting+1","floor":42},{"not_picked":["Havoc+1","True Grit","Anger+1"],"picked":"SKIP","floor":45},{"not_picked":["ReplayTheSpireMod:Stacked","Clash+1"],"picked":"Massacre+1","floor":46},{"not_picked":["Heavy Blade","True Grit+1"],"picked":"Rage+1","floor":48},{"not_picked":["Iron Wave","Fire Breathing+1","Hemogenesis"],"picked":"SKIP","floor":54}],"player_experience":267572,"relics_obtained":[{"floor":8,"key":"Mirror"},{"floor":10,"key":"White Beast Statue"},{"floor":13,"key":"Lantern"},{"floor":15,"key":"ReplayTheSpireMod:Spearhead"},{"floor":23,"key":"Orichalcum"},{"floor":26,"key":"InkBottle"},{"floor":28,"key":"Whetstone"},{"floor":41,"key":"Gremlin Horn"},{"floor":43,"key":"Chameleon Ring"},{"floor":46,"key":"Centennial Puzzle"},{"floor":48,"key":"Smiling Mask"},{"floor":54,"key":"CaptainsWheel"}],"event_choices":[{"damage_healed":0,"gold_gain":0,"player_choice":"3 cards matched","damage_taken":0,"max_hp_gain":0,"max_hp_loss":0,"event_name":"Match and Keep!","floor":2,"gold_loss":0,"cards_obtained":["Exhume","Dramatic Entrance","Bash"]},{"damage_healed":80,"gold_gain":0,"player_choice":"Embrace","damage_taken":0,"max_hp_gain":0,"max_hp_loss":80,"event_name":"betterThird:BetterShining","floor":12,"gold_loss":0},{"damage_healed":0,"gold_gain":0,"player_choice":"RENOUNCE","damage_taken":93,"max_hp_gain":0,"max_hp_loss":0,"event_name":"betterThird:BetterSerpent","floor":14,"gold_loss":93,"cards_obtained":["Enlightenment"]},{"damage_healed":0,"gold_gain":0,"player_choice":"Ignored","damage_taken":0,"max_hp_gain":0,"max_hp_loss":0,"event_name":"Ghosts","floor":20,"gold_loss":0},{"cards_removed":["Brutality"],"damage_healed":0,"gold_gain":0,"player_choice":"Elegance","damage_taken":0,"max_hp_gain":0,"max_hp_loss":0,"event_name":"betterThird:BetterWriting","floor":21,"gold_loss":0},{"damage_healed":0,"gold_gain":0,"player_choice":"Got Potions","damage_taken":0,"max_hp_gain":0,"max_hp_loss":0,"event_name":"Lab","floor":37,"gold_loss":0},{"damage_healed":0,"gold_gain":0,"player_choice":"Ignored","damage_taken":0,"max_hp_gain":0,"max_hp_loss":0,"event_name":"betterThird:BetterPortal","floor":39,"gold_loss":0}],"is_beta":false,"boss_relics":[{"not_picked":["Ooze Armor","Mark of Pain"],"picked":"Pandora\u0027s Box"},{"not_picked":["Coffee Dripper","Velvet Choker"],"picked":"SlaversCollar"}],"items_purged_floors":[25,36],"is_endless":false,"potions_floor_spawned":[4,5,10,13,16,18,19,23,24,28,29,31,33,35,38,41,42,45,46,48,54],"ascension_level":2}}