{"host":"fdq5pmhluajjrf8d","time":1608657788,"event":{"mods":["BaseMod","Minty Spire (QoL Compilation)"],"gold_per_floor":[20,34,49,49,68,68,101,101,127,127,68,81,97,122,122,201,201,216,228,241,255,265,265,265],"floor_reached":23,"playtime":1309,"items_purged":[],"score":409,"play_id":"eb941a0e-2243-4a6a-bb6b-846522d41979","local_time":"20201222122308","is_ascension_mode":true,"campfire_choices":[{"data":"Cloak And Dagger","floor":6.0,"key":"SMITH"},{"data":"Terror","floor":8.0,"key":"SMITH"},{"data":"Blade Dance","floor":10.0,"key":"SMITH"},{"data":"Storm of Steel","floor":15,"key":"SMITH"}],"circlet_count":0,"master_deck":["AscendersBane","Strike_G","Strike_G","Strike_G","Strike_G","Strike_G","Defend_G","Defend_G","Defend_G","Defend_G","Defend_G","Survivor","Neutralize","Flying Knee","Cloak And Dagger+1","Backflip","Terror+1","Blade Dance+1","Blade Dance","PiercingWail","Storm of Steel+1","Adrenaline","Acrobatics","Envenom","Quick Slash+1"],"relics":["Ring of the Serpent","Strawberry","Akabeko","Odd Mushroom"],"acts_visited":["Exordium","TheCity"],"potions_floor_usage":[14,16,16,19,20],"damage_taken":[{"damage":4.0,"enemies":"Small Slimes","floor":1.0,"turns":3.0},{"damage":2.0,"enemies":"Cultist","floor":2.0,"turns":4.0},{"damage":2.0,"enemies":"Jaw Worm","floor":3.0,"turns":4.0},{"damage":1.0,"enemies":"Looter","floor":5.0,"turns":4.0},{"damage":30.0,"enemies":"Gremlin Nob","floor":7.0,"turns":4.0},{"damage":1.0,"enemies":"3 Louse","floor":12.0,"turns":3.0},{"damage":0,"enemies":"Large Slime","floor":13,"turns":3},{"damage":0,"enemies":"The Mushroom Lair","floor":14,"turns":1},{"damage":2,"enemies":"Slime Boss","floor":16,"turns":7},{"damage":1,"enemies":"3 Byrds","floor":18,"turns":5},{"damage":4,"enemies":"Chosen","floor":19,"turns":3},{"damage":4,"enemies":"Centurion and Healer","floor":20,"turns":5},{"damage":6,"enemies":"3 Cultists","floor":21,"turns":5},{"damage":56,"enemies":"Sentry and Sphere","floor":22,"turns":8},{"damage":12,"enemies":"Book of Stabbing","floor":23,"turns":2}],"seed_played":"4702864525461589646","potions_obtained":[{"floor":3.0,"key":"FearPotion"},{"floor":5.0,"key":"PowerPotion"},{"floor":12.0,"key":"SteroidPotion"},{"floor":14,"key":"GhostInAJar"},{"floor":16,"key":"EssenceOfSteel"},{"floor":18,"key":"Ancient Potion"}],"is_trial":false,"path_per_floor":["M","M","M","?","M","R","E","R","T","R","$","M","M","?","R","B",null,"M","M","M","M","M","E"],"character_chosen":"THE_SILENT","items_purchased":["Blade Dance"],"campfire_rested":0,"item_purchase_floors":[11],"current_hp_per_floor":[67,65,63,78,77,77,54,54,54,54,54,53,53,53,53,51,77,76,72,68,62,6,0,0],"gold":265,"neow_bonus":"TWENTY_PERCENT_HP_BONUS","is_daily":false,"chose_seed":false,"campfire_upgraded":4,"win_rate":0.0,"timestamp":1608657788,"path_taken":["M","M","M","?","?","R","E","R","T","R","$","M","M","?","R","BOSS","M","M","M","M","M","E"],"items_purchased_type":["Card"],"build_version":"2020-12-13","purchased_purges":0,"victory":false,"max_hp_per_floor":[78,78,78,78,78,78,85,85,85,85,85,85,85,85,85,85,85,85,85,85,85,85,85,85],"card_choices":[{"not_picked":["Prepared","Acrobatics"],"picked":"Flying Knee","floor":1.0},{"not_picked":["Concentrate","Sucker Punch"],"picked":"Cloak And Dagger","floor":2.0},{"not_picked":["Deadly Poison","Blur"],"picked":"Backflip","floor":3.0},{"not_picked":["Underhanded Strike","Dodge and Roll"],"picked":"Terror","floor":5.0},{"not_picked":["Accuracy","Deadly Poison"],"picked":"Blade Dance","floor":7.0},{"not_picked":["Catalyst","Backflip","Setup"],"picked":"SKIP","floor":12.0},{"not_picked":["Deflect","Blade Dance"],"picked":"PiercingWail","floor":13},{"not_picked":["Expertise","Infinite Blades"],"picked":"Storm of Steel","floor":14},{"not_picked":["Phantasmal Killer","Unload"],"picked":"Adrenaline","floor":16},{"not_picked":["Dagger Throw","Sucker Punch","Slice"],"picked":"SKIP","floor":18},{"not_picked":["Blade Dance","Cloak And Dagger"],"picked":"Acrobatics","floor":19},{"not_picked":["Acrobatics","Prepared","Calculated Gamble"],"picked":"SKIP","floor":20},{"not_picked":["Dodge and Roll","Sucker Punch"],"picked":"Envenom","floor":21},{"not_picked":["Eviscerate","Acrobatics"],"picked":"Quick Slash+1","floor":22}],"player_experience":1895105,"relics_obtained":[{"floor":7.0,"key":"Strawberry"},{"floor":9.0,"key":"Akabeko"},{"floor":14,"key":"Odd Mushroom"}],"event_choices":[{"damage_healed":15.0,"max_hp_gain":0.0,"max_hp_loss":0.0,"gold_gain":0.0,"event_name":"Wheel of Change","player_choice":"Full Heal","floor":4.0,"gold_loss":0.0,"damage_taken":0.0},{"damage_healed":0,"gold_gain":0,"player_choice":"Fought Mushrooms","damage_taken":0,"max_hp_gain":0,"max_hp_loss":0,"event_name":"Mushrooms","floor":14,"gold_loss":0}],"is_beta":false,"boss_relics":[{"not_picked":["Pandora\u0027s Box","HoveringKite"],"picked":"Ring of the Serpent"}],"items_purged_floors":[],"is_endless":false,"potions_floor_spawned":[3,5,12,14,16,18],"killed_by":"Book of Stabbing","ascension_level":19}}