{"host":"ydb2tj77qwtn71sy","time":1608642867,"event":{"mods":["2.2 Compatiblity","AchievementEnabler","Aspiration","BaseMod","Bestiary","Better Note","Better Skull","Better Third Choice","BetterRewards","Colored Map","Colored Powertips","Conspire","DeckTracker","Displayed Cursed Tome","Infinite Spire","Lobotomy","Minty Spire (QoL Compilation)","Relic Stats","Replay The Spire","Spicy Shops","StSLib","The Blue Laboratory","Uncapped"],"gold_per_floor":[111,126,136,136,150,179,189,189,237,237,262,262,290,290,290,392,392,403,423,434,445,455,480,480,498,498,533,32,51,51,66,66,163,163,175,186,205,56,68,68,98,98,145,174,174,174,202,215,215,215,215],"floor_reached":50,"playtime":2555,"items_purged":[],"score":1125,"play_id":"9ca11d85-57c7-482d-8ef7-b96fdc2fd9a0","local_time":"20201222221427","is_ascension_mode":true,"campfire_choices":[{"floor":8,"key":"REST"},{"data":"Cloak And Dagger","floor":15,"key":"SMITH"},{"floor":30,"key":"REST"},{"data":"Battle Trance","floor":32,"key":"SMITH"},{"floor":40,"key":"REST"},{"floor":42,"key":"REST"},{"floor":49,"key":"REST"}],"circlet_count":0,"master_deck":["Strike_G","Strike_G+1","Strike_G","Strike_G","Strike_G","Defend_G","Defend_G","Defend_G","Defend_G","Defend_G","Survivor","Neutralize","Infinite Blades+1","Dash","All Out Attack+1","Cloak And Dagger+1","Backflip+1","Blade Dance","Predator+1","Backstab+1","Sucker Punch+1","Dagger Spray+1","Quick Slash+1","Outmaneuver","Blur","Slice+1","Endless Agony+1","Bullet Time","Shrug It Off","Dagger Spray+1","Cleave+1","Leg Sweep","ReplayTheSpireMod:LeadingStrike+1","Battle Trance+1","Spot Weakness","Noxious Fumes+1","Normality","Backstab+1","Replay:Undeath\u0027s Touch+1","Body Slam+1","ReplayTheSpireMod:Limb From Limb+1","Phantasmal Killer","Slice+1","Cleave+1","Choke+1","Pommel Strike+1","Leg Sweep+1","Pommel Strike+1","Prepared+1","Carnage+1"],"relics":["Ring of the Snake","HandDrill","Paper Crane","Molten Egg 2","aspiration:TomeofQuesting","infinitespire:Lucky Rock","Replay:WaspNest","CaptainsWheel","aspiration:IroncladSkillbook","infinitespire:PuzzleCube","aspiration:FetidBarrel","infinitespire:Joker Card","Pantograph","Vajra","Lantern","conspire:SeveredTorchhead","Sling","Replay:Wax Seal","Toy Ornithopter","Whetstone","infinitespire:FocusingShard"],"acts_visited":["Exordium","TheCity","TheBeyond"],"potions_floor_usage":[27,39,50,50],"damage_taken":[{"damage":2,"enemies":"Jaw Worm","floor":1,"turns":2},{"damage":0,"enemies":"Small Slimes","floor":2,"turns":2},{"damage":0,"enemies":"Cultist","floor":3,"turns":2},{"damage":0,"enemies":"Exordium Wildlife","floor":5,"turns":3},{"damage":2,"enemies":"3 Sentries","floor":6,"turns":4},{"damage":7,"enemies":"Large Slime","floor":7,"turns":4},{"damage":0,"enemies":"Gremlin Nob","floor":11,"turns":3},{"damage":13,"enemies":"Replay:BlueRogue","floor":13,"turns":4},{"damage":5,"enemies":"Hexaghost","floor":16,"turns":9},{"damage":18,"enemies":"2 Thieves","floor":18,"turns":3},{"damage":1,"enemies":"Shell Parasite","floor":19,"turns":3},{"damage":0,"enemies":"3 Cultists","floor":20,"turns":4},{"damage":11,"enemies":"Centurion and Healer","floor":21,"turns":4},{"damage":5,"enemies":"conspire:HollyBat","floor":22,"turns":9},{"damage":9,"enemies":"Slavers","floor":23,"turns":4},{"damage":14,"enemies":"Snake Plant","floor":25,"turns":2},{"damage":0,"enemies":"conspire:SneckoGhost","floor":27,"turns":4},{"damage":12,"enemies":"Cultist and Chosen","floor":29,"turns":4},{"damage":0,"enemies":"Shelled Parasite and Fungi","floor":31,"turns":1},{"damage":42,"enemies":"Champ","floor":33,"turns":7},{"damage":3,"enemies":"3 Shapes","floor":35,"turns":3},{"damage":0,"enemies":"Orb Walker","floor":36,"turns":2},{"damage":26,"enemies":"4 Shapes","floor":37,"turns":3},{"damage":30,"enemies":"Writhing Mass","floor":39,"turns":2},{"damage":34,"enemies":"Nemesis","floor":41,"turns":5},{"damage":3,"enemies":"Giant Head","floor":44,"turns":6},{"damage":25,"enemies":"Nemesis","floor":47,"turns":5},{"damage":1,"enemies":"3 Darklings","floor":48,"turns":4},{"damage":76,"enemies":"conspire:OrnateMirror","floor":50,"turns":5}],"seed_played":"1232429944599832372","potions_obtained":[{"floor":5,"key":"Elixir"},{"floor":6,"key":"SneckoOil"},{"floor":11,"key":"blueLaboratory:ImpenetrablePotion"},{"floor":21,"key":"blueLaboratory:HorrorPotion"},{"floor":23,"key":"AttackPotion"},{"floor":29,"key":"blueLaboratory:BubblePotion"},{"floor":47,"key":"Dexterity Potion"}],"is_trial":false,"path_per_floor":["M","M","M","?","M","E","M","R","T","?","E","?","E","?","R","B",null,"M","M","M","M","M","E","?","M","T","E","$","M","R","M","R","B",null,"M","M","M","$","M","R","E","R","T","E","?","?","E","M","R","B"],"character_chosen":"THE_SILENT","items_purchased":["Infinite Blades+1","Dash","HandDrill","All Out Attack","Cloak And Dagger","Backflip+1","Paper Crane","Molten Egg 2","Blade Dance","Predator+1","Pantograph","Backstab+1","Replay:Undeath\u0027s Touch+1","Vajra","Lantern","Sling"],"campfire_rested":5,"item_purchase_floors":[0,0,0,0,0,0,0,0,0,0,28,28,28,28,28,38],"current_hp_per_floor":[61,61,61,54,54,52,45,66,66,71,71,71,58,58,58,53,70,56,59,63,56,55,50,50,40,40,44,44,36,58,62,62,37,66,67,71,49,49,23,45,15,37,37,38,38,38,17,20,42,0,0],"gold":215,"neow_bonus":"","is_daily":false,"chose_seed":false,"campfire_upgraded":2,"win_rate":0.0,"timestamp":1608642867,"path_taken":["M","M","M","?","M","E","M","R","T","?","E","?","E","?","R","BOSS","M","M","?","M","M","E","?","M","T","E","$","M","R","M","R","BOSS","M","M","M","$","M","R","E","R","T","E","?","?","E","M","R","BOSS"],"items_purchased_type":["Card","Card","Relic","Card","Card","Card","Relic","Relic","Card","Card","Relic","Card","Card","Relic","Card","Relic"],"build_version":"2020-12-13","purchased_purges":0,"victory":false,"max_hp_per_floor":[70,70,70,70,70,70,70,70,70,75,75,75,75,75,75,75,75,75,75,75,75,75,75,75,75,75,75,75,75,75,75,75,75,75,75,75,75,75,75,75,75,75,75,75,75,75,75,75,75,75,75],"relic_stats":{"counters":[128,548],"Pantograph":38,"HandDrill":[48],"Whetstone":["Strike_G","All Out Attack"],"obtain_stats":[{"Ice Cream":46,"TwistedFunnel":0,"Divine Protection":43,"infinitespire:BottledMercury":9,"Golden Egg":45,"Spirit Poop":20,"Vajra":0,"Whetstone":44,"Sling":0,"conspire:SeveredTorchhead":34,"Centennial Puzzle":47,"HornCleat":3,"infinitespire:ShieldingShard":26,"Strawberry":11,"MealTicket":9,"HandDrill":0,"Kunai":38,"Toxic Egg 2":4,"Replay:Wax Seal":0,"aspiration:StickyExplosives":47,"Happy Flower":5,"aspiration:Nostalgia":24,"Blue Candle":40,"Eternal Feather":6,"ReplayTheSpireMod:SealedPack":17,"Letter Opener":9,"Paper Crane":0,"aspiration:IroncladSkillbook":17,"SlaversCollar":17,"Onion Ring":24,"Simple Rune":0,"Molten Egg 2":0,"Mirror":0,"infinitespire:PuzzleCube":23,"Darkstone Periapt":26,"Lantern":0,"Replay:PocketPolymizer":24,"Torii":0,"SacredBark":34,"Blue Doll":9,"conspire:SpecialSausage":34,"aspiration:TomeofQuesting":9,"Replay:Multitool":45,"Juzu Bracelet":25,"Cursed Key":21,"PrismaticShard":29,"Ancient Tea Set":14,"conspire:TopHat":43,"ClockworkSouvenir":38,"Nunchaku":14,"Replay:Bandana":23,"Matryoshka":26,"TheAbacus":20,"WristBlade":17,"Pantograph":28,"infinitespire:Eraser":40,"Replay:Bottled Eggs":43,"Ring of the Snake":0,"aspiration:VileToxins":8,"Lee\u0027s Waffle":0,"Replay:M_StaffOfTheSnake":24,"Replay:Towering Pillar of Hats":8,"aspiration:FetidBarrel":43,"Basket Of Snakes":0,"PreservedInsect":24,"Replay:WaspNest":29,"infinitespire:Joker Card":27,"infinitespire:FocusingShard":47,"aspiration:HummingbirdHeart":28,"Omamori":48,"infinitespire:Lucky Rock":9,"Orichalcum":44,"CaptainsWheel":13,"Busted Crown":17,"infinitespire:Satchel":21,"Membership Card":24,"FossilizedHelix":31,"Toy Ornithopter":43},{"Ice Cream":33,"TwistedFunnel":46,"Divine Protection":31,"infinitespire:BottledMercury":52,"Golden Egg":96,"Spirit Poop":17,"Vajra":73,"Whetstone":125,"Sling":34,"conspire:SeveredTorchhead":119,"Centennial Puzzle":97,"HornCleat":1,"infinitespire:ShieldingShard":61,"Strawberry":53,"MealTicket":5,"HandDrill":99,"Kunai":94,"Toxic Egg 2":8,"Replay:Wax Seal":34,"aspiration:StickyExplosives":71,"Happy Flower":50,"aspiration:Nostalgia":60,"Blue Candle":95,"Eternal Feather":10,"ReplayTheSpireMod:SealedPack":15,"Letter Opener":79,"Paper Crane":99,"aspiration:IroncladSkillbook":108,"SlaversCollar":83,"Onion Ring":60,"Simple Rune":73,"Molten Egg 2":99,"Mirror":34,"infinitespire:PuzzleCube":114,"Darkstone Periapt":88,"Lantern":6,"Replay:PocketPolymizer":19,"Torii":73,"SacredBark":92,"Blue Doll":11,"conspire:SpecialSausage":25,"aspiration:TomeofQuesting":41,"Replay:Multitool":71,"Juzu Bracelet":88,"Cursed Key":17,"PrismaticShard":62,"Ancient Tea Set":82,"conspire:TopHat":31,"ClockworkSouvenir":94,"Nunchaku":14,"Replay:Bandana":60,"Matryoshka":20,"TheAbacus":84,"WristBlade":56,"Pantograph":116,"infinitespire:Eraser":69,"Replay:Bottled Eggs":95,"Ring of the Snake":0,"aspiration:VileToxins":52,"Lee\u0027s Waffle":73,"Replay:M_StaffOfTheSnake":60,"Replay:Towering Pillar of Hats":79,"aspiration:FetidBarrel":69,"Basket Of Snakes":73,"PreservedInsect":60,"Replay:WaspNest":90,"infinitespire:Joker Card":116,"infinitespire:FocusingShard":126,"aspiration:HummingbirdHeart":21,"Omamori":72,"infinitespire:Lucky Rock":105,"Orichalcum":32,"CaptainsWheel":107,"Busted Crown":43,"infinitespire:Satchel":17,"Membership Card":60,"FossilizedHelix":63,"Toy Ornithopter":124},{"Ice Cream":145,"TwistedFunnel":207,"Divine Protection":134,"infinitespire:BottledMercury":231,"Golden Egg":414,"Spirit Poop":81,"Vajra":315,"Whetstone":534,"Sling":148,"conspire:SeveredTorchhead":513,"Centennial Puzzle":419,"HornCleat":2,"infinitespire:ShieldingShard":271,"Strawberry":238,"MealTicket":12,"HandDrill":435,"Kunai":402,"Toxic Egg 2":27,"Replay:Wax Seal":148,"aspiration:StickyExplosives":308,"Happy Flower":221,"aspiration:Nostalgia":267,"Blue Candle":408,"Eternal Feather":41,"ReplayTheSpireMod:SealedPack":69,"Letter Opener":332,"Paper Crane":435,"aspiration:IroncladSkillbook":468,"SlaversCollar":352,"Onion Ring":267,"Simple Rune":315,"Molten Egg 2":435,"Mirror":148,"infinitespire:PuzzleCube":495,"Darkstone Periapt":373,"Lantern":19,"Replay:PocketPolymizer":86,"Torii":315,"SacredBark":393,"Blue Doll":44,"conspire:SpecialSausage":109,"aspiration:TomeofQuesting":175,"Replay:Multitool":308,"Juzu Bracelet":373,"Cursed Key":81,"PrismaticShard":274,"Ancient Tea Set":343,"conspire:TopHat":134,"ClockworkSouvenir":402,"Nunchaku":53,"Replay:Bandana":267,"Matryoshka":89,"TheAbacus":359,"WristBlade":251,"Pantograph":501,"infinitespire:Eraser":301,"Replay:Bottled Eggs":408,"Ring of the Snake":0,"aspiration:VileToxins":231,"Lee\u0027s Waffle":315,"Replay:M_StaffOfTheSnake":267,"Replay:Towering Pillar of Hats":332,"aspiration:FetidBarrel":301,"Basket Of Snakes":315,"PreservedInsect":267,"Replay:WaspNest":381,"infinitespire:Joker Card":501,"infinitespire:FocusingShard":539,"aspiration:HummingbirdHeart":96,"Omamori":310,"infinitespire:Lucky Rock":452,"Orichalcum":142,"CaptainsWheel":459,"Busted Crown":190,"infinitespire:Satchel":81,"Membership Card":267,"FossilizedHelix":277,"Toy Ornithopter":528}],"Toy Ornithopter":8,"Ring of the Snake":[257]},"card_choices":[{"not_picked":["Bane+1","Finisher+1"],"picked":"Backstab+1","floor":1},{"not_picked":["PiercingWail","Poisoned Stab+1"],"picked":"Sucker Punch+1","floor":2},{"not_picked":["Flying Knee+1","PiercingWail"],"picked":"Dagger Spray+1","floor":3},{"not_picked":["Dodge and Roll","Acrobatics"],"picked":"Quick Slash+1","floor":5},{"not_picked":["Bane+1","Envenom"],"picked":"Outmaneuver","floor":6},{"not_picked":["Sucker Punch+1","Acrobatics"],"picked":"Blur","floor":7},{"not_picked":["Hidden Blade","Underhanded Strike+1"],"picked":"Slice+1","floor":11},{"not_picked":["Slice+1","Outmaneuver"],"picked":"Endless Agony+1","floor":13},{"not_picked":["Wraith Form v2","Grand Finale+1"],"picked":"Bullet Time","floor":16},{"not_picked":["Dodge and Roll","Sneak Up","Clothesline+1"],"picked":"Shrug It Off","floor":18},{"not_picked":["Perfected Strike+1","Flying Knee+1","Armaments+1"],"picked":"Dagger Spray+1","floor":19},{"not_picked":["Sneak Up","Flex","Combust+1"],"picked":"Cleave+1","floor":20},{"not_picked":["Hidden Blade","Perfected Strike+1","Cloak And Dagger"],"picked":"Leg Sweep","floor":21},{"not_picked":["Dagger Spray+1","Unload+1","Bloodletting+1"],"picked":"ReplayTheSpireMod:LeadingStrike+1","floor":22},{"not_picked":["ReplayTheSpireMod:Exploit Weakness","Dark Embrace+1","Impervious"],"picked":"Battle Trance","floor":23},{"not_picked":["Reckless Charge+1","Noxious Fumes+1","Cloak And Dagger"],"picked":"Spot Weakness","floor":25},{"not_picked":["Clothesline+1","Clash+1","Eclipse"],"picked":"Noxious Fumes+1","floor":27},{"not_picked":["conspire:ExplosiveBarrier","Dodge and Roll","Hidden Blade"],"picked":"Body Slam+1","floor":29},{"not_picked":["Rampage+1","Second Wind+1","ReplayTheSpireMod:The Works"],"picked":"ReplayTheSpireMod:Limb From Limb+1","floor":31},{"not_picked":["Exhume","Impervious","ReplayTheSpireMod:Necrosis"],"picked":"Phantasmal Killer","floor":33},{"not_picked":["Prepared+1","Catalyst+1","Bane+1"],"picked":"Slice+1","floor":35},{"not_picked":["Heavy Blade+1","Life Link+1","Inflame"],"picked":"Cleave+1","floor":36},{"not_picked":["Masterful Stab+1","Dodge and Roll","Backflip"],"picked":"Choke+1","floor":37},{"not_picked":["Quick Slash+1","ReplayTheSpireMod:Muscle Training+1","Predator+1"],"picked":"Pommel Strike+1","floor":39},{"not_picked":["ReplayTheSpireMod:Scrap Shanks+1","Whirlwind+1","Feel No Pain+1"],"picked":"Leg Sweep+1","floor":41},{"not_picked":["True Grit","Concentrate","Entrench"],"picked":"Pommel Strike+1","floor":44},{"not_picked":["Bane+1","Perfected Strike+1","Twin Strike+1"],"picked":"Prepared+1","floor":47},{"not_picked":["Massacre+1","Run Through+1","Blade Dance"],"picked":"Carnage+1","floor":48}],"player_experience":374640,"relics_obtained":[{"floor":6,"key":"aspiration:TomeofQuesting"},{"floor":9,"key":"infinitespire:Lucky Rock"},{"floor":11,"key":"Replay:WaspNest"},{"floor":13,"key":"CaptainsWheel"},{"floor":23,"key":"infinitespire:PuzzleCube"},{"floor":26,"key":"aspiration:FetidBarrel"},{"floor":27,"key":"infinitespire:Joker Card"},{"floor":41,"key":"Replay:Wax Seal"},{"floor":43,"key":"Toy Ornithopter"},{"floor":44,"key":"Whetstone"},{"floor":47,"key":"infinitespire:FocusingShard"}],"event_choices":[{"damage_healed":0,"gold_gain":1,"player_choice":"LEAVE","damage_taken":7,"max_hp_gain":0,"max_hp_loss":0,"event_name":"betterThird:BetterScrap","floor":4,"gold_loss":0,"cards_obtained":["Self Repair"]},{"damage_healed":0,"gold_gain":0,"player_choice":"Donut","damage_taken":0,"max_hp_gain":5,"max_hp_loss":0,"event_name":"Big Fish","floor":10,"gold_loss":0},{"damage_healed":0,"gold_gain":0,"player_choice":"Bought 0 Potions","damage_taken":0,"max_hp_gain":0,"max_hp_loss":0,"event_name":"The Woman in Blue","floor":14,"gold_loss":0},{"damage_healed":0,"gold_gain":0,"player_choice":"Ignored","damage_taken":0,"max_hp_gain":0,"max_hp_loss":0,"event_name":"Beggar","floor":24,"gold_loss":0},{"damage_healed":0,"gold_gain":0,"player_choice":"Leave","damage_taken":0,"max_hp_gain":0,"max_hp_loss":0,"event_name":"conspire:Investor","floor":45,"gold_loss":0},{"damage_healed":0,"gold_gain":0,"player_choice":"Ignored","damage_taken":0,"max_hp_gain":0,"max_hp_loss":0,"event_name":"Tomb of Lord Red Mask","floor":46,"gold_loss":0}],"is_beta":false,"boss_relics":[{"not_picked":["Kintsugi","Ectoplasm"],"picked":"aspiration:IroncladSkillbook"},{"not_picked":["Replay:Ancient Bell","Snecko Scales"],"picked":"conspire:SeveredTorchhead"}],"items_purged_floors":[],"is_endless":false,"potions_floor_spawned":[5,6,11,13,16,20,21,23,29,35,36,37,47],"killed_by":"conspire:OrnateMirror","ascension_level":7}}