{"host":"k5ezbu40hxyit46v","time":1608657141,"event":{"mods":["Act Like it!","Aspiration","Astrologer","BaseMod","BetterRewards","Conspire","DeckTracker","Energized Spire","Googly Eyes","Halation","HexUI Lib","Highlight Path","Hubris","Infinite Spire","Jedi Mod","Mad Scientist","Marisa????????","Minty Spire (QoL Compilation)","Quarter Circle Forward PUNCH!","Quick Restart","Replay The Spire","Reworked Bosses","Shop Mod","Spikes Relics","StSLib","The Administrix","The Awakened One except there are too many feathers","The Bladedancer","The Cursed","The IronCluck","The Servant 0.9.4","The Wild Card","everything is the same but u backflip on backflip","slay the spire mod where everything is the same but ironclad has a cowboy hat","vexMod"],"gold_per_floor":[36,52,52,90,123,194,194,225,225,225,243,243,278,100,100,177,177,190,206,206,206],"floor_reached":20,"playtime":586,"items_purged":["Strike_R","Strike_R","Strike_R"],"score":556,"play_id":"f520cfab-cc06-466d-8064-fbf0f922d9f9","local_time":"20201222121221","is_ascension_mode":true,"campfire_choices":[{"data":"infinitespire:Execution","floor":7.0,"key":"SMITH"},{"data":"Bash","floor":10.0,"key":"SMITH"},{"data":"Berserk","floor":12.0,"key":"SMITH"},{"data":"ReplayTheSpireMod:Limb From Limb","floor":15.0,"key":"SMITH"}],"circlet_count":0,"master_deck":["AscendersBane","Strike_R","Strike_R","Defend_R","Defend_R","Defend_R","Defend_R","Bash+1","conspire:Charge","HandOfGreed","ReplayTheSpireMod:Limb From Limb+1","infinitespire:Execution+1","Berserk+1","Whirlwind"],"relics":["Burning Blood","hubris:EmptyBottle","infinitespire:Lucky Rock","PreservedInsect","halation:SelfBoilingWater","vexMod:RetaliationKit","aspiration:PoetsPen_weak"],"acts_visited":["Exordium","TheCity"],"potions_floor_usage":[18,19],"damage_taken":[{"damage":9.0,"enemies":"infinitespire:Voidling","floor":1.0,"turns":3.0},{"damage":4.0,"enemies":"Jaw Worm","floor":2.0,"turns":4.0},{"damage":0.0,"enemies":"conspire:RoseBush","floor":4.0,"turns":4.0},{"damage":20.0,"enemies":"Large Slime","floor":5.0,"turns":6.0},{"damage":10.0,"enemies":"3 Sentries","floor":6.0,"turns":5.0},{"damage":3.0,"enemies":"3 Louse","floor":8.0,"turns":4.0},{"damage":18.0,"enemies":"Red Slaver","floor":11.0,"turns":4.0},{"damage":6.0,"enemies":"Large Slime","floor":13.0,"turns":3.0},{"damage":21.0,"enemies":"Hexaghost","floor":16.0,"turns":6.0},{"damage":17,"enemies":"2 Thieves","floor":18,"turns":3},{"damage":21,"enemies":"Shell Parasite","floor":19,"turns":2},{"damage":1,"enemies":"Chosen and Byrds","floor":20,"turns":3}],"seed_played":"7262668229051681817","potions_obtained":[{"floor":2.0,"key":"Block Potion"},{"floor":5.0,"key":"BloodPotion"},{"floor":6.0,"key":"ElixirPotion"},{"floor":13.0,"key":"DuplicationPotion"},{"floor":19,"key":"Elixir"}],"is_trial":false,"path_per_floor":["M","M","AVR","M","M","E","R","M","T","R","M","R","M","$","R","B",null,"M","M","M"],"character_chosen":"IRONCLAD","items_purchased":["hubris:EmptyBottle","infinitespire:Lucky Rock","conspire:Charge","HandOfGreed","Block Potion","Whirlwind"],"campfire_rested":0,"item_purchase_floors":[0,0,0,0,0,14],"current_hp_per_floor":[33,35,35,41,27,53,53,56,56,56,44,44,44,44,44,29,64,53,38,37,37],"gold":206,"neow_bonus":"","is_daily":false,"chose_seed":false,"campfire_upgraded":4,"win_rate":0.0,"timestamp":1608657141,"path_taken":["M","M","AVR","M","M","E","R","M","T","R","M","R","M","$","R","BOSS","M","?","M"],"items_purchased_type":["Relic","Relic","Card","Card","Potion","Card"],"build_version":"2020-12-13","purchased_purges":3,"victory":false,"max_hp_per_floor":[75,75,75,75,75,75,75,75,75,75,75,75,75,75,75,75,75,75,75,75,75],"card_choices":[{"not_picked":["Warcry","Invigoration","Uppercut"],"picked":"SKIP","floor":1.0},{"not_picked":["Armaments","Twin Strike"],"picked":"ReplayTheSpireMod:Limb From Limb","floor":2.0},{"not_picked":["Replay:Undeath\u0027s Touch","Headbutt","Heavy Blade"],"picked":"SKIP","floor":4.0},{"not_picked":["Warcry","ReplayTheSpireMod:Strike From Hell","True Grit"],"picked":"SKIP","floor":5.0},{"not_picked":["Iron Wave","Pommel Strike","Heavy Blade"],"picked":"SKIP","floor":6.0},{"not_picked":["True Grit","Pommel Strike","Wild Strike"],"picked":"SKIP","floor":8.0},{"not_picked":["Thunderclap","Clothesline"],"picked":"Berserk","floor":11.0},{"not_picked":["Pummel","Sword Boomerang","Body Slam"],"picked":"SKIP","floor":13.0},{"not_picked":["ReplayTheSpireMod:Strike From Hell","Infernal Blade","Abandon"],"picked":"SKIP","floor":18},{"not_picked":["Havoc","Dual Wield","Thunderclap"],"picked":"SKIP","floor":19}],"player_experience":1200624,"relics_obtained":[{"floor":6.0,"key":"halation:SelfBoilingWater"},{"floor":9.0,"key":"vexMod:RetaliationKit"}],"event_choices":[],"is_beta":false,"boss_relics":[{"not_picked":["conspire:SlowCooker","energizedSpire:SpiderWeb"],"picked":"aspiration:PoetsPen_weak"}],"items_purged_floors":[0,3,14],"is_endless":false,"potions_floor_spawned":[2,5,6,13,16,19],"killed_by":"Chosen and Byrds","ascension_level":20}}