{"host":"edk8ruzv78x6jv19","time":1608667085,"event":{"mods":["BaseMod","Bestiary","Better Third Choice","Energized Spire","Infinite Spire","Lobotomy","Minty Spire (QoL Compilation)","Replay The Spire","StSLib","The Blue Laboratory","Thieving Mod","Treasure Hunter"],"gold_per_floor":[118,118,185,110,172,172,172,172,172,232,301,77,177,227,227,344,294,324,44,94,144,144,144,144,243,243,319,319,407,132,205,205,225,225],"floor_reached":33,"playtime":1163,"items_purged":["Beam Cell","Redo","TH:ElvenBoots","Strike_B"],"score":341,"play_id":"d98d0df4-7178-4a17-a6d2-08ddad87f7e0","local_time":"20201222135805","daily_mods":["SealedDeck","Heirloom","Time Dilation","Flight","DeadlyEvents","Elite Swarm","Lethality","Night Terrors"],"is_ascension_mode":false,"campfire_choices":[{"data":"Sunder","floor":6,"key":"SMITH"},{"data":"Gash","floor":7,"key":"SMITH"},{"data":"Conserve Battery","floor":8,"key":"SMITH"},{"data":"1","floor":15,"key":"LIFT"},{"data":"infinitespire:Starlight","floor":23,"key":"SMITH"},{"data":"2","floor":24,"key":"LIFT"},{"data":"3","floor":28,"key":"LIFT"},{"data":"Thunder Strike","floor":32,"key":"SMITH"}],"circlet_count":0,"master_deck":["Go for the Eyes","Streamline","Cold Snap","Beam Cell","Beam Cell+1","Conserve Battery+1","Cold Snap+1","Coolheaded+1","Gash+1","Sunder+1","Gash","ReplayGash","Gash+1","TH:EnergyPotion","infinitespire:Starlight+1","infinitespire:FutureSight","Creative AI","Tempest","Thunder Strike+1","Static Discharge","ReplayGash","Panic Button+1"],"relics":["Cracked Core","SsserpentHead","BranchBurnRelic","Girya","Replay:Bandana","Blue Candle","Whetstone","energizedSpire:HugeHouse","Runic Capacitor","War Paint","Lantern","infinitespire:Cupcake","Calipers","Replay:Wax Seal","Art of War"],"acts_visited":["Exordium","TheCity"],"potions_floor_usage":[29,29,29,33],"damage_taken":[{"damage":0,"enemies":"Jaw Worm","floor":1,"turns":1},{"damage":0,"enemies":"infinitespire:Voidling","floor":3,"turns":1},{"damage":0,"enemies":"2 Louse","floor":5,"turns":1},{"damage":0,"enemies":"Blue Slaver","floor":10,"turns":1},{"damage":0,"enemies":"Looter","floor":11,"turns":1},{"damage":2,"enemies":"Replay:BlueRogue","floor":13,"turns":2},{"damage":0,"enemies":"Lagavulin","floor":14,"turns":2},{"damage":32,"enemies":"The Guardian","floor":16,"turns":4},{"damage":2,"enemies":"Chosen","floor":18,"turns":2},{"damage":16,"enemies":"Book of Stabbing","floor":25,"turns":2},{"damage":0,"enemies":"Spheric Guardian","floor":27,"turns":2},{"damage":29,"enemies":"Slavers","floor":29,"turns":3},{"damage":0,"enemies":"Snecko","floor":31,"turns":2},{"damage":50,"enemies":"Pondfish","floor":33,"turns":4}],"seed_played":"8206690143921606168","potions_obtained":[{"floor":1,"key":"FocusPotion"},{"floor":5,"key":"LiquidMemories"},{"floor":11,"key":"Explosive Potion"},{"floor":13,"key":"blueLaboratory:BottleOfVodka"},{"floor":25,"key":"DuplicationPotion"},{"floor":29,"key":"Flashbang"}],"is_trial":true,"path_per_floor":["M","?","M","$","M","R","R","R","T","M","M","$","E","E","R","B",null,"M","$","?","T","AVR","R","R","E","T","M","R","E","$","M","R","B"],"character_chosen":"DEFECT","items_purchased":["Replay:Bandana","ReplayGash","Runic Capacitor","Gash+1","Static Discharge","ReplayGash"],"campfire_rested":0,"item_purchase_floors":[12,12,19,19,30,30],"current_hp_per_floor":[75,75,75,75,75,75,75,75,75,75,75,75,73,73,73,50,70,68,68,68,68,68,68,68,54,54,54,54,34,34,34,34,0,0],"gold":225,"neow_bonus":"","is_daily":false,"chose_seed":false,"campfire_upgraded":5,"win_rate":0.0,"timestamp":1608667085,"path_taken":["M","?","?","$","?","R","R","R","T","?","?","$","?","E","R","BOSS","M","$","?","?","AVR","R","R","?","T","?","R","?","$","?","R","BOSS"],"items_purchased_type":["Relic","Card","Relic","Card","Card","Card"],"build_version":"2020-12-13","purchased_purges":4,"victory":false,"max_hp_per_floor":[75,75,75,75,75,75,75,75,75,75,75,75,75,75,75,75,70,70,70,70,70,70,70,70,70,70,70,70,70,70,70,70,70,70],"card_choices":[{"not_picked":["Barrage","Tempest","Streamline"],"picked":"SKIP","floor":1},{"not_picked":["Sweeping Beam","Steam"],"picked":"Gash","floor":3},{"not_picked":["Steam","Ball Lightning"],"picked":"Sunder","floor":5},{"not_picked":["TH:DeckOfManyThings","TH:BikiniMail"],"picked":"SKIP","floor":9},{"not_picked":["White Noise","Go for the Eyes","Conserve Battery"],"picked":"SKIP","floor":10},{"not_picked":["Chaos","Hologram"],"picked":"Gash","floor":11},{"not_picked":["TH:BikiniMail","TH:EnergyPotion"],"picked":"SKIP","floor":13},{"not_picked":["Seek","ReplayTheSpireMod:Omega Cannon","All For One"],"picked":"SKIP","floor":13},{"not_picked":["TH:CopperCoins","TH:DeckOfManyThings"],"picked":"SKIP","floor":14},{"not_picked":["Rainbow","Thunder Strike","Biased Cognition"],"picked":"SKIP","floor":14},{"not_picked":["TH:EnergyPotion"],"picked":"TH:ElvenBoots","floor":16},{"not_picked":["ReplayTheSpireMod:GoodbyeWorld+1","BasicCrystalCard","Go for the Eyes"],"picked":"SKIP","floor":18},{"not_picked":["TH:PixieDust"],"picked":"TH:EnergyPotion","floor":21},{"not_picked":["Electrodynamics","Buffer"],"picked":"Creative AI","floor":25},{"not_picked":["TH:PixieDust","TH:ArmorSpikes"],"picked":"SKIP","floor":25},{"not_picked":["TH:Mimic","TH:BikiniMail"],"picked":"SKIP","floor":26},{"not_picked":["ReplaySort","Cold Snap"],"picked":"Tempest","floor":27},{"not_picked":["Echo Form","Hyperbeam"],"picked":"Thunder Strike","floor":29},{"not_picked":["TH:ArmorSpikes","TH:EnergyPotion"],"picked":"SKIP","floor":29},{"not_picked":["Redo","Ball Lightning"],"picked":"Panic Button+1","floor":31}],"player_experience":31906,"relics_obtained":[{"floor":9,"key":"Girya"},{"floor":13,"key":"Blue Candle"},{"floor":14,"key":"Whetstone"},{"floor":21,"key":"War Paint"},{"floor":25,"key":"Calipers"},{"floor":26,"key":"Replay:Wax Seal"},{"floor":29,"key":"Art of War"}],"event_choices":[{"damage_healed":0,"gold_gain":0,"player_choice":"Trade","damage_taken":0,"relics_obtained":["SsserpentHead"],"max_hp_gain":0,"max_hp_loss":0,"event_name":"FaceTrader","floor":2,"gold_loss":0},{"damage_healed":0,"gold_gain":0,"player_choice":"Ignored","damage_taken":0,"max_hp_gain":0,"max_hp_loss":0,"event_name":"Vampires","floor":20,"gold_loss":0}],"is_beta":false,"boss_relics":[{"not_picked":["Philosopher\u0027s Stone","Abe\u0027s Treasure"],"picked":"energizedSpire:HugeHouse"}],"items_purged_floors":[4,19,22,30],"is_endless":false,"potions_floor_spawned":[1,5,11,13,16,25,29],"killed_by":"Pondfish","ascension_level":0}}