{"host":"xnqz5xrogo3hmjp9","time":1608633398,"event":{"mods":["ATMod(阿瑾Mod)","AchievementEnabler","BaseMod","Better Third Choice","BetterRewards","Colored Map","Colored Powertips","Conspire","Dota2Spire","Downfall","GifTheSpireLib","Hermit","Infinite Spire","KinomotoSakuraMod(木之本樱)","Marisa（F雨　魔理沙）","Marked Mod","Minty Spire (QoL Compilation)","Quick Restart","Relic Stats","Remilia（蕾米莉亚）","Replay The Spire","Shop Mod","Spicy Shops","StSLib","SuperFastMode","The Bladedancer","The Mystic","The Senshi","Yuri Mod","[功能]商店购物价格优惠80%"],"gold_per_floor":[110,132,145,93,93,148,186,251,251,336,336,372,434,485,485,712,712,775,837,875,935,1020,1178,1215,1215],"floor_reached":24,"playtime":1909,"items_purged":[],"score":310,"play_id":"f17ba36f-d3cf-496f-8c30-97c18d0c385e","local_time":"20201222183638","is_ascension_mode":true,"campfire_choices":[{"floor":11,"key":"REST"},{"floor":15,"key":"REST"}],"circlet_count":0,"master_deck":["Strike_G","Strike_G","Strike_G","Strike_G","Strike_G","Defend_G","Defend_G","Defend_G","Defend_G","Defend_G","Survivor","Neutralize","AT_FamilyPortrait","Flechettes","Underhanded Strike+1","Deadly Poison","Poisoned Stab","Bane","Deadly Poison","AT_Desolate","Replay:Bag of Tricks","AT_Desolate","AT_WindFlip","Fluid Movement","Bane","Blade Dance","Deadly Poison","Adrenaline","Dodge and Roll+1","Poisoned Stab","Noxious Fumes","Toxin Wave"],"relics":["Ring of the Snake","AT_ATBox","Dota2Spire:UrnOfShadows","conspire:TreasureMap","AT_ChloranthyRing","conspire:Flyswatter","Dota2Spire:ShivaGuard","AT_MibuBalloonWealth","MealTicket","Vampiric Spirits","Dota2Spire:DrumOfEndurance","Ring of Chaos","MawBank"],"acts_visited":["Exordium","TheCity"],"potions_floor_usage":[10,10],"damage_taken":[{"damage":2,"enemies":"Jaw Worm","floor":1,"turns":4},{"damage":0,"enemies":"2 Louse","floor":3,"turns":2},{"damage":24,"enemies":"Lagavulin","floor":6,"turns":4},{"damage":0,"enemies":"Cultist","floor":7,"turns":3},{"damage":48,"enemies":"Exordium Thugs","floor":8,"turns":5},{"damage":2,"enemies":"3 Louse","floor":10,"turns":2},{"damage":0,"enemies":"Looter","floor":12,"turns":2},{"damage":0,"enemies":"2 Fungi Beasts","floor":13,"turns":2},{"damage":0,"enemies":"Gremlin Nob","floor":14,"turns":3},{"damage":11,"enemies":"Fading Forest","floor":16,"turns":11},{"damage":30,"enemies":"2 Thieves","floor":18,"turns":3},{"damage":7,"enemies":"conspire:FuzzyDice","floor":19,"turns":4},{"damage":0,"enemies":"conspire:HollyBat","floor":20,"turns":4},{"damage":5,"enemies":"Chosen and Byrds","floor":21,"turns":5},{"damage":2,"enemies":"3 Cultists","floor":22,"turns":4},{"damage":9,"enemies":"conspire:Head Lice","floor":23,"turns":5},{"damage":54,"enemies":"Shelled Parasite and Fungi","floor":24,"turns":3}],"seed_played":"-4108463632095054693","potions_obtained":[{"floor":1,"key":"Guardian:BlockOnCardUsePotion"},{"floor":6,"key":"Reflective Coating"},{"floor":7,"key":"Explosive Potion"},{"floor":10,"key":"champ:CounterPotion"},{"floor":10,"key":"Languid Potion"},{"floor":16,"key":"Dota2Spire:HealingSalve"},{"floor":20,"key":"CunningPotion"}],"is_trial":false,"path_per_floor":["M","?","M","$","?","E","M","M","T","M","R","M","M","E","R","B",null,"M","M","M","M","M","E","M"],"character_chosen":"THE_SILENT","items_purchased":["Dota2Spire:UrnOfShadows","conspire:TreasureMap","AT_ChloranthyRing","conspire:Flyswatter","Crippling Poison","Flechettes","Underhanded Strike+1","Deadly Poison","AT_Desolate","AT_MibuBalloonWealth"],"campfire_rested":2,"item_purchase_floors":[0,0,0,0,0,0,0,4,4,4],"current_hp_per_floor":[61,33,33,33,70,49,49,1,1,3,24,30,36,39,60,67,70,40,44,44,39,41,44,0,0],"gold":1215,"neow_bonus":"","is_daily":false,"chose_seed":false,"campfire_upgraded":0,"win_rate":0.0,"timestamp":1608633398,"path_taken":["M","?","M","$","?","E","M","M","T","M","R","M","M","E","R","BOSS","M","M","M","?","M","E","M"],"items_purchased_type":["Relic","Relic","Relic","Relic","Card","Card","Card","Card","Card","Relic"],"build_version":"2020-12-13","purchased_purges":0,"victory":false,"max_hp_per_floor":[70,70,70,70,70,70,70,70,70,70,70,70,70,70,70,70,70,70,70,70,70,70,70,70,70],"relic_stats":{"counters":[59,186],"MealTicket":22,"MawBank":12,"obtain_stats":[{"Ice Cream":22,"TwistedFunnel":22,"Chaos":29,"ScarletDevilRocket":16,"Gremlin Horn":29,"NineVolt":43,"Vampiric Spirits":9,"AT_MibuBalloonWealth":4,"Sling":33,"BFFS":29,"Strawberry":16,"MealTicket":6,"Iron Hammer":22,"Replay:Bottled Flurry":40,"KeepersGift":0,"conspire:TreasureMap":0,"Dota2Spire:UrnOfShadows":0,"BookOfRevelations":23,"Dota2Spire:ShivaGuard":2,"Ring of Chaos":17,"Molten Egg 2":2,"HushsDoor":0,"GuppysCollar":34,"conspire:Flyswatter":0,"ReplayFunnel":36,"GuppysTail":34,"ReplayTheSpireMod:Ring of Exchange":48,"UnicornStump":46,"Singing Bowl":47,"GuppysPaw":34,"GnawedLeaf":6,"Dota2Spire:DrumOfEndurance":14,"Frozen Eye":2,"Dream Catcher":16,"Ring of Peace":48,"WingedGreaves":22,"Chemical X":5,"Ring of the Snake":0,"Runic Pyramid":17,"AT_ChloranthyRing":0,"Lee\u0027s Waffle":22,"Runesmith:Nanobots":36,"Inserter":36,"HowToJump":5,"The Specimen":36,"conspire:RunicOctahedron":33,"Omamori":29,"infinitespire:Lucky Rock":34,"Frozen Egg 2":29,"MawBank":23,"Mercury Hourglass":10,"D6":0,"Pondfish Scales":29,"Anchor":46,"infinitespire:Satchel":5,"RedMistMask":10,"LetterFromLob":1,"GuppysHead":9,"Toy Ornithopter":12},{"Ice Cream":27,"TwistedFunnel":27,"Chaos":28,"ScarletDevilRocket":24,"Gremlin Horn":28,"NineVolt":35,"Vampiric Spirits":47,"AT_MibuBalloonWealth":44,"Sling":30,"BFFS":28,"Strawberry":24,"MealTicket":45,"Iron Hammer":27,"Replay:Bottled Flurry":35,"KeepersGift":15,"conspire:TreasureMap":42,"Dota2Spire:UrnOfShadows":42,"BookOfRevelations":28,"Dota2Spire:ShivaGuard":43,"Ring of Chaos":52,"Molten Egg 2":16,"HushsDoor":15,"GuppysCollar":30,"conspire:Flyswatter":42,"ReplayFunnel":31,"GuppysTail":30,"ReplayTheSpireMod:Ring of Exchange":38,"UnicornStump":37,"Singing Bowl":38,"GuppysPaw":30,"GnawedLeaf":19,"Dota2Spire:DrumOfEndurance":51,"Frozen Eye":16,"Dream Catcher":24,"Ring of Peace":38,"WingedGreaves":27,"Chemical X":18,"Ring of the Snake":0,"Runic Pyramid":24,"AT_ChloranthyRing":42,"Lee\u0027s Waffle":27,"Runesmith:Nanobots":31,"Inserter":31,"HowToJump":18,"The Specimen":31,"conspire:RunicOctahedron":30,"Omamori":28,"infinitespire:Lucky Rock":30,"Frozen Egg 2":28,"MawBank":58,"Mercury Hourglass":21,"D6":15,"Pondfish Scales":28,"Anchor":37,"infinitespire:Satchel":18,"RedMistMask":21,"LetterFromLob":16,"GuppysHead":20,"Toy Ornithopter":22},{"Ice Cream":82,"TwistedFunnel":82,"Chaos":85,"ScarletDevilRocket":73,"Gremlin Horn":85,"NineVolt":102,"Vampiric Spirits":138,"AT_MibuBalloonWealth":126,"Sling":91,"BFFS":85,"Strawberry":73,"MealTicket":130,"Iron Hammer":82,"Replay:Bottled Flurry":102,"KeepersGift":42,"conspire:TreasureMap":120,"Dota2Spire:UrnOfShadows":120,"BookOfRevelations":85,"Dota2Spire:ShivaGuard":124,"Ring of Chaos":158,"Molten Egg 2":47,"HushsDoor":42,"GuppysCollar":91,"conspire:Flyswatter":120,"ReplayFunnel":93,"GuppysTail":91,"ReplayTheSpireMod:Ring of Exchange":106,"UnicornStump":105,"Singing Bowl":106,"GuppysPaw":91,"GnawedLeaf":59,"Dota2Spire:DrumOfEndurance":147,"Frozen Eye":47,"Dream Catcher":73,"Ring of Peace":106,"WingedGreaves":82,"Chemical X":53,"Ring of the Snake":0,"Runic Pyramid":73,"AT_ChloranthyRing":120,"Lee\u0027s Waffle":82,"Runesmith:Nanobots":93,"Inserter":93,"HowToJump":53,"The Specimen":93,"conspire:RunicOctahedron":91,"Omamori":85,"infinitespire:Lucky Rock":91,"Frozen Egg 2":85,"MawBank":183,"Mercury Hourglass":65,"D6":42,"Pondfish Scales":85,"Anchor":105,"infinitespire:Satchel":53,"RedMistMask":65,"LetterFromLob":47,"GuppysHead":61,"Toy Ornithopter":68}],"Ring of the Snake":[88]},"card_choices":[{"not_picked":["Flying Knee","Prepared"],"picked":"Deadly Poison","floor":1},{"not_picked":["Quick Slash","All Out Attack"],"picked":"Poisoned Stab","floor":2},{"not_picked":["Backflip","Masterful Stab"],"picked":"Bane","floor":3},{"not_picked":["ReplayTheSpireMod:Scrap Shanks","Backflip"],"picked":"Replay:Bag of Tricks","floor":6},{"not_picked":["Crippling Poison","Footwork"],"picked":"AT_Desolate","floor":7},{"not_picked":["Dagger Throw","Slice"],"picked":"AT_WindFlip","floor":8},{"not_picked":["Acrobatics","AT_WindFlip"],"picked":"Fluid Movement","floor":10},{"not_picked":["Prepared","Quick Slash"],"picked":"Bane","floor":12},{"not_picked":["Deflect","Footwork"],"picked":"Blade Dance","floor":13},{"not_picked":["Hidden Blade","Backflip"],"picked":"Deadly Poison","floor":14},{"not_picked":["Night Terror","AT_KingSlayer"],"picked":"Adrenaline","floor":16},{"not_picked":["PiercingWail","Skewer"],"picked":"Dodge and Roll+1","floor":18},{"not_picked":["Prepared+1","Hidden Blade","Deadly Poison"],"picked":"SKIP","floor":19},{"not_picked":["Prepared","Finisher"],"picked":"Poisoned Stab","floor":20},{"not_picked":["Slice","Bane+1"],"picked":"Noxious Fumes","floor":21},{"not_picked":["Sucker Punch","Eviscerate"],"picked":"Toxin Wave","floor":22},{"not_picked":["PiercingWail","Choke","Footwork"],"picked":"SKIP","floor":23}],"player_experience":108838,"relics_obtained":[{"floor":2,"key":"Dota2Spire:ShivaGuard"},{"floor":6,"key":"MealTicket"},{"floor":9,"key":"Vampiric Spirits"},{"floor":14,"key":"Dota2Spire:DrumOfEndurance"},{"floor":23,"key":"MawBank"}],"event_choices":[{"cards_removed":["Crippling Poison"],"damage_healed":37,"gold_gain":0,"player_choice":"Offered Uncommon","damage_taken":0,"max_hp_gain":0,"max_hp_loss":0,"event_name":"Bonfire Elementals","floor":5,"gold_loss":0}],"is_beta":false,"boss_relics":[{"not_picked":["Black Star","Dota2Spire:RefresherOrb"],"picked":"Ring of Chaos"}],"items_purged_floors":[],"is_endless":false,"potions_floor_spawned":[1,6,7,7,8,10,10,12,13,14,16,18,19,19,20,22,23],"killed_by":"Shelled Parasite and Fungi","ascension_level":2}}