{"host":"t179ovrkr5k1gnfh","time":1608680511,"event":{"mods":["BaseMod","Colored Map","Marisa????????","Minty Spire (QoL Compilation)","StSLib"],"gold_per_floor":[113,63,63,82,7,7,39,51,63,103,130,142,180,205,217,334,346,378,390,99,109,124,154,154,164,164,164,164,164,178,203,203,306,306,321,344,358,76,426,459,472,504,504,504,504,504,531,549,549,549,549,549,17,42,42],"floor_reached":56,"playtime":4974,"items_purged":["Defend_MRS","Strike_MRS","Strike_MRS","Wraith"],"score":1389,"play_id":"bbb13185-af85-45f7-beb2-f52dba06b2a4","local_time":"20201223004151","is_ascension_mode":true,"campfire_choices":[{"data":"MilkyWay","floor":6.0,"key":"SMITH"},{"data":"UpSweep","floor":8.0,"key":"SMITH"},{"data":"EarthLightRay","floor":12.0,"key":"SMITH"},{"floor":15.0,"key":"RECALL"},{"data":"1","floor":27,"key":"LIFT"},{"data":"2","floor":29,"key":"LIFT"},{"data":"3","floor":32,"key":"LIFT"},{"data":"MillisecondPulsars","floor":46,"key":"SMITH"},{"data":"UltimateShortwave","floor":49,"key":"SMITH"},{"data":"AsteroidBelt","floor":52,"key":"SMITH"}],"circlet_count":0,"master_deck":["MasterSpark","UpSweep+1","AsteroidBelt+1","MilkyWay+1","UnstableBomb","EarthLightRay+1","MaximisePower","ShootTheMoon","CasketOfStar","NonDirectionalLaser","MeteoricShower+1","GrandCross","EventHorizon","NonDirectionalLaser","SporeBomb","BinaryStars","UltimateShortwave+1","MillisecondPulsars+1","AlicesGift"],"relics":["MiniHakkero","MawBank","Kunai","HandmadeGrimoire","InkBottle","SlaversCollar","Enchiridion","Tiny Chest","Girya","Bronze Scales","Black Star","MealTicket","TheAbacus","Old Coin","Sundial","AmplifyWand","Smiling Mask","Strawberry","BreadOfAWashokuLover","Omamori","Happy Flower","Shuriken","Thread and Needle","Mercury Hourglass"],"acts_visited":["Exordium","TheCity","TheBeyond","TheEnding"],"potions_floor_usage":[33,40,48,50,55],"damage_taken":[{"damage":1.0,"enemies":"Jaw Worm","floor":1.0,"turns":4.0},{"damage":0.0,"enemies":"Cultist","floor":4.0,"turns":3.0},{"damage":1.0,"enemies":"Gremlin Nob","floor":7.0,"turns":3.0},{"damage":16.0,"enemies":"Lagavulin","floor":10.0,"turns":6.0},{"damage":3.0,"enemies":"Small Slimes","floor":11.0,"turns":2.0},{"damage":9.0,"enemies":"3 Sentries","floor":13.0,"turns":6.0},{"damage":0.0,"enemies":"Exordium Wildlife","floor":14.0,"turns":2.0},{"damage":12.0,"enemies":"Slime Boss","floor":16.0,"turns":10.0},{"damage":4.0,"enemies":"Chosen","floor":18.0,"turns":4.0},{"damage":0.0,"enemies":"Spheric Guardian","floor":21.0,"turns":4.0},{"damage":9.0,"enemies":"Centurion and Healer","floor":22.0,"turns":7.0},{"damage":27.0,"enemies":"Gremlin Leader","floor":23.0,"turns":5.0},{"damage":0,"enemies":"3 Cultists","floor":25,"turns":2},{"damage":2,"enemies":"Chosen and Byrds","floor":30,"turns":2},{"damage":7,"enemies":"Slavers","floor":31,"turns":3},{"damage":6,"enemies":"Automaton","floor":33,"turns":3},{"damage":0,"enemies":"Orb Walker","floor":35,"turns":1},{"damage":0,"enemies":"3 Darklings","floor":37,"turns":2},{"damage":2,"enemies":"Mind Bloom Boss Battle","floor":39,"turns":2},{"damage":5,"enemies":"Giant Head","floor":40,"turns":2},{"damage":24,"enemies":"Writhing Mass","floor":41,"turns":3},{"damage":0,"enemies":"Reptomancer","floor":42,"turns":3},{"damage":2,"enemies":"4 Shapes","floor":48,"turns":3},{"damage":0,"enemies":"Donu and Deca","floor":50,"turns":3},{"damage":0,"enemies":"Shield and Spear","floor":54,"turns":2},{"damage":83,"enemies":"The Heart","floor":55,"turns":5}],"seed_played":"-2178175890202150267","potions_obtained":[{"floor":4.0,"key":"AttackPotion"},{"floor":13.0,"key":"Energy Potion"},{"floor":14.0,"key":"BlessingOfTheForge"},{"floor":21.0,"key":"Weak Potion"},{"floor":23.0,"key":"CultistPotion"},{"floor":25,"key":"Energy Potion"},{"floor":30,"key":"Dexterity Potion"},{"floor":31,"key":"AttackPotion"},{"floor":33,"key":"SkillPotion"},{"floor":39,"key":"FairyPotion"},{"floor":42,"key":"Block Potion"}],"is_trial":false,"path_per_floor":["M","?","?","M","$","R","E","R","T","E","M","R","E","M","R","B",null,"M","?","$","M","M","E","?","M","T","R","?","R","M","E","R","B",null,"M","T","M","$","?","E","M","E","T","?","?","R","T","M","R","B",null,"R","$","E","B",null],"character_chosen":"MARISA","items_purchased":["Tiny Chest","NonDirectionalLaser","TheAbacus","Happy Flower","Shuriken","BlessingOfTheForge","AlicesGift"],"campfire_rested":0,"item_purchase_floors":[20,20,38,53,53,53,53],"current_hp_per_floor":[74,74,79,79,79,79,78,78,78,62,59,59,56,56,56,50,80,76,60,60,66,63,42,42,48,48,48,48,48,52,51,51,51,80,80,80,80,80,78,75,51,64,64,64,64,64,64,68,68,80,87,87,87,87,13],"gold":42,"neow_bonus":"REMOVE_CARD","is_daily":false,"chose_seed":false,"campfire_upgraded":6,"win_rate":0.0,"timestamp":1608680511,"path_taken":["M","?","?","M","?","R","E","R","T","E","?","R","E","M","R","BOSS","M","?","$","M","M","E","?","M","T","R","?","R","?","E","R","BOSS","M","?","M","$","?","E","M","E","T","?","?","R","?","M","R","BOSS","R","$","E","BOSS"],"items_purchased_type":["Relic","Card","Relic","Relic","Relic","Potion","Card"],"build_version":"2020-12-13","purchased_purges":4,"victory":true,"max_hp_per_floor":[75,75,80,80,80,80,80,80,80,80,80,80,80,80,80,80,80,80,80,80,80,80,80,80,80,80,80,80,80,80,80,80,80,80,80,80,80,80,80,80,80,87,87,87,87,87,87,87,87,87,87,87,87,87,87],"card_choices":[{"not_picked":["Acceleration","ManaConvection"],"picked":"AsteroidBelt","floor":1.0},{"not_picked":["DC","WitchLeyline"],"picked":"MilkyWay","floor":4.0},{"not_picked":["Acceleration","AsteroidBelt","OpenUniverse"],"picked":"SKIP","floor":7.0},{"not_picked":["GalacticHalo","TreasureHunter"],"picked":"UnstableBomb","floor":10.0},{"not_picked":["SporeBomb","6A"],"picked":"EarthLightRay","floor":11.0},{"not_picked":["MagicChant","EnergyRecoil"],"picked":"MaximisePower","floor":13.0},{"not_picked":["MagicAbsorber","LuminesStrike"],"picked":"ShootTheMoon","floor":14.0},{"not_picked":["BinaryStars","UltimateShortwave"],"picked":"CasketOfStar","floor":16.0},{"not_picked":["PowerUp","WitchLeyline+1","EnergyRecoil"],"picked":"SKIP","floor":18.0},{"not_picked":["AsteroidBelt","PowerUp"],"picked":"MeteoricShower+1","floor":21.0},{"not_picked":["MilkyWay","RefractionSpark"],"picked":"GrandCross","floor":22.0},{"not_picked":["PowerUp+1","JA"],"picked":"EventHorizon","floor":23.0},{"not_picked":["SuperPerseids","RefractionSpark","MachineGunSpark"],"picked":"SKIP","floor":25},{"not_picked":["NonDirectionalLaser","PowerUp+1","EnergyRecoil+1"],"picked":"SKIP","floor":30},{"not_picked":["WitchOfGreed","DoubleSpark+1","BlazingStar"],"picked":"SKIP","floor":31},{"not_picked":["JA","SatelliteIllusion"],"picked":"BinaryStars","floor":33},{"not_picked":["DragonMeteor+1","DC+1","EnergyRecoil"],"picked":"SKIP","floor":35},{"not_picked":["UnstableBomb","GrandCross","WitchOfGreed+1"],"picked":"SKIP","floor":37},{"not_picked":["UnstableBomb","GrandCross","WitchOfGreed+1"],"picked":"SKIP","floor":37},{"not_picked":["DarkMatter","GalacticHalo"],"picked":"UltimateShortwave","floor":40},{"not_picked":["GalacticHalo","DoubleSpark+1","NonDirectionalLaser+1"],"picked":"SKIP","floor":41},{"not_picked":["NonDirectionalLaser","AsteroidBelt"],"picked":"MillisecondPulsars","floor":42},{"not_picked":["Robbery+1","WitchLeyline+1","OpenUniverse+1"],"picked":"SKIP","floor":48},{"not_picked":["NonDirectionalLaser","EnergyRecoil","GravityBeat+1"],"picked":"SKIP","floor":54}],"player_experience":63333,"relics_obtained":[{"floor":7.0,"key":"MawBank"},{"floor":9.0,"key":"Kunai"},{"floor":10.0,"key":"HandmadeGrimoire"},{"floor":13.0,"key":"InkBottle"},{"floor":19.0,"key":"Enchiridion"},{"floor":23.0,"key":"Girya"},{"floor":31,"key":"Bronze Scales"},{"floor":36,"key":"MealTicket"},{"floor":39,"key":"Old Coin"},{"floor":40,"key":"Sundial"},{"floor":40,"key":"AmplifyWand"},{"floor":42,"key":"Smiling Mask"},{"floor":42,"key":"Strawberry"},{"floor":43,"key":"BreadOfAWashokuLover"},{"floor":47,"key":"Omamori"},{"floor":54,"key":"Thread and Needle"},{"floor":54,"key":"Mercury Hourglass"}],"event_choices":[{"cards_removed":["Defend_MRS"],"damage_healed":0.0,"max_hp_gain":0.0,"max_hp_loss":0.0,"gold_gain":0.0,"event_name":"The Cleric","player_choice":"Card Removal","floor":2.0,"gold_loss":50.0,"damage_taken":0.0},{"damage_healed":0.0,"max_hp_gain":5.0,"max_hp_loss":0.0,"gold_gain":0.0,"event_name":"Big Fish","player_choice":"Donut","floor":3.0,"gold_loss":0.0,"damage_taken":0.0},{"damage_healed":0.0,"max_hp_gain":0.0,"max_hp_loss":0.0,"gold_gain":0.0,"event_name":"Cursed Tome","player_choice":"Obtained Book","floor":19.0,"gold_loss":0.0,"damage_taken":16.0},{"cards_removed":["Defend_MRS"],"damage_healed":0,"gold_gain":0,"player_choice":"Elegance","damage_taken":0,"max_hp_gain":0,"max_hp_loss":0,"event_name":"Back to Basics","floor":24,"gold_loss":0},{"damage_healed":0,"gold_gain":0,"cards_transformed":["Defend_MRS","Strike_MRS"],"player_choice":"Became Test Subject","damage_taken":0,"max_hp_gain":0,"max_hp_loss":0,"event_name":"Drug Dealer","floor":28,"gold_loss":0,"cards_obtained":["NonDirectionalLaser","SporeBomb"]},{"damage_healed":0,"gold_gain":0,"player_choice":"Fight","damage_taken":0,"max_hp_gain":0,"max_hp_loss":0,"event_name":"MindBloom","floor":39,"gold_loss":0},{"damage_healed":0,"gold_gain":0,"player_choice":"Memory 1","damage_taken":0,"max_hp_gain":0,"max_hp_loss":0,"event_name":"SensoryStone","floor":44,"gold_loss":0},{"damage_healed":0,"gold_gain":0,"player_choice":"Ignored","damage_taken":0,"max_hp_gain":0,"max_hp_loss":0,"event_name":"OrinTheCat","floor":45,"gold_loss":0}],"is_beta":false,"boss_relics":[{"not_picked":["Tiny House","Astrolabe"],"picked":"SlaversCollar"},{"not_picked":["Cursed Key","BewitchedHakkero"],"picked":"Black Star"}],"items_purged_floors":[5,20,38,53],"is_endless":false,"potions_floor_spawned":[4,13,14,21,23,25,30,31,33,37,39,42],"ascension_level":1}}