{"host":"kgn6pirtmnazmm9y","time":1608622110,"event":{"mods":["AchievementEnabler","Act Like it!","Aspiration","Bard","BaseMod","Beaked The Cultist","Better Altar","Better Match","Better Note","Better Sensory Stone","Better Skull","Better Third Choice","BetterRewards","CCEM","Clawfect","Colored Map","Conspire","Downfall","Duelist Mod","GifTheSpireLib","Googly Eyes","Halation","Hallownest","Hermit","Highlight Path","Hubris","Hunter ??","Infinite Spire","Jedi Mod","Jorbs\u0027s Wanderer Trilogy","Mad Scientist","Marisa????????","Mimic Mod","Minty Spire (QoL Compilation)","Permanent Neow","Remilia??????","Replay The Spire","Shade Mod","Shop Mod","Spicy Shops","StSLib","Stuff the Spire","Td1madao Mod","The Administrix","The Animator","The Blackbeard","The Bug Knight","The Construct","The Cursed","The Disciple","The Gatherer","The Hierophant","The IronCluck","The Jungle","The Mystic","The Necromancer","The Problem Sleuth","The Runesmith","The Servant 0.9.4","The Spell Scribe","The Witch","TheSwordswoman","Unceasing Turn Reminder","Yuyuko","[IsaacMod]????","everything is the same but u backflip on backflip","slay the spire mod where everything is the same but ironclad has a cowboy hat"],"gold_per_floor":[0,10,23,42,42,42,67,67,80,108,125,143,143,143,162,258,358,208,358,358,458,458,528,559,559,640,650,650,13,27,2,2,2],"floor_reached":32,"playtime":2522,"items_purged":["Regret"],"score":290,"play_id":"c750e16f-9892-4a75-901c-620cff70b20a","local_time":"20201222092830","is_ascension_mode":false,"campfire_choices":[{"floor":1,"key":"RECALL"},{"floor":13,"key":"REST"},{"data":"HollowMod:LifebloodCocoon","floor":18,"key":"SMITH"},{"data":"HollowMod:Hiveblood","floor":18,"key":"SMITH"},{"data":"HollowMod:DreamGate","floor":25,"key":"SMITH"},{"data":"HollowMod:Weaversong","floor":25,"key":"SMITH"},{"data":"HollowMod:VengefulSpirit","floor":28,"key":"SMITH"},{"data":"HollowMod:LifebloodCocoon","floor":28,"key":"SMITH"}],"circlet_count":0,"master_deck":["HollowMod:NailStrikeStart","HollowMod:NailStrikeStart","HollowMod:NailStrikeStart","HollowMod:QuickDashStart","HollowMod:QuickDashStart","HollowMod:FocusHealStart","HollowMod:PogoStrike+1","HollowMod:DescendingDark","HollowMod:NewGlowingWomb","HollowMod:FastStrike+1","Neutralize+1","StuffTheSpire:MirrorStance+1","StuffTheSpire:DoubleShiv","HollowMod:ShapeofUnn","HollowMod:Weaversong+1","HollowMod:LifebloodCocoon+1","HollowMod:LifebloodCocoon+1","HollowMod:MawleksShell","HollowMod:Hiveblood+1","HollowMod:DreamGate+1","HollowMod:HowlingWraiths","HollowMod:PerfectDash+1","HollowMod:BaldurShell","HollowMod:VengefulSpirit+1","HollowMod:SoulShaman","Magnetism","Flash of Steel","HollowMod:DoubleDash+1"],"relics":["HollowMod:VesselMask","HushsDoor","Replay:Wax Seal","Replay:Arrowhead","Replay:Wanted Poster","downfall:HeartBlessingRed","downfall:HeartBlessingGreen","downfall:CloakOfManyFaces","CultistMask","FaceOfCleric","NlothsMask","GremlinMask","SsserpentHead","jedi:archwizardhat","Anchor","MerchantsRug","StuffTheSpire:Saxophone"],"acts_visited":["Exordium","TheCity"],"potions_floor_usage":[11,16,16,21,21,30],"damage_taken":[{"damage":0,"enemies":"Jaw Worm","floor":2,"turns":1},{"damage":1,"enemies":"2 Louse","floor":3,"turns":2},{"damage":5,"enemies":"Small Slimes","floor":4,"turns":3},{"damage":12,"enemies":"Blue Slaver","floor":9,"turns":3},{"damage":30,"enemies":"Gremlin Nob","floor":10,"turns":4},{"damage":0,"enemies":"3 Louse","floor":11,"turns":1},{"damage":27,"enemies":"Exordium Wildlife","floor":12,"turns":3},{"damage":19,"enemies":"Exordium Thugs","floor":15,"turns":5},{"damage":54,"enemies":"downfall:Ironclad","floor":16,"turns":6},{"damage":29,"enemies":"downfall:FaceTrader","floor":21,"turns":4},{"damage":27,"enemies":"Spheric Guardian","floor":23,"turns":4},{"damage":19,"enemies":"Chosen","floor":24,"turns":8},{"damage":48,"enemies":"conspire:MimicChest","floor":26,"turns":6},{"damage":18,"enemies":"Chosen","floor":27,"turns":4},{"damage":11,"enemies":"downfall:FleeingMerchant","floor":29,"turns":4},{"damage":55,"enemies":"Snake Plant","floor":30,"turns":6},{"damage":38,"enemies":"Chosen and Byrds","floor":32,"turns":4}],"seed_played":"-1326964548569510575","potions_obtained":[{"floor":2,"key":"DistilledChaos"},{"floor":4,"key":"SteroidPotion"},{"floor":9,"key":"PowerPotion"},{"floor":15,"key":"Elixir"},{"floor":20,"key":"BlessingOfTheForge"},{"floor":20,"key":"Milkshake"},{"floor":21,"key":"LiquidMemories"},{"floor":26,"key":"jedi:StrikingPotion"},{"floor":30,"key":"SteroidPotion"}],"is_trial":false,"path_per_floor":["R","M","M","M","?","?","T","?","M","E","M","M","R","?","M","B",null,"R","?","?","?","AVR","M","MIM","R","?","M","R","$","M","?","M"],"character_chosen":"THE_BUGKNIGHT","items_purchased":["MerchantsRug","Magnetism","StuffTheSpire:Saxophone","Flash of Steel"],"campfire_rested":1,"item_purchase_floors":[29,29,29,29],"current_hp_per_floor":[89,89,88,83,83,83,83,83,77,53,53,32,58,80,67,13,89,89,89,89,73,73,71,90,90,71,72,72,69,26,31,0,0],"gold":2,"neow_bonus":"TWENTY_PERCENT_HP_BONUS","is_daily":false,"chose_seed":false,"campfire_upgraded":6,"win_rate":0.0,"timestamp":1608622110,"path_taken":["R","M","M","M","?","?","T","?","?","E","M","M","R","?","M","BOSS","R","?","?","?","AVR","?","MIM","R","?","M","R","?","M","?","M"],"items_purchased_type":["Relic","Card","Relic","Card"],"build_version":"2020-12-13","purchased_purges":1,"victory":false,"max_hp_per_floor":[89,89,89,89,89,89,89,89,89,89,89,89,89,89,89,89,89,89,89,89,89,89,90,91,91,92,93,93,94,95,100,100,100],"card_choices":[{"not_picked":[],"picked":"ChaosCard","floor":0},{"not_picked":["HollowMod:MantisMark","HollowMod:GoodIntentions"],"picked":"HollowMod:DescendingDark","floor":2},{"not_picked":["HollowMod:NewJinnsSoul","HollowMod:WraithStrike"],"picked":"HollowMod:NewGlowingWomb","floor":3},{"not_picked":["HollowMod:WraithStrike","HollowMod:DoubleDash"],"picked":"HollowMod:FastStrike","floor":4},{"not_picked":["HollowMod:DoubleDash","HollowMod:VengefulVoid"],"picked":"HollowMod:ShapeofUnn","floor":9},{"not_picked":["HollowMod:MonarchWings","HollowMod:DesolateDive"],"picked":"HollowMod:Weaversong","floor":10},{"not_picked":["HollowMod:DescendingDark","HollowMod:VengefulVoid"],"picked":"HollowMod:LifebloodCocoon","floor":11},{"not_picked":["HollowMod:DashSlash","HollowMod:CloakDash"],"picked":"HollowMod:LifebloodCocoon","floor":12},{"not_picked":["HollowMod:GoodIntentions","HollowMod:InfectedCysts"],"picked":"HollowMod:MawleksShell","floor":15},{"not_picked":["HollowMod:VoidDash","HollowMod:theNailsmith"],"picked":"HollowMod:Hiveblood","floor":16},{"not_picked":["HollowMod:DoubleDash","HollowMod:SoulStrike"],"picked":"HollowMod:DreamGate","floor":21},{"not_picked":["HollowMod:SharpenedNail","HollowMod:VengefulVoid"],"picked":"HollowMod:HowlingWraiths","floor":23},{"not_picked":["HollowMod:GoodIntentions","HollowMod:SoulEater"],"picked":"HollowMod:PerfectDash+1","floor":24},{"not_picked":["HollowMod:DashSlash","HollowMod:LifebloodCocoon"],"picked":"HollowMod:BaldurShell","floor":26},{"not_picked":["HollowMod:MothsMistake","HollowMod:DreamGate"],"picked":"HollowMod:VengefulSpirit","floor":27},{"not_picked":["HollowMod:HowlingWraiths","HollowMod:ShadowDash"],"picked":"HollowMod:SoulShaman","floor":29},{"not_picked":["HollowMod:DashSlash","HollowMod:HuntersJournal"],"picked":"HollowMod:DoubleDash+1","floor":30}],"player_experience":1006,"relics_obtained":[{"floor":7,"key":"Replay:Wax Seal"},{"floor":10,"key":"Replay:Arrowhead"},{"floor":21,"key":"downfall:CloakOfManyFaces"},{"floor":26,"key":"Anchor"}],"event_choices":[{"damage_healed":0,"gold_gain":0,"player_choice":"Got Potions","damage_taken":0,"max_hp_gain":0,"max_hp_loss":0,"event_name":"Lab","floor":20,"gold_loss":0}],"is_beta":false,"boss_relics":[{"not_picked":["hubris:Backtick","conspire:RunicOctahedron"],"picked":"Replay:Wanted Poster"},{"not_picked":[]}],"items_purged_floors":[22],"is_endless":false,"potions_floor_spawned":[2,4,9,15,21,26,27,30],"killed_by":"Chosen and Byrds","ascension_level":0}}