{"host":"3ek78t4i81ecmdy1","time":1608612043,"event":{"mods":["2.2 Compatiblity","AchievementEnabler","BaseMod","Colored Map","DeckTracker","Filter the Spire","Keyboard Shortcuts","Minty Spire (QoL Compilation)","Permanent Neow","Quick Restart","SuperFastMode","everything is the same but u backflip on backflip"],"gold_per_floor":[364,24,38,56,56,56,84,84,110,110,110],"floor_reached":10,"playtime":379,"items_purged":["Parasite"],"score":69,"play_id":"50af1ebc-9b61-48c0-a2da-8fe8e4c8ea92","local_time":"20201222134043","is_ascension_mode":true,"campfire_choices":[{"data":"True Grit","floor":6,"key":"SMITH"},{"data":"Feel No Pain","floor":8,"key":"SMITH"}],"circlet_count":0,"master_deck":["Strike_R","Strike_R","Strike_R","Strike_R","Strike_R","Defend_R","Defend_R+1","Defend_R","Defend_R","Bash","True Grit+1","Feel No Pain+1","Master of Strategy+1","Flame Barrier","Dark Embrace"],"relics":["Burning Blood","Juzu Bracelet","Pen Nib"],"acts_visited":["Exordium"],"potions_floor_usage":[],"damage_taken":[{"damage":1,"enemies":"2 Louse","floor":1,"turns":3},{"damage":15,"enemies":"Small Slimes","floor":3,"turns":5},{"damage":2,"enemies":"Jaw Worm","floor":4,"turns":5},{"damage":18,"enemies":"3 Sentries","floor":7,"turns":12},{"damage":29,"enemies":"Gremlin Nob","floor":10,"turns":5}],"seed_played":"5161089095462836289","potions_obtained":[],"is_trial":false,"path_per_floor":["M","$","M","M","?","R","E","R","T","E"],"character_chosen":"IRONCLAD","items_purchased":["Feel No Pain","Master of Strategy"],"campfire_rested":0,"item_purchase_floors":[2,2],"current_hp_per_floor":[80,77,68,72,57,57,45,45,45,16,16],"gold":110,"neow_bonus":"TWO_FIFTY_GOLD","is_daily":false,"chose_seed":false,"campfire_upgraded":2,"win_rate":0.0,"timestamp":1608612043,"path_taken":["M","$","M","M","?","R","E","R","T","E"],"items_purchased_type":["Card","Card"],"build_version":"2020-12-13","purchased_purges":1,"victory":false,"max_hp_per_floor":[80,77,77,77,77,77,77,77,77,77,77],"card_choices":[{"not_picked":["Searing Blow","Evolve"],"picked":"True Grit","floor":1},{"not_picked":["Sword Boomerang","Perfected Strike"],"picked":"Flame Barrier","floor":3},{"not_picked":["Feel No Pain","Battle Trance","Anger"],"picked":"SKIP","floor":4},{"not_picked":["Seeing Red","Dropkick"],"picked":"Dark Embrace","floor":7}],"player_experience":14791,"relics_obtained":[{"floor":7,"key":"Juzu Bracelet"},{"floor":9,"key":"Pen Nib"}],"event_choices":[{"damage_healed":0,"gold_gain":0,"player_choice":"Entered Light","damage_taken":15,"max_hp_gain":0,"max_hp_loss":0,"event_name":"Shining Light","floor":5,"gold_loss":0,"cards_upgraded":["Master of Strategy","Defend_R"]}],"is_beta":false,"boss_relics":[],"items_purged_floors":[2],"is_endless":false,"potions_floor_spawned":[],"killed_by":"Gremlin Nob","ascension_level":1}}