{"host":"vyt5ne9ydo1z9gg1","time":1608639693,"event":{"mods":["BaseMod","Curses Come First","DeckTracker","GifTheSpireLib","Minty Spire (QoL Compilation)","StSLib"],"gold_per_floor":[165,183,202,221,232,232,251,277,277,277,290,290,290,290,290,387,387,407,407,407],"floor_reached":19,"playtime":907,"items_purged":[],"score":214,"play_id":"a3a9cdcd-e1ef-4d8b-a0b2-278738a95a51","local_time":"20201222232133","is_ascension_mode":true,"campfire_choices":[{"data":"Armaments","floor":6,"key":"SMITH"},{"floor":12,"key":"REST"},{"data":"Perfected Strike","floor":15,"key":"SMITH"}],"circlet_count":0,"master_deck":["Strike_R","Strike_R","Strike_R","Strike_R","Strike_R","Defend_R","Defend_R","Defend_R+1","Defend_R","Bash","Perfected Strike+1","Dual Wield","Cleave","Armaments+1","Shrug It Off","Shrug It Off","Rupture","Clothesline","Parasite","Feed","Fire Breathing"],"relics":["Tiny House","Eternal Feather","FossilizedHelix","Philosopher\u0027s Stone"],"acts_visited":["Exordium","TheCity"],"potions_floor_usage":[8,19,19],"damage_taken":[{"damage":0,"enemies":"Small Slimes","floor":1,"turns":3},{"damage":4,"enemies":"Jaw Worm","floor":2,"turns":2},{"damage":1,"enemies":"Cultist","floor":3,"turns":3},{"damage":9,"enemies":"Looter","floor":4,"turns":3},{"damage":16,"enemies":"Blue Slaver","floor":5,"turns":5},{"damage":7,"enemies":"Gremlin Gang","floor":7,"turns":7},{"damage":36,"enemies":"Gremlin Nob","floor":8,"turns":4},{"damage":0,"enemies":"Exordium Wildlife","floor":11,"turns":4},{"damage":77,"enemies":"Hexaghost","floor":16,"turns":16},{"damage":34,"enemies":"Shell Parasite","floor":18,"turns":9},{"damage":40,"enemies":"3 Byrds","floor":19,"turns":2}],"seed_played":"1587060671933697870","potions_obtained":[{"floor":0,"key":"Ancient Potion"},{"floor":3,"key":"Ancient Potion"},{"floor":8,"key":"FairyPotion"},{"floor":11,"key":"Dexterity Potion"},{"floor":16,"key":"Weak Potion"}],"is_trial":false,"path_per_floor":["M","M","M","M","M","R","M","E","T","?","M","R","?","?","R","B",null,"M","M"],"character_chosen":"IRONCLAD","items_purchased":[],"campfire_rested":1,"item_purchase_floors":[],"current_hp_per_floor":[85,81,80,71,55,55,48,12,12,12,12,46,67,67,76,25,70,40,0,0],"gold":407,"neow_bonus":"BOSS_RELIC","is_daily":false,"chose_seed":false,"campfire_upgraded":2,"win_rate":0.0,"timestamp":1608639693,"path_taken":["M","M","M","M","M","R","M","E","T","?","M","R","?","?","R","BOSS","M","M"],"items_purchased_type":[],"build_version":"2020-12-13","purchased_purges":0,"victory":false,"max_hp_per_floor":[85,85,85,85,85,85,85,85,85,85,85,85,85,85,85,85,85,89,89,89],"card_choices":[{"not_picked":["Pommel Strike","Clash"],"picked":"Perfected Strike","floor":0},{"not_picked":["Spot Weakness","Clash"],"picked":"Dual Wield","floor":1},{"not_picked":["Evolve","Heavy Blade","Searing Blow"],"picked":"SKIP","floor":2},{"not_picked":["Anger","True Grit"],"picked":"Cleave","floor":3},{"not_picked":["Pommel Strike","Sentinel"],"picked":"Armaments","floor":4},{"not_picked":["Blood for Blood","Spot Weakness"],"picked":"Shrug It Off","floor":5},{"not_picked":["Rupture","Brutality"],"picked":"Shrug It Off","floor":7},{"not_picked":["True Grit","Headbutt"],"picked":"Rupture","floor":8},{"not_picked":["Flex","Warcry"],"picked":"Clothesline","floor":11},{"not_picked":["Demon Form","Fiend Fire"],"picked":"Feed","floor":16},{"not_picked":["Twin Strike","Dark Embrace+1"],"picked":"Fire Breathing","floor":18}],"player_experience":137959,"relics_obtained":[{"floor":8,"key":"Eternal Feather"},{"floor":9,"key":"FossilizedHelix"}],"event_choices":[{"damage_healed":0,"gold_gain":0,"player_choice":"Fled","damage_taken":0,"max_hp_gain":0,"max_hp_loss":0,"event_name":"Scrap Ooze","floor":10,"gold_loss":0},{"damage_healed":21,"gold_gain":0,"player_choice":"Healed and dodged fight","damage_taken":0,"max_hp_gain":0,"max_hp_loss":0,"event_name":"Mushrooms","floor":13,"gold_loss":0,"cards_obtained":["Parasite"]},{"damage_healed":0,"gold_gain":0,"player_choice":"Ignored","damage_taken":0,"max_hp_gain":0,"max_hp_loss":0,"event_name":"Liars Game","floor":14,"gold_loss":0}],"is_beta":false,"boss_relics":[{"not_picked":["Busted Crown","Empty Cage"],"picked":"Philosopher\u0027s Stone"}],"items_purged_floors":[],"is_endless":false,"potions_floor_spawned":[3,8,11,16],"killed_by":"3 Byrds","ascension_level":5}}