{"host":"s52z2ujaj5gvuxl4","time":1608668788,"event":{"mods":["Abigail Mod","Act Like it!","Aspiration","BaseMod","BetterRewards","CapriCore","Conspire","Friendly Minions","Hubris","Infinite Spire","Mimic Mod","Minty Spire (QoL Compilation)","Prisma Mod","Random Character Button","Replay The Spire","Shop Mod","StSLib","SuperFastMode","The Immortal","The Marked","The Mystic","The Runesmith","The Servant 0.9.4","Yuri Mod"],"gold_per_floor":[116,136,136,161,161,186,186],"floor_reached":6,"playtime":189,"items_purged":[],"score":44,"play_id":"a894f825-385a-4b0e-8a73-27a267b170c0","local_time":"20201222132628","is_ascension_mode":false,"campfire_choices":[],"circlet_count":0,"master_deck":["theMarked:Strike+1","theMarked:Strike+1","theMarked:Strike","theMarked:Strike","theMarked:Strike","theMarked:Defend","theMarked:Defend","theMarked:Defend","theMarked:Defend","theMarked:SoldierOfQuellstein","theMarked:MysticalArsenal","theMarked:Overcharge"],"relics":["theMarked:ArtifactOfAir","NeowsBlessing","PrismaticShard","Whetstone","Pen Nib","aspiration:FetidBarrel"],"acts_visited":["Exordium"],"potions_floor_usage":[6],"damage_taken":[{"damage":0,"enemies":"2 Louse","floor":1,"turns":1},{"damage":0,"enemies":"Small Slimes","floor":2,"turns":1},{"damage":0,"enemies":"conspire:MimicChest","floor":4,"turns":1},{"damage":35,"enemies":"Lagavulin","floor":6,"turns":6}],"seed_played":"-8990049277436812905","potions_obtained":[{"floor":1,"key":"AttackPotion"}],"is_trial":false,"path_per_floor":["M","M","?","?","?","E"],"character_chosen":"THE_DEFAULT","items_purchased":[],"campfire_rested":0,"item_purchase_floors":[],"current_hp_per_floor":[70,70,70,70,70,35,35],"gold":186,"neow_bonus":"THREE_ENEMY_KILL","is_daily":false,"chose_seed":false,"campfire_upgraded":0,"win_rate":0.0,"timestamp":1608668788,"path_taken":["M","M","?","?","?","E"],"items_purchased_type":[],"build_version":"2020-12-13","purchased_purges":0,"victory":false,"max_hp_per_floor":[70,70,70,70,70,70,70],"card_choices":[{"not_picked":["theMarked:Seal","theMarked:TwofoldDefense"],"picked":"theMarked:MysticalArsenal","floor":1},{"not_picked":["theMarked:RepellingDischarge","theMarked:ResourceFulStrike"],"picked":"theMarked:Overcharge","floor":2}],"player_experience":142816,"relics_obtained":[{"floor":4,"key":"Whetstone"},{"floor":5,"key":"Pen Nib"},{"floor":6,"key":"aspiration:FetidBarrel"}],"event_choices":[],"is_beta":false,"boss_relics":[],"items_purged_floors":[],"is_endless":false,"potions_floor_spawned":[1,2],"killed_by":"Lagavulin","ascension_level":0}}