{"host":"jm9833yuloeli2yd","time":1608598968,"event":{"mods":["AchievementEnabler","BaseMod","Better Altar","Better Match","Better Note","Better Sensory Stone","Better Skull","Better Vampires","Colored Map","Colored Powertips","DeckTracker","Minty Spire (QoL Compilation)","Permanent Neow","Quick Restart","Replay The Spire","StSLib","SuperFastMode"],"gold_per_floor":[364,364,53,53,86,86,138,206,206,206,219,252,323,353,353,353,353],"floor_reached":16,"playtime":548,"items_purged":["Strike_P"],"score":158,"play_id":"868182cc-8d65-404d-94be-deb0a8eb3a3c","local_time":"20201221200248","is_ascension_mode":true,"campfire_choices":[{"floor":6.0,"key":"REST"},{"floor":10.0,"key":"REST"}],"circlet_count":0,"master_deck":["AscendersBane","Strike_P","Strike_P","Strike_P","Defend_P","Defend_P","Defend_P","Defend_P","Eruption","Vigilance+1","FlurryOfBlows+1","WheelKick+1","HandOfGreed","Perseverance","Tantrum","EmptyBody+1","Adaptation","Collect+1"],"relics":["PureWater","Toxic Egg 2","Bottled Lightning","ReplayTheSpireMod:Shallot"],"acts_visited":["Exordium"],"potions_floor_usage":[16,16],"damage_taken":[{"damage":7.0,"enemies":"Cultist","floor":1.0,"turns":3.0},{"damage":7.0,"enemies":"Jaw Worm","floor":5.0,"turns":2.0},{"damage":0.0,"enemies":"2 Louse","floor":7.0,"turns":7.0},{"damage":36.0,"enemies":"3 Sentries","floor":8.0,"turns":6.0},{"damage":0.0,"enemies":"Looter","floor":11.0,"turns":1.0},{"damage":0.0,"enemies":"Blue Slaver","floor":12.0,"turns":5.0},{"damage":19,"enemies":"Exordium Wildlife","floor":14,"turns":5},{"damage":34,"enemies":"Fading Forest","floor":16,"turns":7}],"seed_played":"-6685682714283964253","potions_obtained":[{"floor":5.0,"key":"Fruit Juice"},{"floor":11.0,"key":"CultistPotion"},{"floor":12.0,"key":"Dexterity Potion"},{"floor":15,"key":"Adrenaline Potion"}],"is_trial":false,"path_per_floor":["M","?","$","?","M","R","M","E","T","R","M","M","T","M","R_BF","B"],"character_chosen":"WATCHER","items_purchased":["WheelKick+1","HandOfGreed"],"campfire_rested":2,"item_purchase_floors":[3,3],"current_hp_per_floor":[40,45,45,30,23,46,46,15,15,39,39,39,39,20,20,0,0],"gold":353,"neow_bonus":"TWO_FIFTY_GOLD","is_daily":false,"chose_seed":false,"campfire_upgraded":0,"win_rate":0.0,"timestamp":1608598968,"path_taken":["M","?","$","?","M","R","M","E","T","R","M","M","?","M","R_BF","BOSS"],"items_purchased_type":["Card","Card"],"build_version":"2020-12-13","purchased_purges":1,"victory":false,"max_hp_per_floor":[72,77,77,77,77,77,77,82,82,82,82,82,82,82,82,82,82],"card_choices":[{"not_picked":["Crescendo","Weave"],"picked":"FlurryOfBlows","floor":1.0},{"not_picked":["Replay:AtTheReady","WreathOfFlame"],"picked":"Perseverance","floor":5.0},{"not_picked":["JustLucky","PathToVictory","Study"],"picked":"SKIP","floor":7.0},{"not_picked":["Halt+1","Replay:BluntJabs"],"picked":"Tantrum","floor":8.0},{"not_picked":["Evaluate+1","Vengeance+1"],"picked":"EmptyBody+1","floor":11.0},{"not_picked":["DeceiveReality+1","CutThroughFate"],"picked":"Adaptation","floor":12.0},{"not_picked":["Replay:BluntJabs","ReachHeaven"],"picked":"Collect+1","floor":14}],"player_experience":1151142,"relics_obtained":[{"floor":8.0,"key":"Toxic Egg 2"},{"floor":9.0,"key":"Bottled Lightning"},{"floor":13.0,"key":"ReplayTheSpireMod:Shallot"}],"event_choices":[{"damage_healed":0.0,"max_hp_gain":5.0,"max_hp_loss":0.0,"gold_gain":0.0,"event_name":"Big Fish","player_choice":"Donut","floor":2.0,"gold_loss":0.0,"damage_taken":0.0},{"damage_healed":0.0,"max_hp_gain":0.0,"max_hp_loss":0.0,"gold_gain":0.0,"event_name":"Shining Light","player_choice":"Entered Light","floor":4.0,"gold_loss":0.0,"damage_taken":15.0,"cards_upgraded":["Vigilance","FlurryOfBlows"]},{"damage_healed":0,"gold_gain":0,"player_choice":"Got Potions","damage_taken":0,"max_hp_gain":0,"max_hp_loss":0,"event_name":"Lab","floor":15,"gold_loss":0}],"is_beta":false,"boss_relics":[],"items_purged_floors":[3],"is_endless":false,"potions_floor_spawned":[5,11,12],"killed_by":"Fading Forest","ascension_level":11}}