{"host":"zx10cf1fsoa3eqiy","time":1608607158,"event":{"mods":["BaseMod","Colored Powertips","Downfall","Highlight Path","Minty Spire (QoL Compilation)","Quick Restart","Replay The Spire","Shop Mod","StSLib","Td1madao Mod","The Servant 0.9.4","Yuri Mod"],"gold_per_floor":[112,287,58,58,58,88,88,121,121,139,170,67,67,79,79,184,184,196,215,125,125,125,125,155,155,181,181,181,205,53,64,64,165,165,189,251,212,212,212,212,212,212],"floor_reached":41,"playtime":1490,"items_purged":["Doubt","Regret"],"score":563,"play_id":"ff5a9647-8105-4bd9-8dee-c45dc53ece47","local_time":"20201222111918","is_ascension_mode":true,"campfire_choices":[{"floor":7.0,"key":"REST"},{"floor":13.0,"key":"REST"},{"floor":23.0,"key":"RECALL"},{"floor":27.0,"key":"REST"},{"data":"Zap","floor":32.0,"key":"SMITH"},{"floor":40,"key":"REST"}],"circlet_count":0,"master_deck":["Strike_B","Strike_B","Strike_B","Strike_B","Defend_B+1","Defend_B","Defend_B","Defend_B+1","Zap+1","Dualcast","Capacitor+1","Sunder+1","Hologram","Static Discharge+1","ReplayTheSpireMod:Omega Cannon+1","Storm+1","Conserve Battery","expansioncontent:DefensiveStance+1","Defragment+1","CurseOfTheBell","Aggregate+1","ReplayTheSpireMod:Calculation Training+1","Capacitor+1","Madness","Madness","Dark Shackles"],"relics":["Cracked Core","NeowsBlessing","Runic Capacitor","Molten Egg 2","Replay:PocketPolymizer","Frozen Egg 2","Du-Vu Doll","ReplayTheSpireMod:CursedCoin","Guardian:PocketSentry","SlaversCollar","Regal Pillow","Blue Doll","MerchantsRug","Calling Bell","MawBank","Meat on the Bone","Peace Pipe","Prayer Wheel","Shovel"],"acts_visited":["Exordium","TheCity","TheBeyond"],"potions_floor_usage":[36,41],"damage_taken":[{"damage":0.0,"enemies":"Cultist","floor":1.0,"turns":1.0},{"damage":0.0,"enemies":"3 Sentries","floor":6.0,"turns":1.0},{"damage":0.0,"enemies":"Gremlin Nob","floor":8.0,"turns":1.0},{"damage":9.0,"enemies":"Jaw Worm","floor":10.0,"turns":2.0},{"damage":52.0,"enemies":"Lagavulin","floor":11.0,"turns":7.0},{"damage":0.0,"enemies":"2 Louse","floor":14.0,"turns":2.0},{"damage":24.0,"enemies":"Fading Forest","floor":16.0,"turns":11.0},{"damage":0.0,"enemies":"3 Byrds","floor":18.0,"turns":3.0},{"damage":8.0,"enemies":"Spheric Guardian","floor":19.0,"turns":4.0},{"damage":24.0,"enemies":"Slavers","floor":24.0,"turns":5.0},{"damage":7.0,"enemies":"3 Cultists","floor":31.0,"turns":4.0},{"damage":37,"enemies":"Pondfish","floor":33,"turns":6},{"damage":10,"enemies":"3 Shapes","floor":35,"turns":5},{"damage":36,"enemies":"Mind Bloom Boss Battle","floor":36,"turns":6},{"damage":92,"enemies":"Giant Head","floor":41,"turns":8}],"seed_played":"6097465549869348637","potions_obtained":[{"floor":1.0,"key":"Fruit Juice"},{"floor":6.0,"key":"Fruit Juice"},{"floor":10.0,"key":"LiquidBronze"},{"floor":16.0,"key":"Energy Potion"},{"floor":18.0,"key":"Explosive Potion"},{"floor":24.0,"key":"SneckoOil"},{"floor":35,"key":"Adrenaline Potion"},{"floor":36,"key":"Explosive Potion"}],"is_trial":false,"path_per_floor":["M","?","$","?","?","E","R","E","T","M","E","$","R","M","R","B",null,"M","M","$","?","?","R","E","?","T","R","?","T","$","M","R","B",null,"M","?","$","?","?","R","E"],"character_chosen":"DEFECT","items_purchased":["Runic Capacitor","ReplayTheSpireMod:CursedCoin","Guardian:PocketSentry","expansioncontent:DefensiveStance+1","Defragment+1","MerchantsRug","Capacitor+1"],"campfire_rested":4,"item_purchase_floors":[3,12,12,20,30,30,37],"current_hp_per_floor":[80,80,80,80,64,69,85,85,85,76,24,24,49,49,74,72,85,85,77,77,77,77,77,53,53,53,85,85,85,85,78,78,41,85,75,51,51,40,40,80,0,0],"gold":212,"neow_bonus":"THREE_ENEMY_KILL","is_daily":false,"chose_seed":false,"campfire_upgraded":1,"win_rate":0.0,"timestamp":1608607158,"path_taken":["M","?","$","?","?","E","R","E","T","M","E","?","R","M","R","BOSS","M","M","?","?","?","R","E","?","T","R","?","?","$","?","R","BOSS","M","?","$","?","?","R","E"],"items_purchased_type":["Relic","Relic","Relic","Card","Card","Relic","Card"],"build_version":"2020-12-13","purchased_purges":2,"victory":false,"max_hp_per_floor":[80,80,80,80,80,85,85,85,85,85,85,85,85,85,85,85,85,85,85,85,85,85,85,85,85,85,85,85,85,85,85,85,85,85,85,85,85,85,85,85,85,85],"card_choices":[{"not_picked":["Aggregate","Cold Snap"],"picked":"Capacitor","floor":1.0},{"not_picked":["ReplayTheSpireMod:Reroute Power","Hello World"],"picked":"Sunder+1","floor":6.0},{"not_picked":["Undo","Steam"],"picked":"Hologram","floor":8.0},{"not_picked":["Darkness","ReplaySolidLightProjector","Hologram"],"picked":"SKIP","floor":10.0},{"not_picked":["Go for the Eyes+1","Conserve Battery"],"picked":"Static Discharge+1","floor":11.0},{"not_picked":["BasicCrystalCard","Beam Cell+1","Chill"],"picked":"SKIP","floor":14.0},{"not_picked":["Meteor Strike+1","Fission"],"picked":"ReplayTheSpireMod:Omega Cannon+1","floor":16.0},{"not_picked":["Stack","Steam"],"picked":"Storm+1","floor":18.0},{"not_picked":["Chill","Turbo"],"picked":"Conserve Battery","floor":19.0},{"not_picked":["Coolheaded","Go for the Eyes+1","Compile Driver+1"],"picked":"SKIP","floor":24.0},{"not_picked":["Streamline+1","Rebound+1","Hello World+1"],"picked":"SKIP","floor":31.0},{"not_picked":["Fission","Rainbow"],"picked":"ReplayTheSpireMod:Fabricate Wheel","floor":33},{"not_picked":["Panic Button+1","BasicCrystalCard+1"],"picked":"Aggregate+1","floor":35},{"not_picked":["Beam Cell+1","ReplayGash+1"],"picked":"ReplayTheSpireMod:Calculation Training+1","floor":36},{"not_picked":["expansioncontent:DefensiveMode+1","Replay:SS_fish_1"],"picked":"Dark Shackles","floor":39}],"player_experience":262366,"relics_obtained":[{"floor":6.0,"key":"Molten Egg 2"},{"floor":8.0,"key":"Replay:PocketPolymizer"},{"floor":9.0,"key":"Frozen Egg 2"},{"floor":11.0,"key":"Du-Vu Doll"},{"floor":24.0,"key":"Regal Pillow"},{"floor":29.0,"key":"Blue Doll"},{"floor":34,"key":"MawBank"},{"floor":34,"key":"Meat on the Bone"},{"floor":34,"key":"Peace Pipe"},{"floor":36,"key":"Shovel"}],"event_choices":[{"damage_healed":0.0,"max_hp_gain":0.0,"max_hp_loss":0.0,"gold_gain":175.0,"event_name":"Liars Game","player_choice":"AGREE","floor":2.0,"gold_loss":0.0,"damage_taken":0.0,"cards_obtained":["Doubt"]},{"damage_healed":0.0,"max_hp_gain":0.0,"max_hp_loss":0.0,"gold_gain":0.0,"event_name":"Golden Wing","player_choice":"Ignored","floor":4.0,"gold_loss":0.0,"damage_taken":0.0},{"damage_healed":0.0,"max_hp_gain":0.0,"max_hp_loss":0.0,"gold_gain":0.0,"event_name":"Shining Light","player_choice":"Entered Light","floor":5.0,"gold_loss":0.0,"damage_taken":16.0,"cards_upgraded":["Defend_B","Defend_B"]},{"damage_healed":0.0,"max_hp_gain":0.0,"max_hp_loss":0.0,"gold_gain":0.0,"event_name":"Vampires","player_choice":"Ignored","floor":25.0,"gold_loss":0.0,"damage_taken":0.0},{"damage_healed":0.0,"max_hp_gain":0.0,"max_hp_loss":0.0,"gold_gain":0.0,"event_name":"Beggar","player_choice":"Ignored","floor":28.0,"gold_loss":0.0,"damage_taken":0.0},{"damage_healed":0,"gold_gain":0,"player_choice":"Fight","damage_taken":0,"max_hp_gain":0,"max_hp_loss":0,"event_name":"MindBloom","floor":36,"gold_loss":0},{"damage_healed":0,"gold_gain":0,"player_choice":"Embrace Madness","damage_taken":11,"max_hp_gain":0,"max_hp_loss":0,"event_name":"Winding Halls","floor":38,"gold_loss":0,"cards_obtained":["Madness","Madness"]},{"damage_healed":0,"gold_gain":0,"player_choice":"Memory 1","damage_taken":0,"max_hp_gain":0,"max_hp_loss":0,"event_name":"SensoryStone","floor":39,"gold_loss":0}],"is_beta":false,"boss_relics":[{"not_picked":["Snecko Eye","Ring of Chaos"],"picked":"SlaversCollar"},{"not_picked":["Fusion Hammer","FrozenCore"],"picked":"Calling Bell"}],"items_purged_floors":[3,12],"is_endless":false,"potions_floor_spawned":[1,6,10,16,18,24,35,36],"killed_by":"Giant Head","ascension_level":4}}