{"host":"03a85bwj0a5skoit","time":1608616226,"event":{"mods":["BaseMod","Block Reminder","Minty Spire (QoL Compilation)","Relic Stats","StSLib"],"gold_per_floor":[113,113,129,16,34,61,72,72,72,17,17,17,36,50,50,124,124,134,134,148,158,177,177,177,177],"floor_reached":24,"playtime":842,"items_purged":[],"score":400,"play_id":"bc9ff34d-b167-46e7-a1d5-eb61439524ae","local_time":"20201222162026","is_ascension_mode":true,"campfire_choices":[{"floor":8,"key":"REST"},{"data":"Dagger Spray","floor":11,"key":"SMITH"},{"data":"Noxious Fumes","floor":15,"key":"SMITH"},{"floor":23,"key":"REST"}],"circlet_count":0,"master_deck":["AscendersBane","Strike_G+1","Strike_G","Strike_G","Strike_G","Defend_G","Defend_G","Defend_G","Defend_G+1","Defend_G","Survivor","Neutralize","Deadly Poison","Poisoned Stab","Noxious Fumes+1","Leg Sweep+1","Dagger Spray+1","Poisoned Stab","Bouncing Flask+1","Cloak And Dagger+1","Prepared+1","Night Terror+1","Acrobatics+1","Reflex+1","Eviscerate","Tactician+1"],"relics":["Philosopher\u0027s Stone","Toxic Egg 2","InkBottle","Fusion Hammer"],"acts_visited":["Exordium","TheCity"],"potions_floor_usage":[6,6,13,24],"damage_taken":[{"damage":0,"enemies":"Cultist","floor":1,"turns":4},{"damage":5,"enemies":"Small Slimes","floor":3,"turns":4},{"damage":4,"enemies":"2 Louse","floor":5,"turns":3},{"damage":8,"enemies":"Lagavulin","floor":6,"turns":6},{"damage":20,"enemies":"Gremlin Gang","floor":7,"turns":4},{"damage":0,"enemies":"Blue Slaver","floor":13,"turns":4},{"damage":0,"enemies":"3 Louse","floor":14,"turns":2},{"damage":13,"enemies":"Hexaghost","floor":16,"turns":9},{"damage":19,"enemies":"Shell Parasite","floor":18,"turns":5},{"damage":0,"enemies":"3 Byrds","floor":20,"turns":4},{"damage":25,"enemies":"Sentry and Sphere","floor":21,"turns":4},{"damage":18,"enemies":"Snake Plant","floor":22,"turns":4},{"damage":39,"enemies":"Slavers","floor":24,"turns":3}],"seed_played":"8249114537598556760","potions_obtained":[{"floor":1,"key":"DuplicationPotion"},{"floor":3,"key":"Swift Potion"},{"floor":5,"key":"CunningPotion"},{"floor":7,"key":"Swift Potion"},{"floor":18,"key":"FairyPotion"}],"is_trial":false,"path_per_floor":["M","?","M","$","M","E","M","R","T","$","R","?","M","M","R","B",null,"M","?","M","M","M","R","E"],"character_chosen":"THE_SILENT","items_purchased":["Noxious Fumes","Leg Sweep","Fire Potion"],"campfire_rested":2,"item_purchase_floors":[4,4,10],"current_hp_per_floor":[59,39,34,34,30,22,2,21,21,21,21,21,21,21,21,8,52,33,33,33,8,13,32,0,0],"gold":177,"neow_bonus":"BOSS_RELIC","is_daily":false,"chose_seed":false,"campfire_upgraded":2,"win_rate":0.0,"timestamp":1608616226,"path_taken":["M","?","M","$","M","E","M","R","T","$","R","?","?","M","R","BOSS","M","?","?","M","M","R","E"],"items_purchased_type":["Card","Card","Potion"],"build_version":"2020-12-13","purchased_purges":0,"victory":false,"max_hp_per_floor":[66,66,66,66,66,66,66,66,66,66,66,66,66,66,66,66,66,66,66,66,66,66,66,66,66],"relic_stats":{"counters":[13,56],"obtain_stats":[{"Philosopher\u0027s Stone":0,"Fusion Hammer":17,"Toxic Egg 2":6,"InkBottle":9,"Ring of the Snake":0},{"Philosopher\u0027s Stone":0,"Fusion Hammer":8,"Toxic Egg 2":4,"InkBottle":5,"Ring of the Snake":0},{"Philosopher\u0027s Stone":0,"Fusion Hammer":36,"Toxic Egg 2":17,"InkBottle":21,"Ring of the Snake":0}],"InkBottle":[15]},"card_choices":[{"not_picked":["Caltrops","Calculated Gamble"],"picked":"Deadly Poison","floor":1},{"not_picked":["Slice","Underhanded Strike"],"picked":"Poisoned Stab","floor":3},{"not_picked":["Cloak And Dagger","Dagger Throw"],"picked":"Dagger Spray","floor":5},{"not_picked":["Unload","Deflect+1"],"picked":"Poisoned Stab","floor":6},{"not_picked":["Underhanded Strike","Flying Knee","Sucker Punch"],"picked":"SKIP","floor":7},{"not_picked":["Poisoned Stab","Sucker Punch"],"picked":"Cloak And Dagger+1","floor":13},{"not_picked":["Outmaneuver+1","Setup+1"],"picked":"Prepared+1","floor":14},{"not_picked":["Wraith Form v2","Bullet Time+1"],"picked":"Night Terror+1","floor":16},{"not_picked":["Bane","Cloak And Dagger+1"],"picked":"Acrobatics+1","floor":18},{"not_picked":["Dagger Throw","Dagger Spray"],"picked":"Reflex+1","floor":20},{"not_picked":["Choke","Slice"],"picked":"Eviscerate","floor":21},{"not_picked":["Riddle With Holes","Eviscerate"],"picked":"Tactician+1","floor":22}],"player_experience":2290287,"relics_obtained":[{"floor":6,"key":"Toxic Egg 2"},{"floor":9,"key":"InkBottle"}],"event_choices":[{"damage_healed":0,"gold_gain":0,"player_choice":"Entered Light","damage_taken":20,"max_hp_gain":0,"max_hp_loss":0,"event_name":"Shining Light","floor":2,"gold_loss":0,"cards_upgraded":["Defend_G","Strike_G"]},{"damage_healed":0,"gold_gain":0,"cards_transformed":["Strike_G"],"player_choice":"Transformed","damage_taken":0,"max_hp_gain":0,"max_hp_loss":0,"event_name":"Transmorgrifier","floor":12,"gold_loss":0,"cards_obtained":["Bouncing Flask"]},{"damage_healed":0,"gold_gain":0,"player_choice":"Upgraded","damage_taken":0,"max_hp_gain":0,"max_hp_loss":0,"event_name":"Upgrade Shrine","floor":19,"gold_loss":0,"cards_upgraded":["Leg Sweep"]}],"is_beta":false,"boss_relics":[{"not_picked":["Busted Crown","SlaversCollar"],"picked":"Fusion Hammer"}],"items_purged_floors":[],"is_endless":false,"potions_floor_spawned":[1,3,5,7,18],"killed_by":"Slavers","ascension_level":20}}