{"host":"ln6xh2dj126ndm3e","time":1608677075,"event":{"mods":["AchievementEnabler","Aspiration","Astrologer","BaseMod","Better Altar","Better Match","Better Note","Better Sensory Stone","Better Skull","Better Third Choice","BetterRewards","CCEM","Colored Map","Conspire","Downfall","GifTheSpireLib","Halation","Highlight Path","Hubris","Infinite Spire","Minty Spire (QoL Compilation)","Permanent Neow","Replay The Spire","Shop Mod","Spicy Shops","StSLib","Unceasing Turn Reminder"],"gold_per_floor":[115,115,125,125,137,137,156,156,235,235,245,263,63,63,63,99,99],"floor_reached":16,"playtime":780,"items_purged":[],"score":117,"play_id":"6212c062-ecd5-4a43-a0c8-c49a881e6433","local_time":"20201222164435","is_ascension_mode":false,"campfire_choices":[{"data":"Bloodletting","floor":6,"key":"SMITH"}],"circlet_count":0,"master_deck":["Strike_R","Strike_R","Strike_R","Strike_R","Strike_R","Defend_R","Defend_R","Defend_R","Defend_R","Bash","Juggernaut","Bloodletting+1","Rupture+1","Headbutt","Flex","Second Wind","conspire:SpireCoStock","conspire:SpireCoStock","conspire:SpireCoStock","conspire:SpireCoStock"],"relics":["Burning Blood","CCEMRelics:WhiteRose"],"acts_visited":["Exordium"],"potions_floor_usage":[16,16],"damage_taken":[{"damage":12,"enemies":"Small Slimes","floor":1,"turns":4},{"damage":14,"enemies":"2 Louse","floor":3,"turns":3},{"damage":7,"enemies":"Cultist","floor":5,"turns":4},{"damage":8,"enemies":"Looter","floor":7,"turns":4},{"damage":37,"enemies":"Lots of Slimes","floor":11,"turns":4},{"damage":25,"enemies":"conspire:2 RoseBushes","floor":12,"turns":5},{"damage":32,"enemies":"Hexaghost","floor":16,"turns":7}],"seed_played":"8253369836326929513","potions_obtained":[{"floor":1,"key":"ColorlessPotion"},{"floor":3,"key":"Guardian:BlockOnCardUsePotion"},{"floor":14,"key":"FearPotion"},{"floor":14,"key":"Ancient Potion"}],"is_trial":false,"path_per_floor":["M","?","M","?","M","R","M","?","T","R","M","M","?","?","R","B"],"character_chosen":"IRONCLAD","items_purchased":[],"campfire_rested":0,"item_purchase_floors":[],"current_hp_per_floor":[74,74,66,66,65,65,63,80,80,80,49,30,30,30,30,0,0],"gold":99,"neow_bonus":"ONE_RANDOM_RARE_CARD","is_daily":false,"chose_seed":false,"campfire_upgraded":1,"win_rate":0.0,"timestamp":1608677075,"path_taken":["M","?","M","?","?","R","M","?","T","R","M","?","?","?","R","BOSS"],"items_purchased_type":[],"build_version":"2020-12-13","purchased_purges":0,"victory":false,"max_hp_per_floor":[80,80,80,80,80,80,80,80,80,80,80,80,80,80,80,80,80],"card_choices":[{"not_picked":["Second Wind","Thunderclap"],"picked":"Bloodletting","floor":1},{"not_picked":["Warcry","True Grit"],"picked":"Rupture","floor":3},{"not_picked":["Seeing Red","Perfected Strike","Evolve"],"picked":"SKIP","floor":5},{"not_picked":["Reckless Charge","Rampage"],"picked":"Headbutt","floor":7},{"not_picked":["infinitespire:OneForAll","Shrug It Off"],"picked":"Flex","floor":11},{"not_picked":["hubris:ReadiedAction","Headbutt"],"picked":"Second Wind","floor":12}],"player_experience":445576,"relics_obtained":[{"floor":9,"key":"CCEMRelics:WhiteRose"}],"event_choices":[{"damage_healed":0,"gold_gain":0,"player_choice":"Ignored","damage_taken":0,"max_hp_gain":0,"max_hp_loss":0,"event_name":"Golden Wing","floor":2,"gold_loss":0},{"damage_healed":0,"gold_gain":0,"player_choice":"Upgraded","damage_taken":0,"max_hp_gain":0,"max_hp_loss":0,"event_name":"Upgrade Shrine","floor":4,"gold_loss":0,"cards_upgraded":["Rupture"]},{"damage_healed":17,"gold_gain":0,"player_choice":"Full Heal","damage_taken":0,"max_hp_gain":0,"max_hp_loss":0,"event_name":"Wheel of Change","floor":8,"gold_loss":0},{"damage_healed":0,"gold_gain":0,"player_choice":"Invest 4","damage_taken":0,"max_hp_gain":0,"max_hp_loss":0,"event_name":"conspire:Investor","floor":13,"gold_loss":0},{"damage_healed":0,"gold_gain":0,"player_choice":"Got Potions","damage_taken":0,"max_hp_gain":0,"max_hp_loss":0,"event_name":"Lab","floor":14,"gold_loss":0}],"is_beta":false,"boss_relics":[],"items_purged_floors":[],"is_endless":false,"potions_floor_spawned":[1,3],"killed_by":"Hexaghost","ascension_level":0}}