{"host":"8u40nq559zpgb6zp","time":1608608495,"event":{"mods":["Aspiration","Bard","BaseMod","Beaked The Cultist","Better Altar","Better Match","Better Note","Better Sensory Stone","Better Skull","Better Third Choice","BetterRewards","CCEM","Clawfect","Conspire","Duelist Mod","Googly Eyes","Halation","Hermit","Highlight Path","Infinite Spire","Jedi Mod","Jorbs\u0027s Wanderer Trilogy","Mad Scientist","Marisa（霧雨　魔理沙）","Minty Spire (QoL Compilation)","Permanent Neow","Replay The Spire","Shade Mod","Shop Mod","Spicy Shops","StSLib","The Bladedancer","The Construct","The Cursed","The Disciple","The Druid","The Gatherer","The Hierophant","The IronCluck","The Jungle","The Mystic","The Necromancer","The Runesmith","The Senshi","The Servant 0.9.4","The Spell Scribe","The Witch","slay the spire mod where everything is the same but ironclad has a cowboy hat"],"gold_per_floor":[117,117,137,27,39,69,69,87,87,87,100,20,20,40,40,139,139,151,151,351,370,386,412,39,39,39,39,51,51,66,79,79,178,178,192,192,192,192],"floor_reached":37,"playtime":3096,"items_purged":[],"score":391,"play_id":"cc01c77e-f0be-436a-8ecd-763c70ed4739","local_time":"20201221224135","is_ascension_mode":false,"campfire_choices":[{"data":"Necrotic_Claws","floor":10,"key":"SMITH"},{"data":"Death_March_Dance","floor":13,"key":"SMITH"},{"data":"Thousand_Bone_Knives","floor":15,"key":"SMITH"},{"data":"Bone_Armory","floor":25,"key":"SMITH"},{"data":"Skeleton_Dragon","floor":27,"key":"SMITH"},{"floor":32,"key":"REST"}],"circlet_count":0,"master_deck":["Strike_W","Strike_W","Strike_W","Strike_W","Defend_W","Defend_W","Defend_W","Defend_W","Negative_Energy_Arrows+1","Bone_Wall","Death_March_Dance+1","Necrotic_Claws+1","Summon_Lich+1","Thousand_Bone_Knives+1","Uncharnel","Summon_Lich","Bone_Prison","Bone_Armory+1","Acid_Javelin","Skeleton_Dragon+1","Bone_Bullets","Bone_Prison+1","Bone_Armory+1","Summon_Undead","Toxic_Smoke_Screen","Negative_Energy_Javelin","Summon_Vampire_Lady","Summon_Vampire_Lady"],"relics":["Vampire_Amulet","Torii","CCEMRelics:TinyMinotavrHorn","aspiration:Lifesprig","Busted Crown","CCEMRelics:OldTooth","Mummified Hand","beaked:SacredDeck"],"acts_visited":["Exordium","TheCity","TheBeyond"],"potions_floor_usage":[8,23,23,30,33,37,37],"damage_taken":[{"damage":1,"enemies":"Cultist","floor":1,"turns":5},{"damage":1,"enemies":"2 Louse","floor":3,"turns":4},{"damage":0,"enemies":"Jaw Worm","floor":5,"turns":4},{"damage":30,"enemies":"Lagavulin","floor":6,"turns":8},{"damage":9,"enemies":"Exordium Thugs","floor":8,"turns":4},{"damage":0,"enemies":"Looter","floor":11,"turns":2},{"damage":6,"enemies":"3 Louse","floor":14,"turns":2},{"damage":24,"enemies":"Fading Forest","floor":16,"turns":11},{"damage":7,"enemies":"Chosen","floor":18,"turns":4},{"damage":5,"enemies":"3 Byrds","floor":21,"turns":3},{"damage":16,"enemies":"Centurion and Healer","floor":22,"turns":6},{"damage":24,"enemies":"Book of Stabbing","floor":23,"turns":6},{"damage":8,"enemies":"Snake Plant","floor":28,"turns":4},{"damage":23,"enemies":"3 Cultists","floor":30,"turns":6},{"damage":1,"enemies":"Snecko","floor":31,"turns":4},{"damage":46,"enemies":"Automaton","floor":33,"turns":7},{"damage":31,"enemies":"Orb Walker","floor":35,"turns":4},{"damage":52,"enemies":"infinitespire:Three Voidlings","floor":37,"turns":6},{"damage":37,"enemies":"Nightmare_Alpha","floor":37,"turns":3}],"seed_played":"-1821193881043448287","potions_obtained":[{"floor":5,"key":"Strength Potion"},{"floor":6,"key":"PowerPotion"},{"floor":8,"key":"jedi:hoardpotion"},{"floor":16,"key":"Swift Potion"},{"floor":23,"key":"jedi:wingpotion"},{"floor":28,"key":"SteroidPotion"},{"floor":29,"key":"Dexterity Potion"},{"floor":30,"key":"Venom Potion"}],"is_trial":false,"path_per_floor":["M","?","M","$","M","E","?","M","T","R","M","$","R","M","R","B",null,"M","?","?","M","M","E","$","R","T","R","M","?","M","M","R","B",null,"M","?","?"],"character_chosen":"NECROMANCER","items_purchased":["Summon_Lich","Thousand_Bone_Knives","Acid_Javelin","Mummified Hand","Bone_Armory+1","Summon_Undead"],"campfire_rested":1,"item_purchase_floors":[4,4,12,24,24,24],"current_hp_per_floor":[75,75,75,75,75,47,32,27,27,27,29,29,29,29,29,33,75,70,75,75,74,62,40,40,40,40,40,34,34,17,18,40,15,75,50,50,0,0],"gold":192,"neow_bonus":"ONE_RARE_RELIC","is_daily":false,"chose_seed":false,"campfire_upgraded":5,"win_rate":0.0,"timestamp":1608608495,"path_taken":["M","?","?","?","M","E","?","?","T","R","M","?","R","M","R","BOSS","M","?","?","?","M","E","$","R","T","R","?","?","M","M","R","BOSS","M","?","?"],"items_purchased_type":["Card","Card","Card","Relic","Card","Card"],"build_version":"2020-12-13","purchased_purges":0,"victory":false,"max_hp_per_floor":[75,75,75,75,75,75,75,75,75,75,75,75,75,75,75,75,75,75,75,75,75,75,75,75,75,75,75,75,75,75,75,75,75,75,75,75,75,75],"card_choices":[{"not_picked":["Blood_Shield","Bone_Bullets"],"picked":"Death_March_Dance","floor":1},{"not_picked":["Uncharnel","Bone_Armor"],"picked":"Necrotic_Claws","floor":3},{"not_picked":["Negative_Energy_Shield","Consume_Illness"],"picked":"Uncharnel","floor":5},{"not_picked":["Corrupt","Vampiric_Strike","Blood_Whip"],"picked":"SKIP","floor":6},{"not_picked":["Toxic_Smoke_Screen","Whirlwind_of_Bones"],"picked":"Bone_Armory","floor":11},{"not_picked":["Bone_Shift","Life_Tap","Death_Coil"],"picked":"SKIP","floor":14},{"not_picked":["Reap_The_Weak","Summon_Death_Knight"],"picked":"Skeleton_Dragon","floor":16},{"not_picked":["Blood_Whip"],"picked":"SKIP","floor":18},{"not_picked":[],"picked":"Bone_Bullets","floor":21},{"not_picked":["Exploit+1"],"picked":"SKIP","floor":22},{"not_picked":["Exploit+1"],"picked":"SKIP","floor":22},{"not_picked":[],"picked":"Bone_Prison+1","floor":23},{"not_picked":[],"picked":"Toxic_Smoke_Screen","floor":28},{"not_picked":["Vampiric_Strike"],"picked":"SKIP","floor":30},{"not_picked":[],"picked":"Negative_Energy_Javelin","floor":31},{"not_picked":[],"picked":"Summon_Vampire_Lady","floor":33},{"not_picked":["Shackles_Of_Pain+1"],"picked":"SKIP","floor":35}],"player_experience":921270,"relics_obtained":[{"floor":6,"key":"CCEMRelics:TinyMinotavrHorn"},{"floor":9,"key":"aspiration:Lifesprig"},{"floor":23,"key":"CCEMRelics:OldTooth"}],"event_choices":[{"cards_removed":["theDuelist:CurseAnubis"],"damage_healed":0,"gold_gain":0,"player_choice":"Purged","damage_taken":0,"max_hp_gain":0,"max_hp_loss":0,"event_name":"Purifier","floor":2,"gold_loss":0},{"damage_healed":47,"gold_gain":0,"player_choice":"Upgrade","damage_taken":15,"max_hp_gain":0,"max_hp_loss":75,"event_name":"betterThird:BetterShining","floor":7,"gold_loss":0,"cards_upgraded":["Summon_Lich","Negative_Energy_Arrows"]},{"cards_removed":["Finger_Of_Death"],"damage_healed":5,"gold_gain":0,"player_choice":"Offered Common","damage_taken":0,"max_hp_gain":0,"max_hp_loss":0,"event_name":"Bonfire Elementals","floor":19,"gold_loss":0},{"cards_removed":["Finger_Of_Death"],"damage_healed":5,"gold_gain":0,"player_choice":"Offered Special","damage_taken":0,"max_hp_gain":0,"max_hp_loss":0,"event_name":"Bonfire Elementals","floor":19,"gold_loss":0},{"damage_healed":0,"gold_gain":250,"player_choice":"Bet on Owner","damage_taken":0,"max_hp_gain":0,"max_hp_loss":0,"event_name":"The Joust","floor":20,"gold_loss":50},{"damage_healed":0,"gold_gain":0,"player_choice":"Got Potions","damage_taken":0,"max_hp_gain":0,"max_hp_loss":0,"event_name":"Lab","floor":29,"gold_loss":0}],"is_beta":false,"boss_relics":[{"not_picked":["aspiration:SecretTechniqueScroll","ReplayTheSpireMod:DimensionalGlitch"],"picked":"Busted Crown"},{"not_picked":["aspiration:FutureDiary","conspire:RoyalGoblet"],"picked":"beaked:SacredDeck"}],"items_purged_floors":[],"is_endless":false,"potions_floor_spawned":[5,6,8,16,23,28,30],"killed_by":"Nightmare_Alpha","ascension_level":0}}