{"host":"svwqvw2il1zfkkg0","time":1608631993,"event":{"mods":["AchievementEnabler","BaseMod","BetterRewards","Colored Map","Colored Powertips","Custom Start","Downfall","GifTheSpireLib","Highlight Path","Hubris","Infinite Spire","Minty Spire (QoL Compilation)","Quick Restart","Replay The Spire","Shop Mod","StSLib","SuperFastMode"],"gold_per_floor":[115,192,209,29,42,70,94,94,121,121,149,149,149,192,192,201,201,237,237,261,46,145,184,218,133,133,155,155,155,186,31,31,160,160,190,226,226,226,70,122,318,353,353,386,386,0,49,80,80,98,98],"floor_reached":50,"playtime":1511,"items_purged":[],"score":680,"play_id":"d7cb5b4b-5846-446d-9322-a815ff75755c","local_time":"20201222021313","is_ascension_mode":false,"campfire_choices":[{"floor":8,"key":"REST"},{"data":"All Out Attack","floor":10,"key":"SMITH"},{"data":"Draining Mist","floor":12,"key":"SMITH"},{"floor":15,"key":"REST"},{"floor":29,"key":"REST"},{"floor":32,"key":"REST"},{"floor":45,"key":"REST"},{"floor":49,"key":"REST"}],"circlet_count":0,"master_deck":["Strike_G+1","Strike_G+1","Strike_G+1","Strike_G+1","Strike_G+1","Defend_G+1","Defend_G+1","Defend_G+1","Defend_G+1","Defend_G+1","Survivor","Backstab+1","All Out Attack+1","Deadly Poison","Deadly Poison","Poisoned Stab","Underhanded Strike","Flying Knee","Draining Mist+1","Dagger Throw","Atom Bomb","Deadly Poison","Noxious Fumes","Catalyst","All Out Attack","Bullet Time","Prepared","Dash+1","ReplayTheSpireMod:Splinters","Prepared+1","hubris:DuctTapeCard","Parasite"],"relics":["Ring of the Serpent","NeowsBlessing","Shuriken","TwistedFunnel","Replay:Bandana","PreservedInsect","Pear","Mercury Hourglass","ReplayTheSpireMod:TigerMarble","Pet Ghost","hubris:TinFlute","HornCleat","ChewingGum","hubris:Towel","infinitespire:Satchel","Strawberry","infinitespire:Bottled Soul","hubris:DuctTape","TheAbacus","Toxic Egg 2"],"acts_visited":["Exordium","TheCity","TheBeyond"],"potions_floor_usage":[14,16,18,23,23,33,33,33,40,42,42,48,48],"damage_taken":[{"damage":0,"enemies":"Cultist","floor":1,"turns":1},{"damage":0,"enemies":"infinitespire:Voidling","floor":3,"turns":1},{"damage":0,"enemies":"2 Louse","floor":5,"turns":1},{"damage":23,"enemies":"3 Sentries","floor":6,"turns":5},{"damage":8,"enemies":"Red Slaver","floor":7,"turns":2},{"damage":0,"enemies":"Blue Slaver","floor":11,"turns":2},{"damage":0,"enemies":"Lagavulin","floor":14,"turns":2},{"damage":0,"enemies":"Hexaghost","floor":16,"turns":6},{"damage":5,"enemies":"2 Thieves","floor":18,"turns":2},{"damage":5,"enemies":"Chosen","floor":20,"turns":3},{"damage":5,"enemies":"Replay:Snechameleon","floor":23,"turns":2},{"damage":20,"enemies":"Centurion and Healer","floor":24,"turns":4},{"damage":0,"enemies":"Snake Plant","floor":27,"turns":2},{"damage":1,"enemies":"3 Cultists","floor":30,"turns":4},{"damage":63,"enemies":"Automaton","floor":33,"turns":8},{"damage":2,"enemies":"Orb Walker","floor":35,"turns":2},{"damage":0,"enemies":"3 Darklings","floor":36,"turns":3},{"damage":7,"enemies":"R_Hoarder","floor":40,"turns":3},{"damage":0,"enemies":"Jaw Worm Horde","floor":42,"turns":2},{"damage":17,"enemies":"Spire Growth","floor":44,"turns":3},{"damage":7,"enemies":"Giant Head","floor":47,"turns":5},{"damage":12,"enemies":"Writhing Mass","floor":48,"turns":2},{"damage":86,"enemies":"infinitespire:MassOfShapes","floor":50,"turns":7}],"seed_played":"-3988365899451932258","potions_obtained":[{"floor":1,"key":"Cursed Concoction"},{"floor":6,"key":"FearPotion"},{"floor":16,"key":"Explosive Potion"},{"floor":24,"key":"FearPotion"},{"floor":33,"key":"sneckomod:MuddlingPotion"},{"floor":36,"key":"Guardian:BlockOnCardUsePotion"},{"floor":40,"key":"Explosive Potion"},{"floor":42,"key":"Adrenaline Potion"},{"floor":47,"key":"Death Potion"}],"is_trial":false,"path_per_floor":["M","T","M","$","M","E","M","R","T","R","M","R","$","E","R","B",null,"M","?","M","$","?","E","M","?","T","M","?","R","M","$","R","B",null,"M","M","?","?","$","E","?","M","T","M","R","$","E","M","R","B"],"character_chosen":"THE_SILENT","items_purchased":["TwistedFunnel","Deadly Poison","Pear","Mercury Hourglass","Catalyst","All Out Attack","Fire Potion","SkillPotion","CultistPotion","Adrenaline Potion","infinitespire:Satchel","hubris:DuctTape","TheAbacus"],"campfire_rested":6,"item_purchase_floors":[4,4,13,13,21,21,21,21,31,31,39,46,46],"current_hp_per_floor":[70,70,70,70,70,47,39,60,60,60,60,60,38,38,62,62,80,75,75,70,70,70,65,45,45,45,45,45,69,68,68,80,17,80,78,78,78,76,76,76,76,76,76,59,83,83,76,64,83,0,0],"gold":98,"neow_bonus":"THREE_ENEMY_KILL","is_daily":false,"chose_seed":false,"campfire_upgraded":2,"win_rate":0.0,"timestamp":1608631993,"path_taken":["M","?","M","$","M","E","M","R","T","R","M","R","?","E","R","BOSS","M","?","?","$","?","E","M","?","T","M","?","R","M","$","R","BOSS","M","M","?","?","$","E","?","M","T","M","R","?","E","?","R","BOSS"],"items_purchased_type":["Relic","Card","Relic","Relic","Card","Card","Potion","Potion","Potion","Potion","Relic","Relic","Relic"],"build_version":"2020-12-13","purchased_purges":0,"victory":false,"max_hp_per_floor":[70,70,70,70,70,70,70,70,70,70,70,70,80,80,80,80,80,80,80,80,80,80,80,80,80,80,80,80,80,80,80,80,80,80,80,80,80,76,76,83,83,83,83,83,83,83,83,83,83,83,83],"card_choices":[{"not_picked":["Masterful Stab","Acrobatics"],"picked":"Backstab","floor":1},{"not_picked":["Finisher","Flying Knee"],"picked":"All Out Attack","floor":3},{"not_picked":["Cloak And Dagger","Heel Hook"],"picked":"Poisoned Stab","floor":5},{"not_picked":["Hidden Blade","Backflip"],"picked":"Underhanded Strike","floor":6},{"not_picked":["Underhanded Strike","Prepared"],"picked":"Flying Knee","floor":7},{"not_picked":["Sucker Punch","Backflip"],"picked":"Draining Mist","floor":11},{"not_picked":["After Image","Flying Knee"],"picked":"Dagger Throw","floor":14},{"not_picked":["Night Terror","Wraith Form v2"],"picked":"Atom Bomb","floor":16},{"not_picked":["Infinite Blades+1","Cloak And Dagger"],"picked":"Deadly Poison","floor":18},{"not_picked":["Slice","Underhanded Strike+1"],"picked":"Noxious Fumes","floor":20},{"not_picked":["Slice","Dodge and Roll"],"picked":"Bullet Time","floor":23},{"not_picked":["Outmaneuver","Skewer","Hidden Blade"],"picked":"SKIP","floor":24},{"not_picked":["Backflip+1","Distraction","Outmaneuver"],"picked":"SKIP","floor":27},{"not_picked":["Distraction","Dodge and Roll","Acrobatics+1"],"picked":"SKIP","floor":30},{"not_picked":["Doppelganger","Wraith Form v2"],"picked":"Adrenaline","floor":33},{"not_picked":["Heel Hook","Dodge and Roll"],"picked":"Prepared","floor":35},{"not_picked":["Sucker Punch","Slice+1","PiercingWail"],"picked":"SKIP","floor":36},{"not_picked":["hubris:SlightOfHand","A Thousand Cuts"],"picked":"Dash+1","floor":40},{"not_picked":["Sucker Punch+1","Outmaneuver","Flying Knee"],"picked":"SKIP","floor":42},{"not_picked":["Deflect+1","ReplayTheSpireMod:Shiv Toss"],"picked":"Prepared+1","floor":44},{"not_picked":["Deadly Poison+1","hubris:SlightOfHand+1","Sneak Up+1"],"picked":"SKIP","floor":47},{"not_picked":["Skewer+1","Dagger Throw+1","Expertise+1"],"picked":"SKIP","floor":48}],"player_experience":409095,"relics_obtained":[{"floor":2,"key":"Shuriken"},{"floor":6,"key":"Replay:Bandana"},{"floor":9,"key":"PreservedInsect"},{"floor":14,"key":"ReplayTheSpireMod:TigerMarble"},{"floor":23,"key":"Pet Ghost"},{"floor":26,"key":"HornCleat"},{"floor":40,"key":"Strawberry"},{"floor":43,"key":"infinitespire:Bottled Soul"},{"floor":47,"key":"Toxic Egg 2"}],"event_choices":[{"damage_healed":0,"gold_gain":0,"player_choice":"Forge","damage_taken":0,"max_hp_gain":0,"max_hp_loss":0,"event_name":"Accursed Blacksmith","floor":19,"gold_loss":0,"cards_upgraded":["Backstab"]},{"damage_healed":0,"gold_gain":99,"player_choice":"Stole From Cult","damage_taken":0,"max_hp_gain":0,"max_hp_loss":0,"event_name":"Nest","floor":22,"gold_loss":0},{"damage_healed":0,"gold_gain":0,"player_choice":"Obtained Relic","damage_taken":0,"relics_obtained":["hubris:TinFlute"],"max_hp_gain":0,"max_hp_loss":0,"event_name":"Addict","floor":25,"gold_loss":85},{"damage_healed":0,"gold_gain":0,"player_choice":"Simplicity","damage_taken":0,"max_hp_gain":0,"max_hp_loss":0,"event_name":"Back to Basics","floor":28,"gold_loss":0,"cards_upgraded":["Strike_G","Strike_G","Strike_G","Strike_G","Strike_G","Defend_G","Defend_G","Defend_G","Defend_G","Defend_G"]},{"damage_healed":0,"gold_gain":0,"player_choice":"Max HP","damage_taken":0,"max_hp_gain":0,"max_hp_loss":4,"event_name":"Winding Halls","floor":38,"gold_loss":0}],"is_beta":false,"boss_relics":[{"not_picked":["Snecko Scales","SacredBark"],"picked":"Ring of the Serpent"},{"not_picked":["hubris:ScarierMask","Philosopher\u0027s Stone"],"picked":"ChewingGum"}],"items_purged_floors":[],"is_endless":false,"potions_floor_spawned":[1,6,16,24,33,36,40,42,47],"killed_by":"infinitespire:MassOfShapes","ascension_level":0}}