{"host":"dntw6kil9p09eemm","time":1608639797,"event":{"mods":["Alarm Clock","Aspiration","BaseMod","Colored Powertips","Downfall","Hermit","Hubris","Minty Spire (QoL Compilation)","Permanent Neow","Replay The Spire","Reworked Bosses","Shop Mod","Spicy Shops","StSLib","The Runesmith"],"gold_per_floor":[364,83,102,177,193,130,140,166,166,184,184,184,184,194,194,291,291,304,321,171,171,187,213,213,213,213,224,224,161,161,187,187,285,285,302,315,121,121,121,121,121,121],"floor_reached":40,"playtime":3189,"items_purged":["hexamod:Defend","hexamod:Strike","hexamod:Defend","hexamod:Defend"],"score":479,"play_id":"824c0de1-13e3-48d9-99a0-733a2e8fbbba","local_time":"20201222212317","is_ascension_mode":false,"campfire_choices":[{"floor":11,"key":"REST"},{"data":"hexamod:Float","floor":13,"key":"SMITH"},{"data":"hexamod:FastForward","floor":13,"key":"SMITH"},{"floor":15,"key":"REST"},{"floor":24,"key":"REST"},{"floor":28,"key":"REST"},{"data":"hexamod:SearingWound","floor":30,"key":"SMITH"},{"data":"hexamod:SoulSteal","floor":30,"key":"SMITH"},{"data":"hexamod:Defend","floor":32,"key":"PURGE"}],"circlet_count":0,"master_deck":["hexamod:Sear","hexamod:Float+1","hexamod:PhantomFireball","hexamod:SoulSteal+1","hexamod:FastForward+1","hexamod:BurningTouch","hexamod:BurningTouch","hexamod:HeatMetal","hexamod:Incineration","hexamod:SoulSteal","hexamod:SearingWound+1","hexamod:SearingWound","Immolate+1","Bite+1","Bite+1","Bite+1","Bite+1","Bite+1","hexamod:EmpoweredFlame","hexamod:GhostOfSpireFuture","hexamod:CatchUp+1","expansioncontent:CaCaw"],"relics":["hexamod:SpiritBrand","Membership Card","MerchantsRug","Medical Kit","Replay:Arrowhead","Molten Egg 2","aspiration:IroncladSkillbook","hexamod:RecyclingMachine","Vajra","Meat on the Bone","Red Mask","hubris:Stopwatch","Snack Pack"],"acts_visited":["Exordium","TheCity","TheBeyond"],"potions_floor_usage":[16,18,33],"damage_taken":[{"damage":0.0,"enemies":"2 Louse","floor":1.0,"turns":2.0},{"damage":0.0,"enemies":"Cultist","floor":3.0,"turns":3.0},{"damage":1.0,"enemies":"Small Slimes","floor":5.0,"turns":2.0},{"damage":4,"enemies":"Looter","floor":7,"turns":2},{"damage":15,"enemies":"Gremlin Nob","floor":8,"turns":4},{"damage":6,"enemies":"Blue Slaver","floor":10,"turns":3},{"damage":6,"enemies":"2 Fungi Beasts","floor":14,"turns":3},{"damage":0,"enemies":"Fading Forest","floor":16,"turns":11},{"damage":20,"enemies":"2 Thieves","floor":18,"turns":3},{"damage":1,"enemies":"Shell Parasite","floor":19,"turns":3},{"damage":30,"enemies":"Centurion and Healer","floor":22,"turns":5},{"damage":34,"enemies":"Replay:Snechameleon","floor":23,"turns":6},{"damage":38,"enemies":"Chosen and Byrds","floor":27,"turns":6},{"damage":44,"enemies":"Masked Bandits","floor":31,"turns":5},{"damage":62,"enemies":"bossMod:newChamp","floor":33,"turns":10},{"damage":7,"enemies":"Orb Walker","floor":35,"turns":3},{"damage":14,"enemies":"3 Shapes","floor":36,"turns":4},{"damage":63,"enemies":"Nemesis","floor":40,"turns":5}],"seed_played":"4752300655319749347","potions_obtained":[{"floor":1.0,"key":"PowerPotion"},{"floor":5.0,"key":"ColorlessPotion"},{"floor":7,"key":"Explosive Potion"},{"floor":14,"key":"Regen Potion"},{"floor":16,"key":"Slimebound:ThreeZeroPotion"},{"floor":18,"key":"Reflective Coating"},{"floor":22,"key":"Elixir"},{"floor":31,"key":"Strength Potion"},{"floor":35,"key":"SpeedPotion"}],"is_trial":false,"path_per_floor":["M","$","M","?","M","$","M","E","T","M","R","?","R","M","R","B",null,"M","M","$","?","M","E","R","?","T","M","R","$","R","?","R","B",null,"M","M","$","?","?","E"],"character_chosen":"THE_SPIRIT","items_purchased":["Membership Card","MerchantsRug","hexamod:SoulSteal","hexamod:BurningTouch","Medical Kit","Immolate+1","hexamod:RecyclingMachine","Snack Pack"],"campfire_rested":4,"item_purchase_floors":[2,2,2,6,6,20,20,37],"current_hp_per_floor":[49,49,49,42,41,41,37,22,22,16,37,37,37,31,52,67,70,54,57,57,49,41,26,40,40,40,30,44,44,44,39,39,23,49,49,49,49,49,49,0,0,0],"gold":121,"neow_bonus":"TWO_FIFTY_GOLD","is_daily":false,"chose_seed":false,"campfire_upgraded":4,"win_rate":0.0,"timestamp":1608639797,"path_taken":["M","$","M","?","M","$","?","E","T","M","R","?","R","M","R","BOSS","M","M","$","?","M","E","R","?","T","M","R","$","R","?","R","BOSS","M","M","$","?","?","E"],"items_purchased_type":["Relic","Relic","Card","Card","Relic","Card","Relic","Relic"],"build_version":"2020-12-13","purchased_purges":4,"victory":false,"max_hp_per_floor":[70,70,70,70,70,70,70,70,70,70,70,70,70,70,70,70,70,70,70,70,49,49,49,49,49,49,49,49,49,49,49,49,49,49,49,49,49,49,49,49,49,49],"card_choices":[{"not_picked":["hexamod:StepThrough","hexamod:AdvancingGuard"],"picked":"hexamod:PhantomFireball","floor":1.0},{"not_picked":["hexamod:SpectersWail","hexamod:Again","hexamod:RainOfEmbers"],"picked":"SKIP","floor":3.0},{"not_picked":["hexamod:ThirdSeal","hexamod:FourthSeal"],"picked":"hexamod:FastForward","floor":5.0},{"not_picked":["hexamod:SuperheatedStrike","hexamod:ThermalTransfer"],"picked":"hexamod:HeatMetal","floor":7},{"not_picked":["hexamod:SwordOfDarkness","hexamod:HauntingEcho"],"picked":"hexamod:Incineration","floor":8},{"not_picked":["hexamod:Haunt","hexamod:ShieldOfDarkness"],"picked":"hexamod:SoulSteal","floor":10},{"not_picked":["hexamod:Firestarter+1","hexamod:HauntingEcho+1"],"picked":"hexamod:SearingWound","floor":14},{"not_picked":["hexamod:Toasty+1","hexamod:SixthSeal"],"picked":"hexamod:SearingWound","floor":16},{"not_picked":["Feel No Pain","Twin Strike+1","hubris:ReadiedAction","Ghostly Armor"],"picked":"SKIP","floor":18},{"not_picked":["Pummel+1","hexamod:Hexaguard","Clothesline+1","Life Link"],"picked":"SKIP","floor":19},{"not_picked":["hexamod:GhostLash+1","Wild Strike+1","hexamod:HauntingEcho+1"],"picked":"hexamod:EmpoweredFlame","floor":22},{"not_picked":["Double Tap","Searing Blow+1","Shrug It Off","Dropkick+1"],"picked":"SKIP","floor":23},{"not_picked":["Dual Wield","Infernal Blade+1","hubris:ReadiedAction","hexamod:BacktrackSmack+1"],"picked":"SKIP","floor":27},{"not_picked":["Anger+1","Body Slam+1","Iron Wave+1"],"picked":"hexamod:GhostOfSpireFuture","floor":35},{"not_picked":["hexamod:Rewind+1","Heavy Blade+1","True Grit"],"picked":"hexamod:CatchUp+1","floor":36},{"not_picked":["ReplayTheSpireMod:Necrogeddon+1","Midas Touch","Master of Strategy"],"picked":"expansioncontent:CaCaw","floor":39}],"player_experience":432013,"relics_obtained":[{"floor":8,"key":"Replay:Arrowhead"},{"floor":9,"key":"Molten Egg 2"},{"floor":23,"key":"Vajra"},{"floor":26,"key":"Meat on the Bone"},{"floor":31,"key":"Red Mask"}],"event_choices":[{"damage_healed":0.0,"max_hp_gain":0.0,"max_hp_loss":0.0,"gold_gain":75.0,"event_name":"FaceTrader","player_choice":"Touch","floor":4.0,"gold_loss":0.0,"damage_taken":7.0},{"damage_healed":0,"gold_gain":0,"player_choice":"Became a vampire","damage_taken":0,"max_hp_gain":0,"max_hp_loss":21,"event_name":"Vampires","floor":21,"gold_loss":0,"cards_obtained":["Bite","Bite","Bite","Bite","Bite"]},{"damage_healed":0,"gold_gain":0,"player_choice":"Fought Bandits","damage_taken":0,"max_hp_gain":0,"max_hp_loss":0,"event_name":"Masked Bandits","floor":31,"gold_loss":0},{"damage_healed":0,"gold_gain":0,"player_choice":"Memory 1","damage_taken":0,"max_hp_gain":0,"max_hp_loss":0,"event_name":"SensoryStone","floor":39,"gold_loss":0}],"is_beta":false,"boss_relics":[{"not_picked":["Runic Dome","Tiny House"],"picked":"aspiration:IroncladSkillbook"},{"not_picked":["Honey Jar","aspiration:MobileForge"],"picked":"hubris:Stopwatch"}],"items_purged_floors":[2,20,29,37],"is_endless":false,"potions_floor_spawned":[1,5,7,14,16,18,22,31,35],"killed_by":"Nemesis","ascension_level":0}}