{"host":"9dfaar78vv55a585","time":1608618288,"event":{"mods":["Aspiration","BaseMod","Better Third Choice","BetterRewards","Conspire","DeckTracker","Energized Spire","Glutton Mod","Halation","Hermit","Hubris","Infinite Spire","Lobotomy","LobotomyExtend","Mad Scientist","Minty Spire (QoL Compilation)","Permanent Neow","Potionbrewer","Replay The Spire","Shop Mod","Spicy Shops","Spikes Relics","StSLib","SuperFastMode","Trackpad","vexMod"],"gold_per_floor":[114,65,65,75,86,117,117,117,171,171,183,195,195,195,195,195,195],"floor_reached":16,"playtime":689,"items_purged":[],"score":100,"play_id":"57f235f1-db9f-4f95-9be1-9bd3d9cddd45","local_time":"20201222062448","is_ascension_mode":false,"campfire_choices":[{"floor":7,"key":"REST"},{"data":"MadScienceMod:HideBehindJunk","floor":10,"key":"SMITH"},{"floor":13,"key":"REST"},{"floor":15,"key":"REST"}],"circlet_count":0,"master_deck":["MadScienceMod:Strike_MadScience","MadScienceMod:Strike_MadScience","MadScienceMod:Defend_MadScience","MadScienceMod:Defend_MadScience","MadScienceMod:Defend_MadScience","MadScienceMod:Defend_MadScience","MadScienceMod:PoweredStrike","MadScienceMod:HideBehindJunk+1","MadScienceMod:BandageBot+1","MadScienceMod:AntimatterBomb","MadScienceMod:Inflate","MadScienceMod:OilDrum"],"relics":["MadScienceMod:FuelTank","Simple Rune","Smiling Mask"],"acts_visited":["Exordium"],"potions_floor_usage":[16],"damage_taken":[{"damage":10,"enemies":"Cultist","floor":1,"turns":4},{"damage":4,"enemies":"Jaw Worm","floor":4,"turns":4},{"damage":9,"enemies":"Small Slimes","floor":5,"turns":5},{"damage":50,"enemies":"Lagavulin","floor":6,"turns":11},{"damage":43,"enemies":"Gremlin Gang","floor":11,"turns":10},{"damage":7,"enemies":"2 Fungi Beasts","floor":12,"turns":5},{"damage":65,"enemies":"Fading Forest","floor":16,"turns":8}],"seed_played":"-2227253079124203715","potions_obtained":[{"floor":1,"key":"Strength Potion"},{"floor":5,"key":"CultistPotion"},{"floor":6,"key":"Explosive Potion"}],"is_trial":false,"path_per_floor":["M","$","?","M","M","E","R","?","T","R","M","M","R","?","R","B"],"character_chosen":"MAD_SCIENTIST","items_purchased":["MadScienceMod:AntimatterBomb"],"campfire_rested":3,"item_purchase_floors":[2],"current_hp_per_floor":[65,65,65,61,55,20,42,42,42,42,17,10,32,32,54,0,0],"gold":195,"neow_bonus":"REMOVE_CARD","is_daily":false,"chose_seed":false,"campfire_upgraded":1,"win_rate":0.0,"timestamp":1608618288,"path_taken":["M","?","?","?","M","E","R","?","T","R","?","M","R","?","R","BOSS"],"items_purchased_type":["Card"],"build_version":"2020-12-13","purchased_purges":0,"victory":false,"max_hp_per_floor":[75,75,75,75,75,75,75,75,75,75,75,75,75,75,75,75,75],"card_choices":[{"not_picked":["MadScienceMod:FumeBlast","MadScienceMod:AutoStrike"],"picked":"MadScienceMod:BandageBot","floor":1},{"not_picked":["MadScienceMod:FlexibleSpear","MadScienceMod:NowOrNever","MadScienceMod:AcidSpray"],"picked":"SKIP","floor":4},{"not_picked":["MadScienceMod:Poke","MadScienceMod:RadioactiveSword","MadScienceMod:FlexibleSpear"],"picked":"SKIP","floor":5},{"not_picked":["MadScienceMod:FlameCannon","MadScienceMod:AcidSpray","MadScienceMod:CondenseVapors"],"picked":"SKIP","floor":6},{"not_picked":["MadScienceMod:OilDrum","MadScienceMod:ExtractOil","MadScienceMod:EnergyBarrier"],"picked":"SKIP","floor":11},{"not_picked":["MadScienceMod:EnergyBarrier","MadScienceMod:Refuel","MadScienceMod:ImposingConstruct"],"picked":"SKIP","floor":12}],"player_experience":82100,"relics_obtained":[{"floor":6,"key":"Simple Rune"},{"floor":9,"key":"Smiling Mask"}],"event_choices":[{"cards_removed":["MadScienceMod:Strike_MadScience"],"damage_healed":0,"gold_gain":0,"player_choice":"Purged","damage_taken":0,"max_hp_gain":0,"max_hp_loss":0,"event_name":"Purifier","floor":3,"gold_loss":0},{"damage_healed":0,"gold_gain":0,"player_choice":"2 cards matched","damage_taken":0,"max_hp_gain":0,"max_hp_loss":0,"event_name":"Match and Keep!","floor":8,"gold_loss":0,"cards_obtained":["MadScienceMod:Inflate","MadScienceMod:OilDrum"]},{"damage_healed":0,"gold_gain":0,"player_choice":"Upgraded","damage_taken":0,"max_hp_gain":0,"max_hp_loss":0,"event_name":"Upgrade Shrine","floor":14,"gold_loss":0,"cards_upgraded":["MadScienceMod:BandageBot"]}],"is_beta":false,"boss_relics":[],"items_purged_floors":[],"is_endless":false,"potions_floor_spawned":[1,5,6,12],"killed_by":"Fading Forest","ascension_level":0}}