{"host":"4bjf3jtd8i13astb","time":1608598064,"event":{"mods":["AchievementEnabler","BaseMod","Colored Map","Colored Powertips","Highlight Path","Minty Spire (QoL Compilation)","StSLib"],"gold_per_floor":[368,381,50,50,70,70,102,113,113,128,159,51,68,68,68,141,141,156,156,156,156],"floor_reached":20,"playtime":989,"items_purged":["Parasite"],"score":329,"play_id":"f4b0e11d-0e36-427d-adb7-365002b49ec5","local_time":"20201221194744","is_ascension_mode":true,"campfire_choices":[{"data":"Mayhem","floor":6,"key":"SMITH"},{"floor":15,"key":"REST"}],"circlet_count":0,"master_deck":["AscendersBane","Strike_R","Strike_R","Strike_R","Strike_R","Strike_R","Defend_R","Defend_R","Defend_R","Defend_R","Bash","Wild Strike","Evolve","Mayhem+1","Feed","Inflame","Heavy Blade","Fire Breathing","Evolve","Pommel Strike+1"],"relics":["Burning Blood","The Courier","Tiny Chest","Toy Ornithopter","SlaversCollar","Nloth\u0027s Gift"],"acts_visited":["Exordium","TheCity"],"potions_floor_usage":[7,11,18,20],"damage_taken":[{"damage":12,"enemies":"Jaw Worm","floor":1,"turns":3},{"damage":1,"enemies":"Cultist","floor":2,"turns":4},{"damage":4,"enemies":"2 Louse","floor":5,"turns":4},{"damage":35,"enemies":"3 Sentries","floor":7,"turns":8},{"damage":26,"enemies":"Lots of Slimes","floor":8,"turns":5},{"damage":10,"enemies":"3 Louse","floor":10,"turns":3},{"damage":32,"enemies":"Gremlin Nob","floor":11,"turns":4},{"damage":12,"enemies":"Large Slime","floor":13,"turns":6},{"damage":33,"enemies":"Slime Boss","floor":16,"turns":7},{"damage":76,"enemies":"3 Byrds","floor":18,"turns":6},{"damage":27,"enemies":"Spheric Guardian","floor":20,"turns":3}],"seed_played":"-1171918983366683072","potions_obtained":[{"floor":1,"key":"BlessingOfTheForge"},{"floor":2,"key":"Regen Potion"},{"floor":5,"key":"DistilledChaos"},{"floor":13,"key":"FearPotion"},{"floor":18,"key":"Strength Potion"}],"is_trial":false,"path_per_floor":["M","M","$","?","M","R","E","M","T","M","E","$","M","T","R","B",null,"M","?","M"],"character_chosen":"IRONCLAD","items_purchased":["Evolve","Mayhem","Fire Breathing","Evolve"],"campfire_rested":1,"item_purchase_floors":[3,3,12,12],"current_hp_per_floor":[66,71,71,71,76,76,74,57,57,56,33,33,27,27,57,30,84,22,22,0,0],"gold":156,"neow_bonus":"TWO_FIFTY_GOLD","is_daily":false,"chose_seed":false,"campfire_upgraded":1,"win_rate":0.0,"timestamp":1608598064,"path_taken":["M","M","$","?","M","R","E","M","T","?","E","$","M","?","R","BOSS","M","?","M"],"items_purchased_type":["Card","Card","Card","Card"],"build_version":"2020-12-13","purchased_purges":1,"victory":false,"max_hp_per_floor":[80,80,77,77,80,80,93,96,96,99,102,102,102,102,102,102,102,105,105,105,105],"card_choices":[{"not_picked":["Rampage","True Grit"],"picked":"Wild Strike","floor":1},{"not_picked":["Dropkick","Clash"],"picked":"Disarm","floor":2},{"not_picked":["Rage","Clothesline","Cleave"],"picked":"SKIP","floor":5},{"not_picked":["Rampage","Dual Wield","Warcry"],"picked":"SKIP","floor":7},{"not_picked":["Warcry","Clash","Dark Embrace"],"picked":"SKIP","floor":8},{"not_picked":["Heavy Blade","Pommel Strike"],"picked":"Inflame","floor":10},{"not_picked":["Carnage","Intimidate"],"picked":"Heavy Blade","floor":11},{"not_picked":["Sever Soul","Anger","Body Slam"],"picked":"SKIP","floor":13},{"not_picked":["Clothesline","Carnage"],"picked":"Pommel Strike+1","floor":18}],"player_experience":1218062,"relics_obtained":[{"floor":7,"key":"Pear"},{"floor":9,"key":"The Courier"},{"floor":11,"key":"Tiny Chest"},{"floor":14,"key":"Toy Ornithopter"}],"event_choices":[{"damage_healed":0,"gold_gain":0,"cards_transformed":["Disarm"],"player_choice":"Transformed","damage_taken":0,"max_hp_gain":0,"max_hp_loss":0,"event_name":"Transmorgrifier","floor":4,"gold_loss":0,"cards_obtained":["Feed"]},{"damage_healed":0,"gold_gain":0,"player_choice":"Traded Relic","damage_taken":0,"relics_obtained":["Nloth\u0027s Gift"],"max_hp_gain":0,"max_hp_loss":0,"event_name":"N\u0027loth","floor":19,"relics_lost":["Pear"],"gold_loss":0}],"is_beta":false,"boss_relics":[{"not_picked":["Cursed Key","SacredBark"],"picked":"SlaversCollar"}],"items_purged_floors":[3],"is_endless":false,"potions_floor_spawned":[1,2,5,13,18],"killed_by":"Spheric Guardian","ascension_level":13}}