{"host":"ocy7z4248lncoz2b","time":1608639131,"event":{"mods":["BaseMod","Beaked The Cultist","Bestiary","Better Match","Better Sensory Stone","Better Third Choice","BetterRewards","Clockwork Mod","Colored Map","Colored Powertips","Conspire","Curses Come First","Downfall","Friendly Minions","Gremlin Mod","Highlight Path","Hubris","Infinite Spire","Jorbs\u0027s Wanderer Trilogy","Marisa????????","Mimic Mod","Minty Spire (QoL Compilation)","READ ME - Guardian Mod","Rare Cards Sparkle","Replay The Spire","Shop Mod","Spicy Shops","Spikes Relics","StSLib","SuperFastMode","The Administrix","The Blue Laboratory","The Construct","The Jungle","The Servant 0.9.4","The Wild Card","WarShipGirlsR/????R mod"],"gold_per_floor":[0,0,11,11,21,6,6,23,42,42,54,89,25,38,57,57,57],"floor_reached":16,"playtime":719,"items_purged":[],"score":104,"play_id":"4fa3cf81-3b0c-4244-a2b6-13e48f7ca679","local_time":"20201222211211","is_ascension_mode":false,"campfire_choices":[{"data":"construct:DefenseMode","floor":1,"key":"SMITH"},{"data":"construct:ClockworkEgg","floor":10,"key":"SMITH"}],"circlet_count":0,"master_deck":["construct:Strike_Gold","construct:Strike_Gold","construct:Strike_Gold","construct:Strike_Gold","construct:Defend_Gold","construct:Defend_Gold","construct:Defend_Gold","construct:Defend_Gold","construct:Defend_Gold","construct:AttackMode","construct:DefenseMode+1","construct:ScrapCannon","construct:HastyRepair","construct:Reinforce","construct:Forcefield","construct:ClockworkEgg+1","construct:SuppressiveFire","construct:GuardCore","construct:Autoturret","construct:Zapper","construct:OmegaCannon"],"relics":["construct:ClockworkPhoenix","hubris:GlazedTorus","downfall:ShatteredFragment","Darkstone Periapt","hubris:Potato"],"acts_visited":["Exordium"],"potions_floor_usage":[13,16,16,16],"damage_taken":[{"damage":2,"enemies":"2 Louse","floor":3,"turns":6},{"damage":1,"enemies":"Jaw Worm","floor":5,"turns":3},{"damage":0,"enemies":"downfall:FleeingMerchant","floor":6,"turns":4},{"damage":0,"enemies":"Cultist","floor":8,"turns":4},{"damage":0,"enemies":"Blue Slaver","floor":9,"turns":5},{"damage":7,"enemies":"3 Louse","floor":11,"turns":3},{"damage":30,"enemies":"3 Sentries","floor":12,"turns":7},{"damage":8,"enemies":"downfall:FleeingMerchant","floor":13,"turns":4},{"damage":7,"enemies":"Blue Slaver","floor":14,"turns":3},{"damage":9,"enemies":"Large Slime","floor":15,"turns":6},{"damage":11,"enemies":"downfall:Ironclad","floor":16,"turns":7}],"seed_played":"-8807012911468017100","potions_obtained":[{"floor":8,"key":"blueLaboratory:BubblePotion"},{"floor":9,"key":"Adrenaline Potion"},{"floor":14,"key":"DistilledChaos"},{"floor":15,"key":"DuplicationPotion"}],"is_trial":false,"path_per_floor":["R","?","M","?","M","$","T","M","M","R","M","E","$","M","M","B"],"character_chosen":"THE_CONSTRUCT_MOD","items_purchased":["construct:Autoturret"],"campfire_rested":0,"item_purchase_floors":[13],"current_hp_per_floor":[85,70,68,68,67,67,67,67,67,67,60,30,22,15,6,0,0],"gold":57,"neow_bonus":"ONE_RARE_RELIC","is_daily":false,"chose_seed":false,"campfire_upgraded":2,"win_rate":0.0,"timestamp":1608639131,"path_taken":["R","?","M","?","M","$","T","M","M","R","?","E","$","M","M","BOSS"],"items_purchased_type":["Card"],"build_version":"2020-12-13","purchased_purges":0,"victory":false,"max_hp_per_floor":[85,85,85,85,85,85,85,85,85,85,85,85,85,85,85,85,85],"card_choices":[{"not_picked":["construct:Missile","construct:Backfire"],"picked":"construct:ScrapCannon","floor":3},{"not_picked":["construct:Accumulate","construct:FocusedBeam","construct:Rollout"],"picked":"SKIP","floor":5},{"not_picked":["construct:ChargeShot","construct:Boost"],"picked":"construct:Reinforce","floor":6},{"not_picked":["construct:ChargeShot","construct:Backfire"],"picked":"construct:Forcefield","floor":8},{"not_picked":["construct:Accumulate","construct:SyphonStrike"],"picked":"construct:ClockworkEgg","floor":9},{"not_picked":["construct:Accumulate","construct:Anticipate"],"picked":"construct:SuppressiveFire","floor":11},{"not_picked":["construct:Construct_Overclock","construct:Anticipate"],"picked":"construct:GuardCore","floor":12},{"not_picked":["construct:HardReboot","construct:Versatility","construct:MassProduction"],"picked":"SKIP","floor":13},{"not_picked":["construct:Reinforce","construct:Overcharge"],"picked":"construct:Zapper","floor":14},{"not_picked":["construct:Forcefield","construct:Construct_Overclock"],"picked":"construct:OmegaCannon","floor":15}],"player_experience":293770,"relics_obtained":[{"floor":7,"key":"Darkstone Periapt"},{"floor":12,"key":"hubris:Potato"}],"event_choices":[{"damage_healed":0,"gold_gain":0,"cards_transformed":["construct:Strike_Gold"],"player_choice":"Transformed","damage_taken":0,"max_hp_gain":0,"max_hp_loss":0,"event_name":"Transmorgrifier","floor":4,"gold_loss":0,"cards_obtained":["construct:HastyRepair"]}],"is_beta":false,"boss_relics":[],"items_purged_floors":[],"is_endless":false,"potions_floor_spawned":[8,9,14,15],"killed_by":"downfall:Ironclad","ascension_level":0}}