{"host":"x4x6fw95e6eqd4n0","time":1608675757,"event":{"mods":["AchievementEnabler","BaseMod","Colored Map","Colored Powertips","DeckTracker","Minty Spire (QoL Compilation)"],"gold_per_floor":[113,288,288,288,313,313,329,352,352,352,375,394,434,458,458,577,577,590,590,604,627,330,330,354,389,389,389,408,408,408,432,432,562,562,586,610,171,190,206,206,239,239,239,275,300,321,321,345,345,345],"floor_reached":51,"playtime":2429,"items_purged":[],"score":1151,"play_id":"052a3efc-7ca2-42d5-badb-090872b5c870","local_time":"20201223002237","is_ascension_mode":true,"campfire_choices":[{"data":"Metallicize","floor":6,"key":"SMITH"},{"data":"Barricade","floor":10,"key":"SMITH"},{"data":"Berserk","floor":15,"key":"SMITH"},{"data":"Corruption","floor":23,"key":"SMITH"},{"data":"Armaments","floor":27,"key":"SMITH"},{"data":"Fire Breathing","floor":29,"key":"SMITH"},{"data":"Whirlwind","floor":32,"key":"SMITH"},{"data":"Offering","floor":40,"key":"SMITH"},{"data":"Evolve","floor":42,"key":"SMITH"},{"data":"Evolve","floor":47,"key":"SMITH"},{"data":"Disarm","floor":49,"key":"SMITH"}],"circlet_count":0,"master_deck":["Strike_R+1","Strike_R+1","Strike_R+1","Strike_R+1","Strike_R+1","Defend_R+1","Defend_R+1","Defend_R+1","Defend_R+1","Bash","Reckless Charge","Metallicize+1","Wild Strike","Barricade+1","Ghostly Armor","Pommel Strike","Havoc","Berserk+1","Corruption+1","Headbutt+1","Carnage+1","Perfected Strike","Evolve+1","Armaments+1","Fire Breathing+1","Whirlwind+1","Offering+1","Armaments+1","Headbutt+1","Cleave+1","Body Slam+1","Battle Trance+1","Twin Strike+1","Pommel Strike+1","Evolve+1","Disarm+1"],"relics":["Burning Blood","Golden Idol","Bird Faced Urn","StoneCalendar","Mark of Pain","Anchor","Pear","Mango","Darkstone Periapt","FaceOfCleric","Snecko Eye","PreservedInsect","ClockworkSouvenir","Pen Nib","Mercury Hourglass","Red Skull","Centennial Puzzle"],"acts_visited":["TheCity","TheBeyond"],"potions_floor_usage":[13,14,20,25,33,41,44,44,46],"damage_taken":[{"damage":10,"enemies":"Jaw Worm","floor":1,"turns":6},{"damage":7,"enemies":"2 Louse","floor":5,"turns":3},{"damage":4,"enemies":"Small Slimes","floor":7,"turns":4},{"damage":8,"enemies":"Blue Slaver","floor":8,"turns":4},{"damage":12,"enemies":"Exordium Wildlife","floor":11,"turns":8},{"damage":21,"enemies":"Exordium Thugs","floor":12,"turns":6},{"damage":24,"enemies":"Gremlin Nob","floor":13,"turns":6},{"damage":10,"enemies":"Lots of Slimes","floor":14,"turns":5},{"damage":35,"enemies":"Hexaghost","floor":16,"turns":13},{"damage":28,"enemies":"Chosen","floor":18,"turns":7},{"damage":2,"enemies":"Shell Parasite","floor":20,"turns":6},{"damage":12,"enemies":"Centurion and Healer","floor":24,"turns":6},{"damage":36,"enemies":"Slavers","floor":25,"turns":4},{"damage":20,"enemies":"3 Cultists","floor":28,"turns":5},{"damage":22,"enemies":"Snecko","floor":31,"turns":5},{"damage":20,"enemies":"Automaton","floor":33,"turns":8},{"damage":22,"enemies":"Orb Walker","floor":35,"turns":3},{"damage":39,"enemies":"3 Darklings","floor":36,"turns":5},{"damage":11,"enemies":"Sphere and 2 Shapes","floor":38,"turns":4},{"damage":0,"enemies":"Jaw Worm Horde","floor":39,"turns":2},{"damage":6,"enemies":"Giant Head","floor":41,"turns":6},{"damage":0,"enemies":"Nemesis","floor":44,"turns":3},{"damage":35,"enemies":"3 Darklings","floor":45,"turns":3},{"damage":44,"enemies":"Writhing Mass","floor":46,"turns":4},{"damage":12,"enemies":"Sphere and 2 Shapes","floor":48,"turns":2},{"damage":40,"enemies":"Time Eater","floor":50,"turns":7}],"seed_played":"2305958877961018902","potions_obtained":[{"floor":1,"key":"FairyPotion"},{"floor":12,"key":"BloodPotion"},{"floor":14,"key":"BloodPotion"},{"floor":16,"key":"DuplicationPotion"},{"floor":18,"key":"DistilledChaos"},{"floor":24,"key":"SneckoOil"},{"floor":31,"key":"SkillPotion"},{"floor":35,"key":"Strength Potion"},{"floor":41,"key":"FearPotion"},{"floor":44,"key":"Dexterity Potion"}],"is_trial":false,"path_per_floor":["M","?","?","?","M","R","M","M","T","R","M","M","E","M","R","B",null,"M","?","M","T","$","R","M","E","T","R","M","R","?","M","R","B",null,"M","M","$","M","M","R","E","R","T","E","M","M","R","M","R","B",null],"character_chosen":"IRONCLAD","items_purchased":["Perfected Strike","Pear","PreservedInsect","ClockworkSouvenir","Pen Nib"],"campfire_rested":0,"item_purchase_floors":[22,22,37,37,37],"current_hp_per_floor":[76,76,76,56,55,55,57,55,55,55,53,42,44,58,58,35,80,64,64,76,76,86,86,85,74,74,74,68,68,68,61,61,60,106,95,71,71,77,86,86,95,95,95,110,86,55,55,50,50,31],"gold":345,"neow_bonus":"THREE_CARDS","is_daily":false,"chose_seed":false,"campfire_upgraded":11,"win_rate":0.0,"timestamp":1608675757,"path_taken":["M","?","?","?","M","R","M","M","T","R","M","M","E","?","R","BOSS","M","?","M","?","$","R","M","E","T","R","?","R","?","M","R","BOSS","M","M","$","M","M","R","E","R","T","E","M","M","R","M","R","BOSS"],"items_purchased_type":["Card","Relic","Relic","Relic","Relic"],"build_version":"2020-12-13","purchased_purges":0,"victory":true,"max_hp_per_floor":[80,80,80,80,80,80,80,80,80,80,80,80,80,80,80,80,80,80,80,80,80,90,90,90,104,104,104,104,104,104,105,105,106,106,107,108,108,109,110,110,111,111,111,112,113,114,114,115,115,116],"card_choices":[{"not_picked":["Shrug It Off","Wild Strike"],"picked":"Battle Trance","floor":0.0},{"not_picked":["Body Slam","Heavy Blade"],"picked":"Reckless Charge","floor":1},{"not_picked":["Anger","Feel No Pain"],"picked":"Metallicize","floor":5},{"not_picked":["Clothesline","Anger"],"picked":"Wild Strike","floor":7},{"not_picked":["Thunderclap","Infernal Blade"],"picked":"Barricade","floor":8},{"not_picked":["Havoc","Wild Strike"],"picked":"Ghostly Armor","floor":11},{"not_picked":["Sword Boomerang","Twin Strike"],"picked":"Pommel Strike","floor":12},{"not_picked":["Armaments","Clothesline"],"picked":"Havoc","floor":13},{"not_picked":["Cleave","Armaments"],"picked":"Berserk","floor":14},{"not_picked":["Demon Form","Berserk"],"picked":"Corruption","floor":16},{"not_picked":["Flex","Seeing Red"],"picked":"Headbutt+1","floor":18},{"not_picked":["Pommel Strike","Headbutt"],"picked":"Carnage+1","floor":20},{"not_picked":["Rupture","Cleave"],"picked":"Evolve","floor":24},{"not_picked":["Warcry","True Grit"],"picked":"Armaments","floor":25},{"not_picked":["Armaments","Anger"],"picked":"Fire Breathing","floor":28},{"not_picked":["True Grit","Flex+1"],"picked":"Whirlwind","floor":31},{"not_picked":["Exhume","Fiend Fire"],"picked":"Offering","floor":33},{"not_picked":["Carnage","Shrug It Off"],"picked":"Armaments+1","floor":35},{"not_picked":["Thunderclap","Wild Strike"],"picked":"Headbutt+1","floor":36},{"not_picked":["Hemokinesis","Warcry"],"picked":"Cleave+1","floor":38},{"not_picked":["Barricade","Perfected Strike"],"picked":"Body Slam+1","floor":39},{"not_picked":["Reckless Charge+1","True Grit+1"],"picked":"Battle Trance+1","floor":41},{"not_picked":["Warcry","Anger+1"],"picked":"Twin Strike+1","floor":44},{"not_picked":["Iron Wave","True Grit+1"],"picked":"Pommel Strike+1","floor":45},{"not_picked":["Havoc+1","Warcry+1"],"picked":"Evolve","floor":46},{"not_picked":["Second Wind+1","Heavy Blade"],"picked":"Disarm","floor":48}],"player_experience":17396,"relics_obtained":[{"floor":9,"key":"Bird Faced Urn"},{"floor":13,"key":"StoneCalendar"},{"floor":21,"key":"Anchor"},{"floor":25,"key":"Mango"},{"floor":26,"key":"Darkstone Periapt"},{"floor":41,"key":"Mercury Hourglass"},{"floor":43,"key":"Red Skull"},{"floor":44,"key":"Centennial Puzzle"}],"event_choices":[{"damage_healed":0,"gold_gain":175,"player_choice":"AGREE","damage_taken":0,"max_hp_gain":0,"max_hp_loss":0,"event_name":"Liars Game","floor":2,"gold_loss":0,"cards_obtained":["Doubt"]},{"cards_removed":["Doubt"],"damage_healed":0,"gold_gain":0,"player_choice":"Forget","damage_taken":0,"max_hp_gain":0,"max_hp_loss":0,"event_name":"Living Wall","floor":3,"gold_loss":0},{"damage_healed":0,"gold_gain":0,"player_choice":"Take Damage","damage_taken":20,"relics_obtained":["Golden Idol"],"max_hp_gain":0,"max_hp_loss":0,"event_name":"Golden Idol","floor":4,"gold_loss":0},{"damage_healed":0,"gold_gain":0,"player_choice":"Simplicity","damage_taken":0,"max_hp_gain":0,"max_hp_loss":0,"event_name":"Back to Basics","floor":19,"gold_loss":0,"cards_upgraded":["Strike_R","Strike_R","Strike_R","Strike_R","Strike_R","Defend_R","Defend_R","Defend_R","Defend_R"]},{"damage_healed":0,"gold_gain":0,"player_choice":"Trade","damage_taken":0,"relics_obtained":["FaceOfCleric"],"max_hp_gain":0,"max_hp_loss":0,"event_name":"FaceTrader","floor":30,"gold_loss":0}],"is_beta":false,"boss_relics":[{"not_picked":["Black Star","Velvet Choker"],"picked":"Mark of Pain"},{"not_picked":["Busted Crown","Astrolabe"],"picked":"Snecko Eye"}],"items_purged_floors":[],"is_endless":false,"potions_floor_spawned":[1,12,14,16,18,24,31,35,41,44],"ascension_level":2}}