{"host":"v41r765ix9n0d8n3","time":1608679765,"event":{"mods":["BaseMod","Colored Powertips","Hermit","Minty Spire (QoL Compilation)","Shop Mod","StSLib","The Bug Knight","The Cursed","The Druid","The Factory","The Wild Card"],"gold_per_floor":[217,139,139,159,179,179,207,207,207,239,250,250,286,34,34,164,164,182,203,216,216,216],"floor_reached":21,"playtime":2727,"items_purged":[],"score":189,"play_id":"f7f099b7-33e8-4062-81de-5d2325101403","local_time":"20201223002925","is_ascension_mode":false,"campfire_choices":[{"data":"Armaments","floor":6,"key":"SMITH"},{"data":"Flex","floor":8,"key":"SMITH"},{"data":"Pommel Strike","floor":15,"key":"SMITH"}],"circlet_count":0,"master_deck":["Strike_R","Strike_R","Strike_R","Strike_R","Strike_R","Defend_R","Defend_R","Defend_R","Defend_R","Bash","Spot Weakness","Warcry","Thunderclap","Armaments+1","Flex+1","Pommel Strike+1","Shrug It Off","Headbutt","Pummel","Double Tap","Ghostly Armor","Rage","Warcry+1"],"relics":["Burning Blood","Pocketwatch","Boot","Golden Idol","Odd Mushroom","StrikeDummy","Sozu"],"acts_visited":["Exordium","TheCity"],"potions_floor_usage":[5,7],"damage_taken":[{"damage":8,"enemies":"2 Louse","floor":1,"turns":3},{"damage":5,"enemies":"Small Slimes","floor":4,"turns":3},{"damage":6,"enemies":"Cultist","floor":5,"turns":4},{"damage":24,"enemies":"Lagavulin","floor":7,"turns":6},{"damage":2,"enemies":"HollowMod:MossKnight","floor":10,"turns":7},{"damage":11,"enemies":"2 Fungi Beasts","floor":11,"turns":3},{"damage":19,"enemies":"The Mushroom Lair","floor":13,"turns":3},{"damage":44,"enemies":"Hexaghost","floor":16,"turns":8},{"damage":17,"enemies":"Shell Parasite","floor":18,"turns":4},{"damage":8,"enemies":"3 Byrds","floor":19,"turns":3},{"damage":16,"enemies":"Snake Plant","floor":20,"turns":2},{"damage":0,"enemies":"Snecko","floor":21,"turns":2}],"seed_played":"-5938531624635278532","potions_obtained":[{"floor":1,"key":"Block Potion"},{"floor":4,"key":"Ancient Potion"},{"floor":5,"key":"Block Potion"}],"is_trial":false,"path_per_floor":["M","$","?","M","M","R","E","R","T","E","M","?","?","$","R","B",null,"M","M","M","M"],"character_chosen":"IRONCLAD","items_purchased":["Warcry","Thunderclap","StrikeDummy"],"campfire_rested":0,"item_purchase_floors":[2,2,14],"current_hp_per_floor":[78,78,78,79,79,79,61,61,61,65,60,60,47,47,47,9,74,63,61,51,51,51],"gold":216,"neow_bonus":"HUNDRED_GOLD","is_daily":false,"chose_seed":false,"campfire_upgraded":3,"win_rate":0.0,"timestamp":1608679765,"path_taken":["M","$","?","M","M","R","E","R","T","E","M","?","?","$","R","BOSS","M","M","M","M"],"items_purchased_type":["Card","Card","Relic"],"build_version":"2020-12-13","purchased_purges":0,"victory":false,"max_hp_per_floor":[80,80,80,80,80,80,80,80,80,80,80,74,74,74,74,74,74,74,74,74,74,74],"card_choices":[{"not_picked":["Heavy Blade","Thunderclap"],"picked":"Spot Weakness","floor":1},{"not_picked":["True Grit","Thunderclap"],"picked":"Armaments","floor":4},{"not_picked":["Intimidate","Rupture"],"picked":"Flex","floor":5},{"not_picked":["Whirlwind","Twin Strike"],"picked":"Pommel Strike","floor":7},{"not_picked":["Second Wind","Flex"],"picked":"Shrug It Off","floor":10},{"not_picked":["True Grit","Warcry"],"picked":"Headbutt","floor":11},{"not_picked":["Iron Wave","Body Slam"],"picked":"Pummel","floor":13},{"not_picked":["Corruption","Immolate"],"picked":"Double Tap","floor":16},{"not_picked":["Combust+1","Pommel Strike"],"picked":"Ghostly Armor","floor":18},{"not_picked":["Seeing Red","Sword Boomerang"],"picked":"Rage","floor":19},{"not_picked":["Sword Boomerang","Reckless Charge"],"picked":"Warcry+1","floor":20}],"player_experience":506477,"relics_obtained":[{"floor":7,"key":"Pocketwatch"},{"floor":10,"key":"Boot"},{"floor":13,"key":"Odd Mushroom"}],"event_choices":[{"damage_healed":0,"gold_gain":0,"player_choice":"Ignored","damage_taken":0,"max_hp_gain":0,"max_hp_loss":0,"event_name":"Golden Wing","floor":3,"gold_loss":0},{"damage_healed":0,"gold_gain":0,"player_choice":"Lose Max HP","damage_taken":0,"relics_obtained":["Golden Idol"],"max_hp_gain":0,"max_hp_loss":6,"event_name":"Golden Idol","floor":12,"gold_loss":0},{"damage_healed":0,"gold_gain":0,"player_choice":"Fought Mushrooms","damage_taken":0,"max_hp_gain":0,"max_hp_loss":0,"event_name":"Mushrooms","floor":13,"gold_loss":0}],"is_beta":false,"boss_relics":[{"not_picked":["SacredBark","Velvet Choker"],"picked":"Sozu"}],"items_purged_floors":[],"is_endless":false,"potions_floor_spawned":[1,4,5,18,19],"killed_by":"Snecko","ascension_level":0}}