{"host":"konjmgczbcns2r3g","time":1608607163,"event":{"mods":["AchievementEnabler","BaseMod","Colored Powertips","Hermit","Infinite Spire","Minty Spire (QoL Compilation)","StSLib","The Cursed","The Necromancer","The Servant 0.9.4"],"gold_per_floor":[111,128,21,21,41,69,69,133,211,226,226,40,55,55,55,159,159,172,172,172],"floor_reached":19,"playtime":1170,"items_purged":[],"score":169,"play_id":"86909590-21cc-4024-95e3-985dcc682960","local_time":"20201221221923","is_ascension_mode":false,"campfire_choices":[{"floor":7,"key":"REST"},{"floor":11,"key":"REST"},{"floor":15,"key":"REST"}],"circlet_count":0,"master_deck":["hermit:Strike_Hermit","hermit:Strike_Hermit","hermit:Strike_Hermit","hermit:Strike_Hermit","hermit:Defend_Hermit","hermit:Defend_Hermit","hermit:Defend_Hermit","hermit:Defend_Hermit","hermit:Snapshot","hermit:Covet","hermit:BodyArmor","hermit:SprayPray","hermit:Combo","hermit:Horror","Shame","Decay","infinitespire:Oblivion","hermit:Deadeye","hermit:TakeAim","hermit:Determination","hermit:Shortfuse","hermit:TrackingShot","hermit:Roughhouse","hermit:Headshot+1"],"relics":["hermit:Momento","infinitespire:Satchel","Darkstone Periapt","Strange Spoon","SlaversCollar"],"acts_visited":["Exordium","TheCity"],"potions_floor_usage":[6,13,14],"damage_taken":[{"damage":2,"enemies":"2 Louse","floor":1,"turns":3},{"damage":0,"enemies":"Small Slimes","floor":2,"turns":4},{"damage":6,"enemies":"Jaw Worm","floor":5,"turns":3},{"damage":21,"enemies":"Lagavulin","floor":6,"turns":5},{"damage":19,"enemies":"2 Fungi Beasts","floor":10,"turns":4},{"damage":21,"enemies":"Exordium Wildlife","floor":13,"turns":4},{"damage":0,"enemies":"Exordium Thugs","floor":14,"turns":1},{"damage":63,"enemies":"The Guardian","floor":16,"turns":10},{"damage":59,"enemies":"Shell Parasite","floor":18,"turns":6},{"damage":28,"enemies":"3 Byrds","floor":19,"turns":3}],"seed_played":"-7986848149061035394","potions_obtained":[{"floor":1,"key":"SmokeBomb"},{"floor":5,"key":"ColorlessPotion"},{"floor":13,"key":"Fruit Juice"},{"floor":16,"key":"FearPotion"},{"floor":18,"key":"Weak Potion"}],"is_trial":false,"path_per_floor":["M","M","$","?","M","E","R","?","T","M","R","$","M","M","R","B",null,"M","M"],"character_chosen":"HERMIT","items_purchased":["hermit:Combo","hermit:Horror","Strange Spoon","hermit:Shortfuse"],"campfire_rested":3,"item_purchase_floors":[3,3,12,12],"current_hp_per_floor":[80,80,80,80,74,53,77,77,77,58,82,82,66,66,87,24,87,28,0,0],"gold":172,"neow_bonus":"TEN_PERCENT_HP_BONUS","is_daily":false,"chose_seed":false,"campfire_upgraded":0,"win_rate":0.0,"timestamp":1608607163,"path_taken":["M","M","$","?","M","E","R","?","T","M","R","$","M","M","R","BOSS","M","M"],"items_purchased_type":["Card","Card","Relic","Card"],"build_version":"2020-12-13","purchased_purges":0,"victory":false,"max_hp_per_floor":[82,82,82,82,82,82,82,82,82,82,82,82,87,87,87,87,87,87,87,87],"card_choices":[{"not_picked":["hermit:Manifest","hermit:EyeOfTheStorm"],"picked":"hermit:BodyArmor","floor":1},{"not_picked":["hermit:Desperado","hermit:Misfire"],"picked":"hermit:SprayPray","floor":2},{"not_picked":["infinitespire:SealOfDarkness+","infinitespire:SevenWalls"],"picked":"infinitespire:Oblivion","floor":4},{"not_picked":["hermit:CalledShot","hermit:Cheat"],"picked":"hermit:Deadeye","floor":5},{"not_picked":["hermit:SprayPray","hermit:Glare"],"picked":"hermit:TakeAim","floor":6},{"not_picked":["hermit:LowProfile","hermit:Misfire"],"picked":"hermit:Determination","floor":10},{"not_picked":["hermit:Combo","hermit:ShadowCloak"],"picked":"hermit:TrackingShot","floor":13},{"not_picked":["hermit:DeadOrAlive","hermit:Magnum"],"picked":"hermit:Roughhouse","floor":16},{"not_picked":["hermit:Vantage","hermit:Manifest"],"picked":"hermit:Headshot+1","floor":18}],"player_experience":263912,"relics_obtained":[{"floor":6,"key":"infinitespire:Satchel"},{"floor":9,"key":"Darkstone Periapt"}],"event_choices":[{"damage_healed":0,"gold_gain":64,"player_choice":"Gained Gold","damage_taken":0,"max_hp_gain":0,"max_hp_loss":0,"event_name":"Golden Wing","floor":8,"gold_loss":0}],"is_beta":false,"boss_relics":[{"not_picked":["Pandora\u0027s Box","SacredBark"],"picked":"SlaversCollar"}],"items_purged_floors":[],"is_endless":false,"potions_floor_spawned":[1,5,13,16,18],"killed_by":"3 Byrds","ascension_level":0}}