{"host":"yiit85oc4oi3nqs8","time":1608643212,"event":{"mods":["AchievementEnabler","BaseMod","Better Third Choice","Block Reminder","DeckTracker","Highlight Path","Keyboard Shortcuts","Minty Spire (QoL Compilation)","MonsterHotkey","Quick Restart","Random Character Button","Relic Stats","StSLib"],"gold_per_floor":[109,109,109,34,53,88,108,108,108],"floor_reached":8,"playtime":241,"items_purged":["Strike_G"],"score":150,"play_id":"f986825b-de62-4ffc-a86e-55508c045b06","local_time":"20201222222012","is_ascension_mode":true,"campfire_choices":[],"circlet_count":0,"master_deck":["AscendersBane","Strike_G","Strike_G","Strike_G","Strike_G","Defend_G","Defend_G+1","Defend_G","Defend_G","Defend_G+1","Survivor","Neutralize","Dagger Throw","Prepared","Backflip","Underhanded Strike"],"relics":["Ring of the Snake","NeowsBlessing","Golden Idol","Bottled Lightning"],"acts_visited":["Exordium"],"potions_floor_usage":[],"damage_taken":[{"damage":0.0,"enemies":"Small Slimes","floor":1.0,"turns":1.0},{"damage":0,"enemies":"Jaw Worm","floor":5,"turns":1},{"damage":0,"enemies":"3 Sentries","floor":6,"turns":1},{"damage":0,"enemies":"Cultist","floor":7,"turns":5},{"damage":54,"enemies":"Gremlin Nob","floor":8,"turns":5}],"seed_played":"-3140408327123670113","potions_obtained":[{"floor":1.0,"key":"PowerPotion"},{"floor":5,"key":"Explosive Potion"}],"is_trial":false,"path_per_floor":["M","?","?","$","M","E","M","E"],"character_chosen":"THE_SILENT","items_purchased":[],"campfire_rested":0,"item_purchase_floors":[],"current_hp_per_floor":[59,39,39,39,39,39,39,0,0],"gold":108,"neow_bonus":"THREE_ENEMY_KILL","is_daily":false,"chose_seed":false,"campfire_upgraded":0,"win_rate":0.0,"timestamp":1608643212,"path_taken":["M","?","?","?","M","E","M","E"],"items_purchased_type":[],"build_version":"2020-12-13","purchased_purges":1,"victory":false,"max_hp_per_floor":[66,66,60,60,60,60,60,60,60],"relic_stats":{"counters":[5,13],"Golden Idol":15,"obtain_stats":[{"NeowsBlessing":0,"Golden Idol":3,"Bottled Lightning":6,"Ring of the Snake":0},{"NeowsBlessing":0,"Golden Idol":1,"Bottled Lightning":3,"Ring of the Snake":0},{"NeowsBlessing":0,"Golden Idol":1,"Bottled Lightning":3,"Ring of the Snake":0}],"Ring of the Snake":[10]},"card_choices":[{"not_picked":["Choke","Slice"],"picked":"Dagger Throw","floor":1.0},{"not_picked":["Endless Agony","Reflex"],"picked":"Prepared","floor":5},{"not_picked":["Quick Slash","Choke"],"picked":"Backflip","floor":6},{"not_picked":["Eviscerate","Adrenaline"],"picked":"Underhanded Strike","floor":7}],"player_experience":404521,"relics_obtained":[{"floor":6,"key":"Bottled Lightning"}],"event_choices":[{"damage_healed":59,"gold_gain":0,"player_choice":"Upgrade","damage_taken":20,"max_hp_gain":0,"max_hp_loss":66,"event_name":"betterThird:BetterShining","floor":2,"gold_loss":0,"cards_upgraded":["Defend_G","Defend_G"]},{"damage_healed":0,"gold_gain":0,"player_choice":"Lose Max HP","damage_taken":0,"relics_obtained":["Golden Idol"],"max_hp_gain":0,"max_hp_loss":6,"event_name":"Golden Idol","floor":3,"gold_loss":0}],"is_beta":false,"boss_relics":[],"items_purged_floors":[4],"is_endless":false,"potions_floor_spawned":[1,5,7],"killed_by":"Gremlin Nob","ascension_level":17}}