{"host":"bux1pdxjwq4dkad9","time":1608611864,"event":{"mods":["ATMod(∞¢Ë™Mod)","BaseMod","Colored Map","Minty Spire (QoL Compilation)","Quick Restart","StSLib","SuperFastMode","The Alterego","°æ“≈ŒÔMod°øºÚµ•”Œœ∑"],"gold_per_floor":[112,112,112,112,130,163,113,113,187,205,222,257,257,285,285,357,357,389,413,425,457,488,535,285,316,316,344,64,164,194,221,221,294,294,331,351,400,422,448,473,473,488,497,497,497,515,543,554,554,554,554,554,128,170,170],"floor_reached":56,"playtime":2186,"items_purged":["alterego_mod:Strike","alterego_mod:Strike","alterego_mod:Defend"],"score":2804,"play_id":"d6c6b89d-d482-4142-a480-f441de61488a","local_time":"20201222123744","is_ascension_mode":true,"campfire_choices":[{"data":"alterego_mod:Impale","floor":13.0,"key":"SMITH"},{"data":"alterego_mod:Palingenesis","floor":15.0,"key":"SMITH"},{"data":"alterego_mod:Palingenesis+1","floor":32.0,"key":"SMITH"},{"floor":41.0,"key":"RECALL"},{"data":"alterego_mod:Palingenesis+2","floor":45.0,"key":"SMITH"},{"data":"alterego_mod:Palingenesis+3","floor":49,"key":"SMITH"},{"data":"alterego_mod:Palingenesis+4","floor":52,"key":"SMITH"}],"circlet_count":0,"master_deck":["AscendersBane","alterego_mod:Defend+1","alterego_mod:Defend+1","alterego_mod:Impale+1","alterego_mod:BigMeatyClaws","alterego_mod:BrynhildrsRune","alterego_mod:BreastValley","alterego_mod:Mirror+1","alterego_mod:Cooking+1","alterego_mod:TrashNCrash+1","alterego_mod:Palingenesis+5","CurseOfTheBell","alterego_mod:Birthday+1","alterego_mod:Undulate+1","alterego_mod:Birthday+1","Panache+1","alterego_mod:IndependentAction+1","alterego_mod:Pet+1","alterego_mod:Belts+1","alterego_mod:GachaTicket+1","alterego_mod:MagicResistance+1","Shame","alterego_mod:MagicResistance+1"],"relics":["alterego_mod:MasochisticConstitution","ImprovedEquipment","Torii","Bag of Preparation","Gremlin Horn","Toxic Egg 2","Happy Flower","Matryoshka","Calling Bell","MawBank","Frozen Egg 2","Prayer Wheel","Kunai","Lantern","AT_LudenTempest","CeramicFish","Vajra","Bottled Tornado","Strawberry","War Paint","Unceasing Top","Blue Candle","Molten Egg 2","Cursed Key","StoneCalendar","Nunchaku","Whetstone","Boot","OrangePellets","Anchor","Bottled Flame"],"acts_visited":["Exordium","TheCity","TheBeyond","TheEnding"],"potions_floor_usage":[],"damage_taken":[{"damage":0.0,"enemies":"Cultist","floor":1.0,"turns":3.0},{"damage":0.0,"enemies":"Small Slimes","floor":5.0,"turns":3.0},{"damage":0.0,"enemies":"Gremlin Nob","floor":6.0,"turns":5.0},{"damage":1.0,"enemies":"Jaw Worm","floor":10.0,"turns":3.0},{"damage":0.0,"enemies":"Large Slime","floor":11.0,"turns":5.0},{"damage":0.0,"enemies":"3 Sentries","floor":12.0,"turns":8.0},{"damage":0.0,"enemies":"Gremlin Nob","floor":14.0,"turns":3.0},{"damage":0.0,"enemies":"The Guardian","floor":16.0,"turns":8.0},{"damage":0.0,"enemies":"Chosen","floor":18.0,"turns":3.0},{"damage":0.0,"enemies":"Shell Parasite","floor":19.0,"turns":5.0},{"damage":0.0,"enemies":"Centurion and Healer","floor":21.0,"turns":6.0},{"damage":0.0,"enemies":"Snecko","floor":22.0,"turns":4.0},{"damage":0.0,"enemies":"Book of Stabbing","floor":23.0,"turns":4.0},{"damage":0.0,"enemies":"Slavers","floor":25.0,"turns":2.0},{"damage":0.0,"enemies":"Gremlin Leader","floor":27.0,"turns":1.0},{"damage":0.0,"enemies":"Colosseum Slavers","floor":29.0,"turns":1.0},{"damage":0.0,"enemies":"Colosseum Nobs","floor":29.0,"turns":1.0},{"damage":0.0,"enemies":"Book of Stabbing","floor":30.0,"turns":1.0},{"damage":0.0,"enemies":"Snake Plant","floor":31.0,"turns":1.0},{"damage":4.0,"enemies":"Collector","floor":33.0,"turns":1.0},{"damage":4.0,"enemies":"3 Darklings","floor":35.0,"turns":1.0},{"damage":4.0,"enemies":"3 Shapes","floor":36.0,"turns":1.0},{"damage":4.0,"enemies":"2 Orb Walkers","floor":37.0,"turns":1.0},{"damage":4.0,"enemies":"Sphere and 2 Shapes","floor":38.0,"turns":1.0},{"damage":4.0,"enemies":"Maw","floor":39.0,"turns":1.0},{"damage":4.0,"enemies":"Nemesis","floor":40.0,"turns":1.0},{"damage":4.0,"enemies":"Writhing Mass","floor":42.0,"turns":1.0},{"damage":4.0,"enemies":"3 Darklings","floor":46.0,"turns":1.0},{"damage":4,"enemies":"Giant Head","floor":47,"turns":2},{"damage":4,"enemies":"Spire Growth","floor":48,"turns":1},{"damage":4,"enemies":"Awakened One","floor":50,"turns":2},{"damage":8,"enemies":"Shield and Spear","floor":54,"turns":1},{"damage":8,"enemies":"The Heart","floor":55,"turns":3}],"seed_played":"6119964257385351603","potions_obtained":[{"floor":1.0,"key":"Fire Potion"},{"floor":6.0,"key":"LiquidMemories"},{"floor":20.0,"key":"PowerPotion"},{"floor":23.0,"key":"PowerPotion"}],"is_trial":false,"path_per_floor":["M","?","?","?","M","E","?","?","T","M","M","E","R","E","R","B",null,"M","M","?","M","M","E","$","E","T","E","$","?","E","M","R","B",null,"M","M","?","M","M","E","R","M","T","?","R","M","E","M","R","B",null,"R","$","E","B",null],"character_chosen":"The_Alterego","items_purchased":["Panache+1","alterego_mod:IndependentAction+1","War Paint","OrangePellets","Anchor"],"campfire_rested":0,"item_purchase_floors":[24,28,28,53,53],"current_hp_per_floor":[45,42,42,42,42,42,42,35,35,35,35,39,39,39,39,43,64,68,71,71,71,71,71,71,71,71,78,78,78,78,78,78,79,79,79,79,82,83,84,85,85,86,86,86,86,83,88,89,89,90,90,90,90,91,92],"gold":170,"neow_bonus":"ONE_RARE_RELIC","is_daily":false,"chose_seed":false,"campfire_upgraded":6,"win_rate":0.0,"timestamp":1608611864,"path_taken":["M","?","?","?","M","E","?","?","T","?","M","E","R","E","R","BOSS","M","M","?","M","?","E","$","E","T","E","$","?","E","M","R","BOSS","M","M","?","M","M","E","R","M","T","?","R","M","E","M","R","BOSS","R","$","E","BOSS"],"items_purchased_type":["Card","Card","Relic","Relic","Relic"],"build_version":"2020-12-13","purchased_purges":3,"victory":true,"max_hp_per_floor":[70,70,70,70,70,70,70,70,70,71,71,71,71,71,71,71,71,71,71,71,71,71,71,71,71,71,78,78,78,78,78,78,79,79,80,81,82,83,84,85,85,86,86,86,86,87,88,89,89,90,90,90,90,91,92],"card_choices":[{"not_picked":["alterego_mod:SakuraFive","alterego_mod:Punishment","alterego_mod:Table"],"picked":"SKIP","floor":1.0},{"not_picked":["alterego_mod:Maid","alterego_mod:Bounce","alterego_mod:GoddessCore"],"picked":"SKIP","floor":5.0},{"not_picked":["alterego_mod:ClassAdvantage","alterego_mod:TrashNCrash"],"picked":"alterego_mod:BreastValley","floor":6.0},{"not_picked":["alterego_mod:Pet+1","alterego_mod:Nekomimi"],"picked":"alterego_mod:Mirror+1","floor":10.0},{"not_picked":["alterego_mod:Exercise","alterego_mod:MagicResistance+1"],"picked":"alterego_mod:Cooking+1","floor":11.0},{"not_picked":["alterego_mod:DiscoLights","alterego_mod:GoddessCore"],"picked":"alterego_mod:TrashNCrash+1","floor":12.0},{"not_picked":["alterego_mod:SakuraPetals","alterego_mod:PainIsPleasure"],"picked":"alterego_mod:Palingenesis","floor":14.0},{"not_picked":["alterego_mod:Mirror+1","alterego_mod:ChallengeComplete+1"],"picked":"alterego_mod:Birthday+1","floor":18.0},{"not_picked":["alterego_mod:Bounce","alterego_mod:DiscoLights+1","alterego_mod:BustOut+1"],"picked":"SKIP","floor":18.0},{"not_picked":["alterego_mod:Maid+1","alterego_mod:PurpleHair+1","alterego_mod:Complex"],"picked":"SKIP","floor":19.0},{"not_picked":["alterego_mod:GoddessCore","alterego_mod:Bounce","alterego_mod:Skirt"],"picked":"SKIP","floor":19.0},{"not_picked":["alterego_mod:BreastValley+1","alterego_mod:1TonWallop","alterego_mod:Punishment+1"],"picked":"SKIP","floor":21.0},{"not_picked":["alterego_mod:Swimsuit","alterego_mod:Jiggle+1","alterego_mod:Santa+1"],"picked":"SKIP","floor":21.0},{"not_picked":["alterego_mod:BiFurious","alterego_mod:Skirt"],"picked":"alterego_mod:Undulate+1","floor":22.0},{"not_picked":["alterego_mod:Bounce","alterego_mod:BeGentle+1","alterego_mod:Mirror+1"],"picked":"SKIP","floor":22.0},{"not_picked":["alterego_mod:Mirror+1","alterego_mod:Birthday+1","alterego_mod:BreastValley+1"],"picked":"SKIP","floor":23.0},{"not_picked":["alterego_mod:Mirror+1","alterego_mod:BreastValley+1"],"picked":"alterego_mod:Birthday+1","floor":23.0},{"not_picked":["alterego_mod:GIGAMILK+1","alterego_mod:PurpleHair+1","alterego_mod:Lingerie"],"picked":"SKIP","floor":25.0},{"not_picked":["alterego_mod:Collar","alterego_mod:Cooking+1","alterego_mod:HighServant+1"],"picked":"SKIP","floor":27.0},{"not_picked":["alterego_mod:DeftHands+1","alterego_mod:PerceptionDisorder+1","alterego_mod:MagicResistance+1"],"picked":"SKIP","floor":30.0},{"not_picked":["alterego_mod:1TonWallop+1","alterego_mod:BreastValley+1"],"picked":"alterego_mod:Pet+1","floor":31.0},{"not_picked":["alterego_mod:Maid+1","alterego_mod:Undulate+1","alterego_mod:TrashNCrash+1"],"picked":"SKIP","floor":31.0},{"not_picked":["alterego_mod:Skirt+1","alterego_mod:Valentines+1"],"picked":"alterego_mod:DustData+1","floor":35.0},{"not_picked":["alterego_mod:Mirror+1","alterego_mod:Exercise+1"],"picked":"alterego_mod:Belts+1","floor":35.0},{"not_picked":["alterego_mod:Crossover+1","alterego_mod:Undulate+1","alterego_mod:Collar+1"],"picked":"SKIP","floor":36.0},{"not_picked":["alterego_mod:Table+1","alterego_mod:Cycle+1","alterego_mod:DiscoLights+1"],"picked":"SKIP","floor":36.0},{"not_picked":["alterego_mod:Lingerie+1","alterego_mod:Collar+1"],"picked":"alterego_mod:GachaTicket+1","floor":38.0},{"not_picked":["alterego_mod:GoddessCore+1","alterego_mod:PerceptionDisorder+1","alterego_mod:Santa+1"],"picked":"SKIP","floor":38.0},{"not_picked":["alterego_mod:Cycle+1","alterego_mod:MagicResistance+1","alterego_mod:PurpleHair+1"],"picked":"SKIP","floor":39.0},{"not_picked":["alterego_mod:Exercise+1","alterego_mod:Jiggle+1","alterego_mod:MagicResistance+1"],"picked":"SKIP","floor":39.0},{"not_picked":["alterego_mod:Exercise+1","alterego_mod:Jiggle+1"],"picked":"alterego_mod:MagicResistance+1","floor":39.0},{"not_picked":["alterego_mod:Cycle+1","alterego_mod:MagicResistance+1","alterego_mod:PurpleHair+1"],"picked":"SKIP","floor":39.0},{"not_picked":["alterego_mod:1TonWallop+1","alterego_mod:Cycle+1","alterego_mod:PurpleHair+1"],"picked":"SKIP","floor":40.0},{"not_picked":["alterego_mod:Rip","alterego_mod:BiFurious+1","alterego_mod:Clones+1"],"picked":"SKIP","floor":42.0},{"not_picked":["alterego_mod:Antipathy+1","alterego_mod:RocketPunch+1","alterego_mod:DiscoLights+1"],"picked":"SKIP","floor":42.0},{"not_picked":["alterego_mod:TrashNCrash+1","alterego_mod:DiscoLights+1","alterego_mod:DeftHands+1"],"picked":"SKIP","floor":46.0},{"not_picked":["alterego_mod:GoddessCore+1","alterego_mod:1TonWallop+1","alterego_mod:Crossover+1"],"picked":"SKIP","floor":46.0},{"not_picked":["alterego_mod:MagicResistance+1","alterego_mod:TrashNCrash+1","alterego_mod:PurpleHair+1"],"picked":"SKIP","floor":47},{"not_picked":["alterego_mod:Cycle+1","alterego_mod:STier+1","alterego_mod:Maid+1"],"picked":"SKIP","floor":48},{"not_picked":["alterego_mod:Jiggle+1","alterego_mod:Rip","alterego_mod:SakuraPetals+1"],"picked":"SKIP","floor":48},{"not_picked":["alterego_mod:Cooking+1","alterego_mod:Rip"],"picked":"alterego_mod:MagicResistance+1","floor":54}],"player_experience":2344947,"relics_obtained":[{"floor":6.0,"key":"Gremlin Horn"},{"floor":9.0,"key":"Toxic Egg 2"},{"floor":12.0,"key":"Happy Flower"},{"floor":14.0,"key":"Matryoshka"},{"floor":17.0,"key":"MawBank"},{"floor":17.0,"key":"Frozen Egg 2"},{"floor":17.0,"key":"Prayer Wheel"},{"floor":23.0,"key":"Kunai"},{"floor":25.0,"key":"CeramicFish"},{"floor":26.0,"key":"Vajra"},{"floor":26.0,"key":"Bottled Tornado"},{"floor":27.0,"key":"Strawberry"},{"floor":29.0,"key":"Unceasing Top"},{"floor":29.0,"key":"Blue Candle"},{"floor":30.0,"key":"Molten Egg 2"},{"floor":37.0,"key":"StoneCalendar"},{"floor":40.0,"key":"Nunchaku"},{"floor":43.0,"key":"Whetstone"},{"floor":47,"key":"Boot"},{"floor":54,"key":"Bottled Flame"}],"event_choices":[{"damage_healed":0.0,"max_hp_gain":0.0,"max_hp_loss":0.0,"gold_gain":0.0,"event_name":"Scrap Ooze","player_choice":"Success","floor":2.0,"gold_loss":0.0,"damage_taken":3.0,"relics_obtained":["Bag of Preparation"]},{"cards_removed":["alterego_mod:Strike"],"damage_healed":0.0,"max_hp_gain":0.0,"max_hp_loss":0.0,"gold_gain":0.0,"event_name":"Living Wall","player_choice":"Forget","floor":3.0,"gold_loss":0.0,"damage_taken":0.0},{"damage_healed":0.0,"max_hp_gain":0.0,"max_hp_loss":0.0,"gold_gain":0.0,"event_name":"Liars Game","player_choice":"Ignored","floor":4.0,"gold_loss":0.0,"damage_taken":0.0},{"cards_removed":["alterego_mod:Strike"],"damage_healed":0.0,"max_hp_gain":0.0,"max_hp_loss":0.0,"gold_gain":0.0,"event_name":"The Cleric","player_choice":"Card Removal","floor":7.0,"gold_loss":50.0,"damage_taken":0.0},{"cards_removed":["alterego_mod:Defend"],"damage_healed":0.0,"max_hp_gain":0.0,"max_hp_loss":0.0,"gold_gain":0.0,"event_name":"Golden Wing","player_choice":"Card Removal","floor":8.0,"gold_loss":0.0,"damage_taken":7.0},{"damage_healed":0.0,"max_hp_gain":0.0,"max_hp_loss":0.0,"gold_gain":0.0,"event_name":"Lab","player_choice":"Got Potions","floor":20.0,"gold_loss":0.0,"damage_taken":0.0},{"damage_healed":0.0,"max_hp_gain":0.0,"max_hp_loss":0.0,"gold_gain":0.0,"event_name":"Colosseum","player_choice":"Fight","floor":29.0,"gold_loss":0.0,"damage_taken":0.0},{"damage_healed":0.0,"max_hp_gain":0.0,"max_hp_loss":0.0,"gold_gain":0.0,"event_name":"Colosseum","player_choice":"Fought Nobs","floor":29.0,"gold_loss":0.0,"damage_taken":0.0},{"damage_healed":0.0,"max_hp_gain":0.0,"max_hp_loss":0.0,"gold_gain":0.0,"event_name":"Mysterious Sphere","player_choice":"Fight","floor":37.0,"gold_loss":0.0,"damage_taken":0.0},{"damage_healed":0.0,"max_hp_gain":0.0,"max_hp_loss":0.0,"gold_gain":0.0,"event_name":"SecretPortal","player_choice":"Ignored","floor":44.0,"gold_loss":0.0,"damage_taken":0.0}],"is_beta":false,"boss_relics":[{"not_picked":["SacredBark","Tiny House"],"picked":"Calling Bell"},{"not_picked":["Fusion Hammer","Astrolabe"],"picked":"Cursed Key"}],"items_purged_floors":[24,28,53],"is_endless":false,"potions_floor_spawned":[1,6,11,12,23,27,29,29,30,35,36,37,46],"ascension_level":13}}