{"host":"n23juj4d9qam5hh1","time":1608620348,"event":{"mods":["BaseMod","Better Note","BetterRewards","Infinite Spire","Minty Spire (QoL Compilation)","Relic Stats","StSLib"],"gold_per_floor":[211,211,222,239,239,239,252,252,252,268,268,340,340,365,365,493,493,514,527,543,458,150,150,164,164,164,164,164,164,182,201,201,332,332,353,108,176,25,25,25,63,63,63],"floor_reached":42,"playtime":2173,"items_purged":["Injury","Armaments"],"score":487,"play_id":"676a80d2-e1ff-4bc8-bdd0-85c5e5f02905","local_time":"20201222015908","is_ascension_mode":true,"campfire_choices":[{"data":"infinitespire:OneForAll","floor":6.0,"key":"SMITH"},{"data":"Cleave","floor":8.0,"key":"SMITH"},{"data":"Fire Breathing","floor":13.0,"key":"SMITH"},{"floor":15.0,"key":"REST"},{"data":"Demon Form","floor":23.0,"key":"SMITH"},{"floor":25.0,"key":"REST"},{"floor":32.0,"key":"REST"},{"floor":40,"key":"REST"}],"circlet_count":0,"master_deck":["Bash","Pummel","Power Through","infinitespire:OneForAll+1","Cleave+1","Fire Breathing+1","Metallicize","Demon Form","Armaments","Wild Strike","Entrench","Shrug It Off","Battle Trance","Feel No Pain","Anger","Demon Form+1","Power Through+1","Fire Breathing","Blood for Blood+1","Fire Breathing","Heavy Blade","RitualDagger","Exhume","Evolve+1","Juggernaut","Heavy Blade+1","Reaper"],"relics":["Burning Blood","Golden Idol","Charon\u0027s Ashes","Pandora\u0027s Box","Incense Burner","Bag of Preparation","Pantograph","infinitespire:Cupcake","Oddly Smooth Stone","Gambling Chip","Thread and Needle","Pen Nib"],"acts_visited":["Exordium","TheCity","TheBeyond"],"potions_floor_usage":[41,42],"damage_taken":[{"damage":17.0,"enemies":"infinitespire:Voidling","floor":1.0,"turns":6.0},{"damage":0.0,"enemies":"2 Louse","floor":3.0,"turns":3.0},{"damage":3.0,"enemies":"Jaw Worm","floor":4.0,"turns":5.0},{"damage":17.0,"enemies":"Large Slime","floor":7.0,"turns":11.0},{"damage":11.0,"enemies":"2 Fungi Beasts","floor":10.0,"turns":4.0},{"damage":14.0,"enemies":"3 Louse","floor":11.0,"turns":3.0},{"damage":13.0,"enemies":"Lots of Slimes","floor":14.0,"turns":4.0},{"damage":35.0,"enemies":"Slime Boss","floor":16.0,"turns":6.0},{"damage":13.0,"enemies":"Shell Parasite","floor":18.0,"turns":5.0},{"damage":23.0,"enemies":"Spheric Guardian","floor":19.0,"turns":6.0},{"damage":8.0,"enemies":"Shelled Parasite and Fungi","floor":20.0,"turns":6.0},{"damage":12.0,"enemies":"Cultist and Chosen","floor":24.0,"turns":4.0},{"damage":3.0,"enemies":"Snecko","floor":30.0,"turns":5.0},{"damage":26.0,"enemies":"Centurion and Healer","floor":31.0,"turns":6.0},{"damage":25.0,"enemies":"Champ","floor":33.0,"turns":9.0},{"damage":12,"enemies":"3 Shapes","floor":35,"turns":5},{"damage":46,"enemies":"2 Orb Walkers","floor":37,"turns":6},{"damage":51,"enemies":"Giant Head","floor":41,"turns":7},{"damage":18,"enemies":"3 Darklings","floor":42,"turns":2}],"seed_played":"-6784881025672160489","potions_obtained":[{"floor":4.0,"key":"ElixirPotion"},{"floor":7.0,"key":"BlessingOfTheForge"},{"floor":16.0,"key":"EssenceOfSteel"},{"floor":19.0,"key":"Dexterity Potion"},{"floor":33.0,"key":"Fire Potion"},{"floor":37,"key":"Weak Potion"}],"is_trial":false,"path_per_floor":["M","$","M","M","?","R","M","R","T","M","M","?","R","M","R","B",null,"M","M","M","?","$","R","M","R","T","?","?","?","M","M","R","B",null,"M","$","?","$","T","R","E","M"],"character_chosen":"IRONCLAD","items_purchased":["Fire Breathing","Heavy Blade","Bag of Preparation","Oddly Smooth Stone","Reaper"],"campfire_rested":4,"item_purchase_floors":[22,22,22,36,38],"current_hp_per_floor":[69,69,75,78,78,78,67,67,67,62,54,54,54,47,71,42,80,73,56,54,54,54,54,48,72,72,66,66,66,69,49,73,61,80,74,74,34,34,34,58,13,0,0],"gold":63,"neow_bonus":"HUNDRED_GOLD","is_daily":false,"chose_seed":false,"campfire_upgraded":4,"win_rate":0.0,"timestamp":1608620348,"path_taken":["M","$","?","M","?","R","M","R","T","M","M","?","R","M","R","BOSS","M","M","M","?","$","R","M","R","T","?","?","?","?","M","R","BOSS","M","?","?","$","?","R","E","?"],"items_purchased_type":["Card","Card","Relic","Relic","Card"],"build_version":"2020-12-13","purchased_purges":2,"victory":false,"max_hp_per_floor":[80,80,80,80,80,80,80,80,80,80,80,80,80,80,80,80,80,80,80,80,80,80,80,80,80,80,80,80,80,80,80,80,80,80,80,80,80,80,80,80,80,80,80],"relic_stats":{"counters":[19,103],"Golden Idol":114,"Pantograph":7,"Gambling Chip":[9],"Pandora\u0027s Box":["Armaments","Wild Strike","Entrench","Shrug It Off","Battle Trance","Feel No Pain","Anger","Armaments","Demon Form"],"Charon\u0027s Ashes":[84],"Pen Nib":[0],"Bag of Preparation":[16],"obtain_stats":[{"Golden Idol":5,"Pantograph":26,"Gambling Chip":37,"Oddly Smooth Stone":36,"Pandora\u0027s Box":17,"Thread and Needle":39,"Charon\u0027s Ashes":9,"Pen Nib":41,"Incense Burner":21,"Bag of Preparation":22,"Burning Blood":0,"infinitespire:Cupcake":34},{"Golden Idol":3,"Pantograph":12,"Gambling Chip":17,"Oddly Smooth Stone":16,"Pandora\u0027s Box":8,"Thread and Needle":17,"Charon\u0027s Ashes":4,"Pen Nib":18,"Incense Burner":11,"Bag of Preparation":11,"Burning Blood":0,"infinitespire:Cupcake":15},{"Golden Idol":14,"Pantograph":63,"Gambling Chip":94,"Oddly Smooth Stone":88,"Pandora\u0027s Box":42,"Thread and Needle":94,"Charon\u0027s Ashes":25,"Pen Nib":101,"Incense Burner":59,"Bag of Preparation":59,"Burning Blood":0,"infinitespire:Cupcake":83}],"Burning Blood":108},"card_choices":[{"not_picked":["Wild Strike","Clash"],"picked":"Pummel","floor":1.0},{"not_picked":["Thunderclap","Body Slam"],"picked":"Power Through","floor":3.0},{"not_picked":["Pummel","Sever Soul"],"picked":"infinitespire:OneForAll","floor":4.0},{"not_picked":["Second Wind","Havoc"],"picked":"Cleave","floor":7.0},{"not_picked":["Rampage","Carnage"],"picked":"Fire Breathing","floor":10.0},{"not_picked":["Evolve","Hemokinesis","Flame Barrier"],"picked":"SKIP","floor":11.0},{"not_picked":["Armaments","Twin Strike"],"picked":"Metallicize","floor":14.0},{"not_picked":["Reaper","Barricade"],"picked":"Demon Form","floor":16.0},{"not_picked":["Pommel Strike","Perfected Strike+1"],"picked":"Power Through+1","floor":18.0},{"not_picked":["Battle Trance","Perfected Strike"],"picked":"Fire Breathing","floor":19.0},{"not_picked":["Intimidate+1","Clothesline+1"],"picked":"Blood for Blood+1","floor":20.0},{"not_picked":["Iron Wave","Double Tap","Thunderclap"],"picked":"SKIP","floor":24.0},{"not_picked":["Anger+1","Dropkick"],"picked":"Evolve+1","floor":30.0},{"not_picked":["Clash","Shrug It Off","Intimidate"],"picked":"SKIP","floor":31.0},{"not_picked":["Brutality","Feed"],"picked":"Juggernaut","floor":33.0},{"not_picked":["Second Wind+1","Dual Wield+1","Pommel Strike+1"],"picked":"SKIP","floor":35},{"not_picked":["Feel No Pain","Sever Soul+1"],"picked":"Heavy Blade+1","floor":37},{"not_picked":["Uppercut+1","Searing Blow","Cleave+1"],"picked":"SKIP","floor":41}],"player_experience":186106,"relics_obtained":[{"floor":9.0,"key":"Charon\u0027s Ashes"},{"floor":26.0,"key":"Pantograph"},{"floor":37,"key":"Gambling Chip"},{"floor":39,"key":"Thread and Needle"},{"floor":41,"key":"Pen Nib"}],"event_choices":[{"damage_healed":0.0,"max_hp_gain":0.0,"max_hp_loss":0.0,"gold_gain":0.0,"event_name":"Golden Idol","player_choice":"Take Wound","floor":5.0,"gold_loss":0.0,"damage_taken":0.0,"relics_obtained":["Golden Idol"],"cards_obtained":["Injury"]},{"damage_healed":0.0,"max_hp_gain":0.0,"max_hp_loss":0.0,"gold_gain":72.0,"event_name":"Golden Wing","player_choice":"Gained Gold","floor":12.0,"gold_loss":0.0,"damage_taken":0.0},{"damage_healed":0.0,"max_hp_gain":0.0,"max_hp_loss":0.0,"gold_gain":0.0,"event_name":"Addict","player_choice":"Obtained Relic","floor":21.0,"gold_loss":85.0,"damage_taken":0.0,"relics_obtained":["Incense Burner"]},{"damage_healed":0.0,"max_hp_gain":0.0,"max_hp_loss":0.0,"gold_gain":0.0,"event_name":"Nest","player_choice":"Joined the Cult","floor":27.0,"gold_loss":0.0,"damage_taken":6.0,"cards_obtained":["RitualDagger"]},{"damage_healed":0.0,"max_hp_gain":0.0,"max_hp_loss":0.0,"gold_gain":0.0,"event_name":"Ghosts","player_choice":"Ignored","floor":28.0,"gold_loss":0.0,"damage_taken":0.0},{"damage_healed":0.0,"max_hp_gain":0.0,"max_hp_loss":0.0,"gold_gain":0.0,"event_name":"Match and Keep!","player_choice":"1 cards matched","floor":29.0,"gold_loss":0.0,"damage_taken":0.0,"cards_obtained":["Exhume"]},{"damage_healed":0,"gold_gain":0,"player_choice":"Fight","damage_taken":0,"max_hp_gain":0,"max_hp_loss":0,"event_name":"Mysterious Sphere","floor":37,"gold_loss":0}],"is_beta":false,"boss_relics":[{"not_picked":["Empty Cage","SlaversCollar"],"picked":"Pandora\u0027s Box"},{"not_picked":["infinitespire:Burning Sword","Black Star"],"picked":"infinitespire:Cupcake"}],"items_purged_floors":[22,36],"is_endless":false,"potions_floor_spawned":[4,7,16,19,33,37],"killed_by":"3 Darklings","ascension_level":2}}