{"host":"ktoxvvst1mwxww91","time":1608663814,"event":{"mods":["BaseMod","Hermit","Minty Spire (QoL Compilation)","StSLib","The Hierophant","The Mystic","The Necromancer"],"gold_per_floor":[117,66,66,79,98,127,127,127,127,52,67,77,109,184,184,261,261,261,261,261,261,261,261,261,261,261,261,261,161,161,161,161,161,161,161,161,84,84,0,0,0,0,0,0,0,0,0,0,0,0],"floor_reached":51,"playtime":2411,"items_purged":["Dualcast","Strike_B"],"score":1373,"play_id":"c9a2b0b3-1557-4529-a60b-3bb1fca39e07","local_time":"20201222200334","is_ascension_mode":true,"campfire_choices":[{"data":"Blizzard","floor":8.0,"key":"SMITH"},{"floor":15.0,"key":"REST"},{"data":"Loop","floor":23.0,"key":"SMITH"},{"floor":30.0,"key":"REST"},{"floor":32.0,"key":"REST"},{"floor":41.0,"key":"REST"},{"floor":46.0,"key":"REST"},{"floor":49,"key":"REST"}],"circlet_count":0,"master_deck":["AscendersBane","Blizzard+1","Cold Snap","Melter","Coolheaded+1","Leap+1","Loop+1","Cold Snap","Fission+1","Hologram+1","Beam Cell","Leap+1","Echo Form","Conserve Battery+1","Cold Snap","Echo Form","Auto Shields+1","All For One","Glacier+1","Defragment","Echo Form","Gash","Auto Shields+1","Glacier+1","Defragment","Capacitor","Consume+1","Madness+1","Madness+1","Parasite","Chill+1"],"relics":["Velvet Choker","GremlinMask","Toxic Egg 2","Potion Belt","Akabeko","Ectoplasm","PreservedInsect","Bottled Flame","Pandora\u0027s Box","Red Mask","Regal Pillow","Bottled Lightning","Happy Flower"],"acts_visited":["Exordium","TheCity","TheBeyond"],"potions_floor_usage":[48,50],"damage_taken":[{"damage":1.0,"enemies":"2 Louse","floor":1.0,"turns":2.0},{"damage":0.0,"enemies":"Cultist","floor":4.0,"turns":4.0},{"damage":3.0,"enemies":"Small Slimes","floor":5.0,"turns":5.0},{"damage":24.0,"enemies":"3 Sentries","floor":6.0,"turns":12.0},{"damage":0.0,"enemies":"3 Louse","floor":11.0,"turns":4.0},{"damage":0.0,"enemies":"Lots of Slimes","floor":12.0,"turns":3.0},{"damage":9.0,"enemies":"Lagavulin","floor":13.0,"turns":10.0},{"damage":40.0,"enemies":"Hexaghost","floor":16.0,"turns":15.0},{"damage":0.0,"enemies":"Spheric Guardian","floor":18.0,"turns":2.0},{"damage":3.0,"enemies":"3 Byrds","floor":20.0,"turns":6.0},{"damage":11.0,"enemies":"3 Cultists","floor":21.0,"turns":6.0},{"damage":3.0,"enemies":"Sentry and Sphere","floor":22.0,"turns":4.0},{"damage":29.0,"enemies":"Slavers","floor":25.0,"turns":9.0},{"damage":9.0,"enemies":"Centurion and Healer","floor":28.0,"turns":6.0},{"damage":2.0,"enemies":"Snecko","floor":31.0,"turns":4.0},{"damage":1.0,"enemies":"Champ","floor":33.0,"turns":13.0},{"damage":14.0,"enemies":"3 Shapes","floor":35.0,"turns":8.0},{"damage":6.0,"enemies":"Orb Walker","floor":36.0,"turns":7.0},{"damage":8.0,"enemies":"4 Shapes","floor":38.0,"turns":3.0},{"damage":0.0,"enemies":"Giant Head","floor":40.0,"turns":9.0},{"damage":23.0,"enemies":"Nemesis","floor":45.0,"turns":9.0},{"damage":34,"enemies":"Writhing Mass","floor":48,"turns":10},{"damage":22,"enemies":"Time Eater","floor":50,"turns":18}],"seed_played":"-4142890838122630318","potions_obtained":[{"floor":1.0,"key":"Dexterity Potion"},{"floor":6.0,"key":"SneckoOil"},{"floor":12.0,"key":"Ancient Potion"},{"floor":13.0,"key":"Regen Potion"},{"floor":20.0,"key":"Weak Potion"},{"floor":21.0,"key":"PowerPotion"},{"floor":22.0,"key":"Swift Potion"},{"floor":28.0,"key":"LiquidMemories"},{"floor":33.0,"key":"ColorlessPotion"},{"floor":38.0,"key":"GamblersBrew"},{"floor":48,"key":"ColorlessPotion"}],"is_trial":false,"path_per_floor":["M","$","?","M","M","E","?","R","T","$","M","M","E","?","R","B",null,"M","?","M","M","M","R","?","E","T","?","M","$","R","M","R","B",null,"M","M","$","M","?","E","R","?","T","?","E","R","$","M","R","B",null],"character_chosen":"DEFECT","items_purchased":["Cold Snap","Capacitor"],"campfire_rested":6,"item_purchase_floors":[2,37],"current_hp_per_floor":[63,63,63,63,60,36,36,36,36,36,36,36,27,16,37,12,56,56,56,53,42,39,39,39,10,10,24,15,15,36,34,55,54,67,53,47,47,39,39,39,71,71,71,58,35,71,71,37,71,49],"gold":0,"neow_bonus":"BOSS_RELIC","is_daily":false,"chose_seed":false,"campfire_upgraded":2,"win_rate":0.0,"timestamp":1608663814,"path_taken":["M","$","?","?","M","E","?","R","T","?","M","M","E","?","R","BOSS","M","?","M","M","?","R","?","E","T","?","M","$","R","M","R","BOSS","M","M","$","M","?","E","R","?","T","?","E","R","$","M","R","BOSS"],"items_purchased_type":["Card","Card"],"build_version":"2020-12-13","purchased_purges":2,"victory":true,"max_hp_per_floor":[71,71,71,71,71,71,71,71,71,71,71,71,71,71,71,71,71,71,71,71,71,71,71,71,71,71,71,71,71,71,71,71,71,71,71,71,71,71,71,71,71,71,71,71,71,71,71,71,71,71],"card_choices":[{"not_picked":["Scrape","Rip and Tear"],"picked":"Blizzard","floor":1.0},{"not_picked":["Reprogram","Go for the Eyes","Sweeping Beam"],"picked":"SKIP","floor":4.0},{"not_picked":["Double Energy","Steam"],"picked":"Melter","floor":5.0},{"not_picked":["Self Repair","Go for the Eyes"],"picked":"Coolheaded+1","floor":6.0},{"not_picked":["White Noise+1","Go for the Eyes"],"picked":"Leap+1","floor":11.0},{"not_picked":["Conserve Battery+1","Steam Power+1"],"picked":"Loop","floor":12.0},{"not_picked":["Steam+1","Gash"],"picked":"Cold Snap","floor":13.0},{"not_picked":["Creative AI","Amplify+1"],"picked":"Fission+1","floor":16.0},{"not_picked":["Rebound","Gash"],"picked":"Hologram+1","floor":18.0},{"not_picked":["Go for the Eyes","Ball Lightning"],"picked":"Beam Cell","floor":20.0},{"not_picked":["Turbo+1","Reprogram+1"],"picked":"Leap+1","floor":21.0},{"not_picked":["Static Discharge+1","Turbo+1"],"picked":"Echo Form","floor":22.0},{"not_picked":["Hello World","Stack+1"],"picked":"Conserve Battery+1","floor":25.0},{"not_picked":["Chaos+1","White Noise+1"],"picked":"Cold Snap","floor":28.0},{"not_picked":["Gash","Melter","Hello World"],"picked":"SKIP","floor":31.0},{"not_picked":["Meteor Strike","Reboot+1"],"picked":"Echo Form","floor":33.0},{"not_picked":["Double Energy+1","Self Repair+1"],"picked":"Glacier+1","floor":35.0},{"not_picked":["Cold Snap","Reprogram+1"],"picked":"Defragment","floor":36.0},{"not_picked":["Rip and Tear","Hologram+1","Ball Lightning+1"],"picked":"SKIP","floor":38.0},{"not_picked":["Thunder Strike","Auto Shields+1"],"picked":"Consume+1","floor":40.0},{"not_picked":["Scrape","Streamline+1","Coolheaded+1"],"picked":"SKIP","floor":45.0},{"not_picked":["Streamline","Turbo+1"],"picked":"Chill+1","floor":48}],"player_experience":917170,"relics_obtained":[{"floor":6.0,"key":"Toxic Egg 2"},{"floor":9.0,"key":"Potion Belt"},{"floor":13.0,"key":"Akabeko"},{"floor":25.0,"key":"PreservedInsect"},{"floor":26.0,"key":"Bottled Flame"},{"floor":40.0,"key":"Regal Pillow"},{"floor":43.0,"key":"Bottled Lightning"},{"floor":45.0,"key":"Happy Flower"}],"event_choices":[{"damage_healed":0.0,"max_hp_gain":0.0,"max_hp_loss":0.0,"gold_gain":0.0,"event_name":"FaceTrader","player_choice":"Trade","floor":3.0,"gold_loss":0.0,"damage_taken":0.0,"relics_obtained":["GremlinMask"]},{"cards_removed":["Zap"],"damage_healed":0.0,"max_hp_gain":0.0,"max_hp_loss":0.0,"gold_gain":0.0,"event_name":"Purifier","player_choice":"Purged","floor":7.0,"gold_loss":0.0,"damage_taken":0.0},{"damage_healed":0.0,"max_hp_gain":0.0,"max_hp_loss":0.0,"gold_gain":75.0,"event_name":"World of Goop","player_choice":"Gather Gold","floor":14.0,"gold_loss":0.0,"damage_taken":11.0},{"damage_healed":0.0,"max_hp_gain":0.0,"max_hp_loss":0.0,"gold_gain":50.0,"event_name":"Golden Shrine","player_choice":"Pray","floor":19.0,"gold_loss":0.0,"damage_taken":0.0},{"damage_healed":0.0,"max_hp_gain":0.0,"max_hp_loss":0.0,"gold_gain":50.0,"event_name":"Nest","player_choice":"Stole From Cult","floor":24.0,"gold_loss":0.0,"damage_taken":0.0},{"damage_healed":14.0,"max_hp_gain":0.0,"max_hp_loss":0.0,"gold_gain":0.0,"event_name":"The Library","player_choice":"Heal","floor":27.0,"gold_loss":0.0,"damage_taken":0.0},{"damage_healed":0.0,"max_hp_gain":0.0,"max_hp_loss":0.0,"gold_gain":0.0,"event_name":"Tomb of Lord Red Mask","player_choice":"Paid","floor":39.0,"gold_loss":84.0,"damage_taken":0.0,"relics_obtained":["Red Mask"]},{"damage_healed":0.0,"max_hp_gain":0.0,"max_hp_loss":0.0,"gold_gain":0.0,"event_name":"SensoryStone","player_choice":"Memory 1","floor":42.0,"gold_loss":0.0,"damage_taken":0.0},{"damage_healed":0.0,"max_hp_gain":0.0,"max_hp_loss":0.0,"gold_gain":0.0,"event_name":"Winding Halls","player_choice":"Embrace Madness","floor":44.0,"gold_loss":0.0,"damage_taken":13.0,"cards_obtained":["Madness","Madness"]}],"is_beta":false,"boss_relics":[{"not_picked":["Fusion Hammer","Tiny House"],"picked":"Ectoplasm"},{"not_picked":["Sozu","Runic Pyramid"],"picked":"Pandora\u0027s Box"}],"items_purged_floors":[10,29],"is_endless":false,"potions_floor_spawned":[1,6,12,13,20,21,22,28,33,38,48],"ascension_level":16}}