{"host":"cjhtzh7tp54jdfyv","time":1608625691,"event":{"mods":["AchievementEnabler","BaseMod","Colored Map","Colored Powertips","Filter the Spire","Minty Spire (QoL Compilation)","RNG Fix","StSLib","ojb\u0027s Better Paths Mod","ojb\u0027s Info Mod"],"gold_per_floor":[110,110,122,139,149,149,203,203,203,203,38,73,89,108,108,108,108],"floor_reached":16,"playtime":873,"items_purged":[],"score":204,"play_id":"41902604-fcb0-4fe0-aa9f-bae0014106fa","local_time":"20201222032811","is_ascension_mode":true,"campfire_choices":[{"data":"All Out Attack","floor":6,"key":"SMITH"},{"floor":8,"key":"REST"},{"data":"Riddle With Holes","floor":10,"key":"SMITH"},{"data":"Finisher","floor":15,"key":"SMITH"}],"circlet_count":0,"master_deck":["AscendersBane","Strike_G","Strike_G","Strike_G+1","Strike_G","Strike_G","Defend_G","Defend_G","Defend_G","Defend_G","Defend_G","Survivor+1","Neutralize","All Out Attack+1","Endless Agony","Quick Slash","Riddle With Holes+1","Footwork","Finisher+1"],"relics":["Runic Dome","Letter Opener","Sling","Incense Burner"],"acts_visited":["Exordium"],"potions_floor_usage":[12,16],"damage_taken":[{"damage":0,"enemies":"Jaw Worm","floor":1,"turns":5},{"damage":0,"enemies":"Small Slimes","floor":3,"turns":3},{"damage":10,"enemies":"2 Louse","floor":4,"turns":2},{"damage":6,"enemies":"Looter","floor":5,"turns":3},{"damage":4,"enemies":"Gremlin Nob","floor":12,"turns":3},{"damage":0,"enemies":"Lots of Slimes","floor":13,"turns":3},{"damage":1,"enemies":"Red Slaver","floor":14,"turns":6},{"damage":45,"enemies":"Slime Boss","floor":16,"turns":11}],"seed_played":"9052497511669103123","potions_obtained":[{"floor":1,"key":"Dexterity Potion"},{"floor":4,"key":"Explosive Potion"},{"floor":14,"key":"PowerPotion"}],"is_trial":false,"path_per_floor":["M","?","M","M","M","R","?","R","T","R","$","E","M","M","R","B"],"character_chosen":"THE_SILENT","items_purchased":["Sling"],"campfire_rested":1,"item_purchase_floors":[11],"current_hp_per_floor":[59,39,39,29,23,23,23,42,42,42,42,38,38,37,37,0,0],"gold":108,"neow_bonus":"BOSS_RELIC","is_daily":false,"chose_seed":false,"campfire_upgraded":3,"win_rate":0.0,"timestamp":1608625691,"path_taken":["M","?","M","M","M","R","?","R","T","R","$","E","?","M","R","BOSS"],"items_purchased_type":["Relic"],"build_version":"2020-12-13","purchased_purges":0,"victory":false,"max_hp_per_floor":[66,66,66,66,66,66,66,66,66,66,66,66,66,66,66,66,66],"card_choices":[{"not_picked":["Distraction","Dagger Spray"],"picked":"All Out Attack","floor":1},{"not_picked":["Deflect","Sucker Punch"],"picked":"Endless Agony","floor":3},{"not_picked":["Concentrate","Bane"],"picked":"Quick Slash","floor":4},{"not_picked":["Accuracy","Flying Knee"],"picked":"Riddle With Holes","floor":5},{"not_picked":["Poisoned Stab","Sucker Punch"],"picked":"Footwork","floor":12},{"not_picked":["Dagger Throw","Sucker Punch","Deflect"],"picked":"SKIP","floor":13},{"not_picked":["Masterful Stab","Deadly Poison"],"picked":"Finisher","floor":14}],"player_experience":4352920,"relics_obtained":[{"floor":9,"key":"Letter Opener"},{"floor":12,"key":"Incense Burner"}],"event_choices":[{"damage_healed":0,"gold_gain":0,"player_choice":"Entered Light","damage_taken":20,"max_hp_gain":0,"max_hp_loss":0,"event_name":"Shining Light","floor":2,"gold_loss":0,"cards_upgraded":["Survivor","Strike_G"]},{"damage_healed":0,"gold_gain":54,"player_choice":"Gained Gold","damage_taken":0,"max_hp_gain":0,"max_hp_loss":0,"event_name":"Golden Wing","floor":7,"gold_loss":0}],"is_beta":false,"boss_relics":[],"items_purged_floors":[],"is_endless":false,"potions_floor_spawned":[1,4,14],"killed_by":"Slime Boss","ascension_level":20}}