{"host":"5fasz840ryq7obdf","time":1608648931,"event":{"mods":["AchievementEnabler","BaseMod","Bestiary","Better Altar","Better Skull","Better Third Choice","BetterRewards","Block Reminder","Colored Powertips","Curses Come First","Minty Spire (QoL Compilation)","Quick Restart","Relic Stats","Shop Mod","Spicy Shops","StSLib"],"gold_per_floor":[113,12,22,40,5,35,51,82,82,112,112,5,24,35,35,112,112,129,7,20,37,87,87,113,8,8,41,69,96,96,110,110,183,183,193,242,242,242,5,31,57,82,82,82,15,28,28,62,62,62,62,62,10,39,39,39],"floor_reached":55,"playtime":7391,"items_purged":["Pride","Defend_P"],"score":1691,"play_id":"1ed5864c-4809-4afa-a68f-e6ff4195f407","local_time":"20201222145531","is_ascension_mode":true,"campfire_choices":[{"data":"Eruption","floor":15.0,"key":"SMITH"},{"data":"WaveOfTheHand","floor":23.0,"key":"SMITH"},{"data":"Adaptation","floor":32.0,"key":"SMITH"},{"data":"Vault","floor":44.0,"key":"SMITH"},{"data":"MentalFortress","floor":47.0,"key":"SMITH"},{"floor":49.0,"key":"RECALL"},{"data":"Panache","floor":52,"key":"SMITH"}],"circlet_count":0,"master_deck":["AscendersBane","Strike_P+1","Strike_P+1","Strike_P+1","Strike_P+1","Defend_P+1","Defend_P","Defend_P+1","Eruption+1","Vigilance+1","MasterReality+1","Consecrate+1","WaveOfTheHand+1","FearNoEvil+1","ClearTheMind","ReachHeaven+1","Wireheading+1","Weave+1","ThirdEye+1","FlurryOfBlows+1","CrushJoints+1","DeceiveReality+1","Adaptation+1","FollowUp+1","Study+1","JustLucky+1","Devotion+1","SashWhip+1","CarveReality+1","Vault+1","LessonLearned+1","SashWhip+1","Indignation+1","Ragnarok+1","CurseOfTheBell","CarveReality+1","JustLucky+1","EmptyBody+1","CrushJoints+1","MentalFortress+1","MentalFortress+1","DeceiveReality+1","WreathOfFlame+1","DeceiveReality+1","EmptyBody+1","Ragnarok+1","FlurryOfBlows+1","CrushJoints+1","Devotion+1","Panache+1","Finesse+1","Perseverance+1","WaveOfTheHand+1","JustLucky+1","Protect+1","MentalFortress+1","Nirvana+1","Weave+1","DevaForm+1","Fasting2+1","Wireheading+1","CutThroughFate+1","ClearTheMind+1"],"relics":["PureWater","Membership Card","Molten Egg 2","Orrery","Pen Nib","Cauldron","Thread and Needle","The Courier","Darkstone Periapt","HornCleat","Meat on the Bone","Calling Bell","Boot","Letter Opener","Pocketwatch","HandDrill","Ancient Tea Set","Sundial","Mummified Hand","Toxic Egg 2","Du-Vu Doll","Red Mask","Tiny Chest","Sozu","WingedGreaves","Happy Flower","Calipers","Damaru","TeardropLocket","Shuriken","Art of War","Frozen Egg 2","Whetstone"],"acts_visited":["Exordium","TheCity","TheBeyond","TheEnding"],"potions_floor_usage":[50,55],"damage_taken":[{"damage":7.0,"enemies":"2 Louse","floor":1.0,"turns":3.0},{"damage":0.0,"enemies":"Small Slimes","floor":3.0,"turns":2.0},{"damage":7.0,"enemies":"Jaw Worm","floor":4.0,"turns":2.0},{"damage":10.0,"enemies":"3 Sentries","floor":6.0,"turns":4.0},{"damage":0.0,"enemies":"Looter","floor":7.0,"turns":1.0},{"damage":6.0,"enemies":"Gremlin Nob","floor":8.0,"turns":3.0},{"damage":1.0,"enemies":"3 Sentries","floor":10.0,"turns":4.0},{"damage":8.0,"enemies":"Exordium Thugs","floor":13.0,"turns":2.0},{"damage":0.0,"enemies":"Exordium Wildlife","floor":14.0,"turns":2.0},{"damage":14.0,"enemies":"Hexaghost","floor":16.0,"turns":11.0},{"damage":0.0,"enemies":"3 Byrds","floor":18.0,"turns":5.0},{"damage":5.0,"enemies":"Chosen","floor":20.0,"turns":5.0},{"damage":22.0,"enemies":"Snake Plant","floor":21.0,"turns":8.0},{"damage":12.0,"enemies":"Book of Stabbing","floor":24.0,"turns":5.0},{"damage":1.0,"enemies":"Gremlin Leader","floor":27.0,"turns":5.0},{"damage":0.0,"enemies":"Masked Bandits","floor":28.0,"turns":4.0},{"damage":8.0,"enemies":"Slavers","floor":29.0,"turns":6.0},{"damage":13.0,"enemies":"Centurion and Healer","floor":31.0,"turns":5.0},{"damage":0.0,"enemies":"Collector","floor":33.0,"turns":12.0},{"damage":5.0,"enemies":"3 Shapes","floor":35.0,"turns":4.0},{"damage":9.0,"enemies":"2 Orb Walkers","floor":36.0,"turns":5.0},{"damage":7.0,"enemies":"Nemesis","floor":40.0,"turns":6.0},{"damage":10.0,"enemies":"Reptomancer","floor":41.0,"turns":6.0},{"damage":1.0,"enemies":"Nemesis","floor":42.0,"turns":7.0},{"damage":0.0,"enemies":"Orb Walker","floor":46.0,"turns":4.0},{"damage":0.0,"enemies":"Reptomancer","floor":48.0,"turns":7.0},{"damage":40,"enemies":"Awakened One","floor":50,"turns":8},{"damage":52,"enemies":"Shield and Spear","floor":54,"turns":7},{"damage":30,"enemies":"The Heart","floor":55,"turns":4}],"seed_played":"2945619928171795405","potions_obtained":[{"floor":1.0,"key":"SteroidPotion"},{"floor":2.0,"key":"Fruit Juice"},{"floor":2.0,"key":"Fruit Juice"},{"floor":2.0,"key":"Fire Potion"},{"floor":2.0,"key":"BlessingOfTheForge"},{"floor":6.0,"key":"Explosive Potion"},{"floor":10.0,"key":"BlessingOfTheForge"},{"floor":21.0,"key":"Fire Potion"},{"floor":27.0,"key":"Swift Potion"},{"floor":31.0,"key":"GamblersBrew"},{"floor":33.0,"key":"Regen Potion"}],"is_trial":false,"path_per_floor":["M","$","M","M","?","E","M","E","T","E","?","$","M","M","R","B",null,"M","$","M","M","?","R","E","$","T","E","?","E","?","M","R","B",null,"M","?","?","T","$","E","E","E","T","R","$","M","R","E","R","B",null,"R","$","E","B"],"character_chosen":"WATCHER","items_purchased":["Membership Card","Molten Egg 2","Orrery","ReachHeaven+1","Wireheading","Weave+1","ThirdEye","Pen Nib","FlurryOfBlows+1","CrushJoints+1","DeceiveReality","Adaptation","Study","Cauldron","Meat on the Bone","HandDrill","Ancient Tea Set","JustLucky+1","Mummified Hand","MentalFortress","Happy Flower","Panache","Finesse+1","Perseverance+1","WaveOfTheHand+1","Art of War","Nirvana","Fasting2+1","Wireheading+1","CutThroughFate+1"],"campfire_rested":0,"item_purchase_floors":[0,0,0,0,0,0,0,0,0,0,0,0,2,2,12,19,19,19,25,25,39,39,39,39,39,45,45,53,53,53],"current_hp_per_floor":[23,33,33,26,44,34,34,28,28,27,27,27,31,43,43,41,71,71,71,66,44,44,44,44,44,44,43,43,47,47,46,46,46,71,66,57,57,57,57,50,40,51,51,51,51,51,51,51,51,38,69,69,69,29,0,0],"gold":39,"neow_bonus":"","is_daily":false,"chose_seed":false,"campfire_upgraded":6,"win_rate":0.0,"timestamp":1608648931,"path_taken":["M","$","M","M","?","E","M","E","T","E","?","$","M","M","R","BOSS","M","$","M","M","?","R","E","$","T","E","?","E","?","M","R","BOSS","M","?","?","?","$","E","E","E","T","R","?","?","R","E","R","BOSS","R","$","E","BOSS"],"items_purchased_type":["Relic","Relic","Relic","Card","Card","Card","Card","Relic","Card","Card","Card","Card","Card","Relic","Relic","Relic","Relic","Card","Relic","Card","Relic","Card","Card","Card","Card","Relic","Card","Card","Card","Card"],"build_version":"2020-12-13","purchased_purges":2,"victory":false,"max_hp_per_floor":[63,73,73,73,73,73,73,73,73,73,73,73,73,73,73,73,79,79,79,79,79,79,79,79,79,79,79,79,79,79,79,79,79,79,79,79,79,79,79,79,79,79,79,79,79,79,79,79,79,79,79,79,79,79,79,79],"relic_stats":{"Darkstone Periapt":6,"Happy Flower":[16],"counters":[161,713],"Pen Nib":[31],"Letter Opener":[170],"Whetstone":["Strike_P"],"Boot":[80],"Sozu":3,"Sundial":[0],"Mummified Hand":[114],"Shuriken":[10],"Tiny Chest":1,"HandDrill":[32],"Art of War":[1],"obtain_stats":[{"Ice Cream":47,"Calipers":0,"Gremlin Horn":0,"CeramicFish":34,"Vajra":43,"Whetstone":31,"Boot":47,"Sling":5,"Old Coin":5,"Blood Vial":24,"Sozu":34,"Centennial Puzzle":39,"Lizard Tail":36,"HornCleat":43,"DollysMirror":36,"Sundial":42,"Strawberry":24,"Philosopher\u0027s Stone":34,"MealTicket":11,"Prayer Wheel":31,"HandDrill":0,"Kunai":0,"Toxic Egg 2":8,"Girya":47,"Happy Flower":38,"Blue Candle":31,"Astrolabe":17,"Oddly Smooth Stone":6,"Eternal Feather":8,"Pen Nib":6,"Letter Opener":6,"War Paint":44,"Question Card":17,"Akabeko":9,"Du-Vu Doll":27,"OrangePellets":0,"Shuriken":0,"Bird Faced Urn":0,"Bronze Scales":37,"Molten Egg 2":14,"Black Star":17,"Unceasing Top":23,"Meat on the Bone":0,"Pocketwatch":17,"Darkstone Periapt":25,"Regal Pillow":25,"Lantern":9,"Singing Bowl":23,"Mango":43,"Yang":0,"StoneCalendar":0,"Incense Burner":17,"Bag of Preparation":47,"TeardropLocket":42,"Empty Cage":17,"Ancient Tea Set":20,"Nunchaku":4,"Dream Catcher":29,"TheAbacus":20,"Mummified Hand":26,"Gambling Chip":8,"Pantograph":34,"Toolbox":0,"Tiny Chest":8,"WingedGreaves":36,"Red Mask":44,"Runic Pyramid":17,"Potion Belt":0,"Lee\u0027s Waffle":0,"NeowsBlessing":0,"Damaru":22,"Thread and Needle":6,"PreservedInsect":47,"betterThird:NestCultRelic":19,"The Courier":41,"Omamori":40,"Orichalcum":9,"Frozen Egg 2":48,"MawBank":28,"Mercury Hourglass":28,"Calling Bell":34,"Cauldron":2,"Anchor":22,"Ornamental Fan":28,"Bloody Idol":21,"HolyWater":34,"Orrery":0,"Turnip":40,"Art of War":26,"Bag of Marbles":46,"Membership Card":0,"PureWater":0,"TungstenRod":0,"Toy Ornithopter":11},{"Ice Cream":71,"Calipers":130,"Gremlin Horn":102,"CeramicFish":40,"Vajra":70,"Whetstone":62,"Boot":71,"Sling":76,"Old Coin":105,"Blood Vial":35,"Sozu":151,"Centennial Puzzle":42,"Lizard Tail":120,"HornCleat":44,"DollysMirror":41,"Sundial":70,"Strawberry":12,"Philosopher\u0027s Stone":16,"MealTicket":30,"Prayer Wheel":89,"HandDrill":23,"Kunai":47,"Toxic Egg 2":29,"Girya":127,"Happy Flower":18,"Blue Candle":15,"Astrolabe":32,"Oddly Smooth Stone":77,"Eternal Feather":52,"Pen Nib":27,"Letter Opener":3,"War Paint":45,"Question Card":55,"Akabeko":4,"Du-Vu Doll":147,"OrangePellets":130,"Shuriken":130,"Bird Faced Urn":23,"Bronze Scales":92,"Molten Egg 2":6,"Black Star":82,"Unceasing Top":85,"Meat on the Bone":23,"Pocketwatch":142,"Darkstone Periapt":59,"Regal Pillow":36,"Lantern":52,"Singing Bowl":35,"Mango":20,"Yang":73,"StoneCalendar":130,"Incense Burner":55,"Bag of Preparation":71,"TeardropLocket":156,"Empty Cage":7,"Ancient Tea Set":112,"Nunchaku":1,"Dream Catcher":38,"TheAbacus":57,"Mummified Hand":12,"Gambling Chip":4,"Pantograph":40,"Toolbox":73,"Tiny Chest":107,"WingedGreaves":153,"Red Mask":20,"Runic Pyramid":111,"Potion Belt":23,"Lee\u0027s Waffle":102,"NeowsBlessing":0,"Damaru":34,"Thread and Needle":136,"PreservedInsect":21,"betterThird:NestCultRelic":112,"The Courier":122,"Omamori":20,"Orichalcum":29,"Frozen Egg 2":158,"MawBank":60,"Mercury Hourglass":14,"Calling Bell":40,"Cauldron":133,"Anchor":57,"Ornamental Fan":87,"Bloody Idol":57,"HolyWater":63,"Orrery":130,"Turnip":43,"Art of War":36,"Bag of Marbles":71,"Membership Card":23,"PureWater":0,"TungstenRod":47,"Toy Ornithopter":53},{"Ice Cream":312,"Calipers":563,"Gremlin Horn":444,"CeramicFish":163,"Vajra":307,"Whetstone":265,"Boot":312,"Sling":329,"Old Coin":452,"Blood Vial":136,"Sozu":655,"Centennial Puzzle":171,"Lizard Tail":507,"HornCleat":183,"DollysMirror":168,"Sundial":307,"Strawberry":43,"Philosopher\u0027s Stone":59,"MealTicket":111,"Prayer Wheel":377,"HandDrill":89,"Kunai":199,"Toxic Egg 2":107,"Girya":541,"Happy Flower":65,"Blue Candle":52,"Astrolabe":123,"Oddly Smooth Stone":333,"Eternal Feather":215,"Pen Nib":100,"Letter Opener":3,"War Paint":188,"Question Card":227,"Akabeko":12,"Du-Vu Doll":628,"OrangePellets":563,"Shuriken":563,"Bird Faced Urn":89,"Bronze Scales":392,"Molten Egg 2":20,"Black Star":347,"Unceasing Top":360,"Meat on the Bone":89,"Pocketwatch":600,"Darkstone Periapt":245,"Regal Pillow":142,"Lantern":215,"Singing Bowl":136,"Mango":77,"Yang":320,"StoneCalendar":563,"Incense Burner":227,"Bag of Preparation":312,"TeardropLocket":683,"Empty Cage":27,"Ancient Tea Set":476,"Nunchaku":1,"Dream Catcher":152,"TheAbacus":235,"Mummified Hand":43,"Gambling Chip":12,"Pantograph":163,"Toolbox":320,"Tiny Chest":459,"WingedGreaves":664,"Red Mask":77,"Runic Pyramid":473,"Potion Belt":89,"Lee\u0027s Waffle":444,"NeowsBlessing":0,"Damaru":133,"Thread and Needle":577,"PreservedInsect":82,"betterThird:NestCultRelic":476,"The Courier":517,"Omamori":77,"Orichalcum":107,"Frozen Egg 2":694,"MawBank":250,"Mercury Hourglass":50,"Calling Bell":163,"Cauldron":569,"Anchor":235,"Ornamental Fan":368,"Bloody Idol":235,"HolyWater":272,"Orrery":563,"Turnip":176,"Art of War":142,"Bag of Marbles":312,"Membership Card":89,"PureWater":0,"TungstenRod":199,"Toy Ornithopter":219}],"Meat on the Bone":108,"Pocketwatch":[66]},"card_choices":[{"not_picked":["Nirvana","Halt"],"picked":"MasterReality","floor":0.0},{"not_picked":["JustLucky+1","InnerPeace"],"picked":"Consecrate+1","floor":0.0},{"not_picked":["WheelKick+1","WindmillStrike+1"],"picked":"WaveOfTheHand","floor":0.0},{"not_picked":["PathToVictory","Crescendo"],"picked":"FearNoEvil+1","floor":0.0},{"not_picked":["ThirdEye","FearNoEvil+1"],"picked":"ClearTheMind","floor":0.0},{"not_picked":["PathToVictory","BowlingBash+1"],"picked":"FollowUp+1","floor":1.0},{"not_picked":["Prostrate","ThirdEye"],"picked":"JustLucky+1","floor":3.0},{"not_picked":["FlurryOfBlows+1","WreathOfFlame"],"picked":"Devotion","floor":4.0},{"not_picked":["Meditate","Halt"],"picked":"SashWhip+1","floor":6.0},{"not_picked":["Pray","MentalFortress"],"picked":"CarveReality+1","floor":7.0},{"not_picked":["CrushJoints+1","FlyingSleeves+1"],"picked":"Vault","floor":8.0},{"not_picked":["Consecrate+1","SashWhip+1"],"picked":"LessonLearned+1","floor":10.0},{"not_picked":["ThirdEye","FlyingSleeves+1"],"picked":"SashWhip+1","floor":13.0},{"not_picked":["FlyingSleeves+1","BowlingBash+1"],"picked":"Indignation","floor":14.0},{"not_picked":["DevaForm","Vault"],"picked":"Ragnarok+1","floor":16.0},{"not_picked":["EmptyMind","PathToVictory"],"picked":"CarveReality+1","floor":18.0},{"not_picked":["Meditate","Swivel"],"picked":"EmptyBody+1","floor":20.0},{"not_picked":["FlurryOfBlows+1","InnerPeace"],"picked":"CrushJoints+1","floor":21.0},{"not_picked":["Swivel","JustLucky+1"],"picked":"MentalFortress+1","floor":24.0},{"not_picked":["JustLucky+1","Vengeance+1"],"picked":"DeceiveReality+1","floor":27.0},{"not_picked":["Prostrate+1","CrushJoints+1"],"picked":"WreathOfFlame+1","floor":28.0},{"not_picked":["EmptyBody+1","EmptyFist+1"],"picked":"DeceiveReality+1","floor":29.0},{"not_picked":["Crescendo+1","Prostrate+1"],"picked":"EmptyBody+1","floor":31.0},{"not_picked":["Blasphemy+1","Brilliance+1"],"picked":"Ragnarok+1","floor":33.0},{"not_picked":["Collect+1","SignatureMove+1"],"picked":"FlurryOfBlows+1","floor":35.0},{"not_picked":["Crescendo+1","FlyingSleeves+1"],"picked":"CrushJoints+1","floor":36.0},{"not_picked":["Evaluate+1","BowlingBash+1"],"picked":"JustLucky+1","floor":40.0},{"not_picked":["ConjureBlade+1","Vengeance+1"],"picked":"Protect+1","floor":41.0},{"not_picked":["ClearTheMind+1","EmptyBody+1"],"picked":"MentalFortress","floor":42.0},{"not_picked":["Indignation+1","CarveReality+1"],"picked":"Weave+1","floor":46.0},{"not_picked":["EmptyBody+1","Nirvana+1"],"picked":"DevaForm+1","floor":48.0},{"not_picked":["CutThroughFate+1","JustLucky+1"],"picked":"ClearTheMind+1","floor":54}],"player_experience":933833,"relics_obtained":[{"floor":6.0,"key":"Thread and Needle"},{"floor":8.0,"key":"The Courier"},{"floor":9.0,"key":"Darkstone Periapt"},{"floor":10.0,"key":"HornCleat"},{"floor":17.0,"key":"Boot"},{"floor":17.0,"key":"Letter Opener"},{"floor":17.0,"key":"Pocketwatch"},{"floor":24.0,"key":"Sundial"},{"floor":26.0,"key":"Toxic Egg 2"},{"floor":27.0,"key":"Du-Vu Doll"},{"floor":28.0,"key":"Red Mask"},{"floor":29.0,"key":"Tiny Chest"},{"floor":36.0,"key":"WingedGreaves"},{"floor":40.0,"key":"Calipers"},{"floor":41.0,"key":"Damaru"},{"floor":42.0,"key":"TeardropLocket"},{"floor":43.0,"key":"Shuriken"},{"floor":48.0,"key":"Frozen Egg 2"},{"floor":54,"key":"Whetstone"}],"event_choices":[{"damage_healed":18.0,"max_hp_gain":0.0,"max_hp_loss":0.0,"gold_gain":0.0,"event_name":"The Cleric","player_choice":"Healed","floor":5.0,"gold_loss":35.0,"damage_taken":0.0},{"damage_healed":27.0,"max_hp_gain":0.0,"max_hp_loss":73.0,"gold_gain":0.0,"event_name":"betterThird:BetterShining","player_choice":"Leave","floor":11.0,"gold_loss":0.0,"damage_taken":0.0},{"damage_healed":0.0,"max_hp_gain":0.0,"max_hp_loss":0.0,"gold_gain":50.0,"event_name":"betterThird:BetterNest","player_choice":"Steal","floor":22.0,"gold_loss":0.0,"damage_taken":0.0},{"damage_healed":0.0,"max_hp_gain":0.0,"max_hp_loss":0.0,"gold_gain":0.0,"event_name":"Masked Bandits","player_choice":"Fought Bandits","floor":28.0,"gold_loss":0.0,"damage_taken":0.0},{"damage_healed":0.0,"max_hp_gain":0.0,"max_hp_loss":0.0,"gold_gain":0.0,"event_name":"Ghosts","player_choice":"Ignored","floor":30.0,"gold_loss":0.0,"damage_taken":0.0},{"damage_healed":0.0,"max_hp_gain":0.0,"max_hp_loss":0.0,"gold_gain":0.0,"event_name":"Mysterious Sphere","player_choice":"Fight","floor":36.0,"gold_loss":0.0,"damage_taken":0.0},{"damage_healed":0.0,"max_hp_gain":0.0,"max_hp_loss":0.0,"gold_gain":0.0,"event_name":"Duplicator","player_choice":"Copied","floor":37.0,"gold_loss":0.0,"damage_taken":0.0,"cards_obtained":["Devotion"]}],"is_beta":false,"boss_relics":[{"not_picked":["Astrolabe","Tiny House"],"picked":"Calling Bell"},{"not_picked":["Snecko Eye","SacredBark"],"picked":"Sozu"}],"items_purged_floors":[0,0],"is_endless":false,"potions_floor_spawned":[1,4,6,10,21,27,31,33,42,46,48],"killed_by":"The Heart","ascension_level":16}}