{"host":"0cgp910o8339lr91","time":1608649833,"event":{"mods":["BaseMod","Colored Map","Filter the Spire","Minty Spire (QoL Compilation)","Relic Stats","Slay-I","ojb\u0027s Better Paths Mod","ojb\u0027s Info Mod"],"gold_per_floor":[117,117,117,67,90,129,129,129,129,160,185,206,245,279,279,403,403,422,422,422,117,130,165,165,198,279,297,320,353,353,389,389,519,519,532,532,546,546,203,203,247,282,309,309,4,4,17,61,61,61,61,61,61,97,97],"floor_reached":56,"playtime":7754,"items_purged":[],"score":2040,"play_id":"c17cac75-ab8d-4ed9-bd23-b8dfff3d8048","local_time":"20201222161033","is_ascension_mode":true,"campfire_choices":[{"data":"Genetic Algorithm","floor":8.0,"key":"SMITH"},{"data":"Creative AI","floor":15.0,"key":"SMITH"},{"data":"Machine Learning","floor":30.0,"key":"SMITH"},{"data":"Buffer","floor":32.0,"key":"SMITH"},{"data":"Heatsinks","floor":40,"key":"SMITH"},{"data":"Seek","floor":44,"key":"SMITH"},{"floor":49,"key":"RECALL"},{"data":"Electrodynamics","floor":52,"key":"SMITH"}],"circlet_count":0,"master_deck":["Zap+1","Dualcast+1","Cold Snap+1","Genetic Algorithm+1","Glacier+1","Creative AI+1","Hologram+1","Capacitor+1","All For One+1","Buffer+1","Biased Cognition+1","Fusion+1","Aggregate+1","Meteor Strike+1","Hologram+1","Ghostly+1","Ghostly+1","Ghostly+1","Ghostly+1","Ghostly+1","Conserve Battery+1","Glacier+1","Fusion+1","Hologram+1","Machine Learning+1","Hologram+1","Seek+1","Hologram+1","Discovery+1","Discovery+1","Forethought+1","Hologram+1","Heatsinks+1","Compile Driver+1","Compile Driver+1","Electrodynamics+1","Consume+1"],"relics":["Coffee Dripper","Golden Idol","Pantograph","Meat on the Bone","PreservedInsect","WingedGreaves","War Paint","Pandora\u0027s Box","MealTicket","Toolbox","Bronze Scales","Ancient Tea Set","Art of War","HornCleat","Boot","Turnip","SlaversCollar","Incense Burner","Du-Vu Doll","Centennial Puzzle","Happy Flower","TungstenRod","Mark of the Bloom","Omamori","Bag of Marbles"],"acts_visited":["Exordium","TheCity","TheBeyond","TheEnding"],"potions_floor_usage":[],"damage_taken":[{"damage":0.0,"enemies":"Small Slimes","floor":1.0,"turns":3.0},{"damage":0.0,"enemies":"2 Louse","floor":5.0,"turns":2.0},{"damage":20.0,"enemies":"3 Sentries","floor":6.0,"turns":7.0},{"damage":22.0,"enemies":"Gremlin Nob","floor":10.0,"turns":6.0},{"damage":0.0,"enemies":"Jaw Worm","floor":11.0,"turns":5.0},{"damage":0.0,"enemies":"Blue Slaver","floor":12.0,"turns":7.0},{"damage":9.0,"enemies":"3 Sentries","floor":13.0,"turns":9.0},{"damage":2.0,"enemies":"Lagavulin","floor":14.0,"turns":8.0},{"damage":24.0,"enemies":"Slime Boss","floor":16.0,"turns":8.0},{"damage":0.0,"enemies":"Chosen","floor":18.0,"turns":5.0},{"damage":1.0,"enemies":"3 Byrds","floor":22.0,"turns":3.0},{"damage":0.0,"enemies":"Slavers","floor":23.0,"turns":7.0},{"damage":0.0,"enemies":"Book of Stabbing","floor":25.0,"turns":3.0},{"damage":0.0,"enemies":"Snecko","floor":27.0,"turns":3.0},{"damage":0.0,"enemies":"3 Cultists","floor":28.0,"turns":7.0},{"damage":4.0,"enemies":"Gremlin Leader","floor":29.0,"turns":7.0},{"damage":0.0,"enemies":"Slavers","floor":31.0,"turns":6.0},{"damage":1.0,"enemies":"Champ","floor":33.0,"turns":9.0},{"damage":2.0,"enemies":"Orb Walker","floor":35.0,"turns":3.0},{"damage":0.0,"enemies":"3 Darklings","floor":37.0,"turns":5.0},{"damage":0,"enemies":"Giant Head","floor":41,"turns":7},{"damage":0,"enemies":"Nemesis","floor":42,"turns":5},{"damage":0,"enemies":"Jaw Worm Horde","floor":47,"turns":4},{"damage":0,"enemies":"Giant Head","floor":48,"turns":6},{"damage":0,"enemies":"Awakened One","floor":50,"turns":9},{"damage":0,"enemies":"Shield and Spear","floor":54,"turns":3},{"damage":0,"enemies":"The Heart","floor":55,"turns":9}],"seed_played":"3679053187612685844","potions_obtained":[{"floor":1.0,"key":"SpeedPotion"},{"floor":11.0,"key":"Fruit Juice"},{"floor":12.0,"key":"FearPotion"},{"floor":13.0,"key":"CultistPotion"},{"floor":16.0,"key":"Strength Potion"},{"floor":18.0,"key":"FocusPotion"},{"floor":28.0,"key":"EssenceOfDarkness"},{"floor":33.0,"key":"CultistPotion"}],"is_trial":false,"path_per_floor":["M","?","?","?","M","E","?","R","T","E","M","M","E","E","R","B",null,"M","?","?","$","M","E","?","E","T","M","M","E","R","E","R","B",null,"M","?","M","T","$","R","E","E","T","R","$","?","M","E","R","B",null,"R","$","E","B",null],"character_chosen":"DEFECT","items_purchased":["Toolbox","Bronze Scales","Incense Burner","Heatsinks","TungstenRod"],"campfire_rested":0,"item_purchase_floors":[21,21,39,39,45],"current_hp_per_floor":[75,60,60,60,60,40,33,33,33,23,35,35,43,41,41,42,66,66,66,37,37,36,36,36,36,36,36,36,32,32,32,32,36,37,35,25,25,25,37,37,37,37,37,37,37,37,37,37,37,37,37,37,37,37,37],"gold":97,"neow_bonus":"BOSS_RELIC","is_daily":false,"chose_seed":false,"campfire_upgraded":7,"win_rate":0.0,"timestamp":1608649833,"path_taken":["M","?","?","?","?","E","?","R","T","E","M","M","E","E","R","BOSS","M","?","?","$","M","E","?","E","T","M","M","E","R","E","R","BOSS","M","?","M","?","$","R","E","E","T","R","$","?","M","E","R","BOSS","R","$","E","BOSS"],"items_purchased_type":["Relic","Relic","Relic","Card","Relic"],"build_version":"2020-12-13","purchased_purges":0,"victory":true,"max_hp_per_floor":[75,75,69,69,69,69,69,69,69,69,69,69,74,74,74,74,74,74,74,37,37,37,37,37,37,37,37,37,37,37,37,37,37,37,37,37,37,37,37,37,37,37,37,37,37,37,37,37,37,37,37,37,37,37,37],"relic_stats":{"Mark of the Bloom":65,"Happy Flower":[10],"counters":[27,156],"Golden Idol":229,"PreservedInsect":588,"War Paint":["Zap","Glacier"],"Boot":[34],"Centennial Puzzle":[0],"Pantograph":30,"Bronze Scales":[508],"Pandora\u0027s Box":["Biased Cognition","Fusion","Chaos","Aggregate","Meteor Strike","Tempest"],"MealTicket":12,"Turnip":[6],"Art of War":[26],"obtain_stats":[{"Mark of the Bloom":46,"Incense Burner":39,"Ancient Tea Set":23,"Boot":29,"Centennial Puzzle":42,"HornCleat":26,"Pantograph":6,"Toolbox":21,"MealTicket":19,"WingedGreaves":13,"Cracked Core":0,"Happy Flower":43,"Golden Idol":3,"PreservedInsect":10,"Omamori":48,"War Paint":14,"Du-Vu Doll":41,"SlaversCollar":34,"Bronze Scales":21,"Pandora\u0027s Box":17,"Turnip":31,"Coffee Dripper":0,"Art of War":25,"Bag of Marbles":54,"TungstenRod":45,"Meat on the Bone":9},{"Mark of the Bloom":22,"Incense Burner":20,"Ancient Tea Set":12,"Boot":16,"Centennial Puzzle":22,"HornCleat":13,"Pantograph":3,"Toolbox":10,"MealTicket":10,"WingedGreaves":7,"Cracked Core":0,"Happy Flower":22,"Golden Idol":1,"PreservedInsect":4,"Omamori":24,"War Paint":8,"Du-Vu Doll":21,"SlaversCollar":18,"Bronze Scales":10,"Pandora\u0027s Box":9,"Turnip":17,"Coffee Dripper":0,"Art of War":13,"Bag of Marbles":26,"TungstenRod":22,"Meat on the Bone":3},{"Mark of the Bloom":125,"Incense Burner":113,"Ancient Tea Set":70,"Boot":90,"Centennial Puzzle":125,"HornCleat":73,"Pantograph":12,"Toolbox":60,"MealTicket":60,"WingedGreaves":39,"Cracked Core":0,"Happy Flower":125,"Golden Idol":3,"PreservedInsect":18,"Omamori":135,"War Paint":47,"Du-Vu Doll":120,"SlaversCollar":105,"Bronze Scales":60,"Pandora\u0027s Box":55,"Turnip":96,"Coffee Dripper":0,"Art of War":73,"Bag of Marbles":147,"TungstenRod":125,"Meat on the Bone":12}],"TungstenRod":26,"Meat on the Bone":36},"card_choices":[{"not_picked":["Static Discharge","Leap"],"picked":"Cold Snap","floor":1.0},{"not_picked":["Self Repair","Conserve Battery"],"picked":"Genetic Algorithm","floor":5.0},{"not_picked":["Coolheaded","Recycle"],"picked":"Glacier","floor":6.0},{"not_picked":["Multi-Cast","Go for the Eyes"],"picked":"Creative AI","floor":10.0},{"not_picked":["Redo","Beam Cell","Blizzard"],"picked":"SKIP","floor":11.0},{"not_picked":["Rebound","Scrape"],"picked":"Hologram","floor":12.0},{"not_picked":["Sweeping Beam","Hello World"],"picked":"Capacitor","floor":13.0},{"not_picked":["Sweeping Beam","Compile Driver"],"picked":"All For One","floor":14.0},{"not_picked":["Seek","Multi-Cast"],"picked":"Buffer","floor":16.0},{"not_picked":["Stack","Redo"],"picked":"Hologram","floor":18.0},{"not_picked":["Go for the Eyes+1","Turbo","Stack"],"picked":"SKIP","floor":22.0},{"not_picked":["Streamline","Stack+1","Self Repair+1"],"picked":"SKIP","floor":23.0},{"not_picked":["Gash+1","Cold Snap"],"picked":"Fusion+1","floor":25.0},{"not_picked":["Fission","Undo+1"],"picked":"Hologram+1","floor":27.0},{"not_picked":["Streamline","Sweeping Beam","Cold Snap"],"picked":"SKIP","floor":28.0},{"not_picked":["Cold Snap","Sweeping Beam+1"],"picked":"Machine Learning","floor":29.0},{"not_picked":["Loop+1","Compile Driver+1"],"picked":"Hologram+1","floor":31.0},{"not_picked":["Multi-Cast","Core Surge"],"picked":"Seek","floor":33.0},{"not_picked":["Conserve Battery+1","Blizzard"],"picked":"Hologram+1","floor":35.0},{"not_picked":["Panacea","Bandage Up"],"picked":"Discovery","floor":36.0},{"not_picked":["Mind Blast","Swift Strike"],"picked":"Discovery","floor":36.0},{"not_picked":["Panacea","Purity"],"picked":"Forethought","floor":36.0},{"not_picked":["Steam","Consume"],"picked":"Hologram+1","floor":37.0},{"not_picked":["Blizzard+1","FTL"],"picked":"Compile Driver+1","floor":41},{"not_picked":["Rip and Tear+1","Heatsinks"],"picked":"Compile Driver+1","floor":42},{"not_picked":["Darkness","Auto Shields","Redo"],"picked":"SKIP","floor":47},{"not_picked":["Go for the Eyes+1","Ball Lightning"],"picked":"Electrodynamics","floor":48},{"not_picked":["Ball Lightning","Stack"],"picked":"Consume+1","floor":54}],"player_experience":949087,"relics_obtained":[{"floor":6.0,"key":"Pantograph"},{"floor":9.0,"key":"Meat on the Bone"},{"floor":10.0,"key":"PreservedInsect"},{"floor":13.0,"key":"WingedGreaves"},{"floor":14.0,"key":"War Paint"},{"floor":23.0,"key":"Ancient Tea Set"},{"floor":25.0,"key":"Art of War"},{"floor":26.0,"key":"HornCleat"},{"floor":29.0,"key":"Boot"},{"floor":31.0,"key":"Turnip"},{"floor":41,"key":"Du-Vu Doll"},{"floor":42,"key":"Centennial Puzzle"},{"floor":43,"key":"Happy Flower"},{"floor":48,"key":"Omamori"},{"floor":54,"key":"Bag of Marbles"}],"event_choices":[{"damage_healed":0.0,"max_hp_gain":0.0,"max_hp_loss":0.0,"gold_gain":0.0,"event_name":"Shining Light","player_choice":"Entered Light","floor":2.0,"gold_loss":0.0,"damage_taken":15.0,"cards_upgraded":["Defend_B","Defend_B"]},{"damage_healed":0.0,"max_hp_gain":0.0,"max_hp_loss":6.0,"gold_gain":0.0,"event_name":"Golden Idol","player_choice":"Lose Max HP","floor":3.0,"gold_loss":0.0,"damage_taken":0.0,"relics_obtained":["Golden Idol"]},{"cards_removed":["Defend_B"],"damage_healed":0.0,"max_hp_gain":0.0,"max_hp_loss":0.0,"gold_gain":0.0,"event_name":"The Cleric","player_choice":"Card Removal","floor":4.0,"gold_loss":50.0,"damage_taken":0.0},{"cards_removed":["Defend_B"],"damage_healed":0.0,"max_hp_gain":0.0,"max_hp_loss":0.0,"gold_gain":0.0,"event_name":"Golden Wing","player_choice":"Card Removal","floor":7.0,"gold_loss":0.0,"damage_taken":7.0},{"damage_healed":0.0,"max_hp_gain":0.0,"max_hp_loss":0.0,"gold_gain":0.0,"event_name":"The Mausoleum","player_choice":"Opened","floor":19.0,"gold_loss":0.0,"damage_taken":0.0,"relics_obtained":["MealTicket"]},{"damage_healed":0.0,"max_hp_gain":0.0,"max_hp_loss":37.0,"gold_gain":0.0,"event_name":"Ghosts","player_choice":"Became a Ghost","floor":20.0,"gold_loss":0.0,"damage_taken":0.0,"cards_obtained":["Ghostly","Ghostly","Ghostly","Ghostly","Ghostly"]},{"damage_healed":0.0,"max_hp_gain":0.0,"max_hp_loss":0.0,"gold_gain":0.0,"cards_transformed":["Chaos","Tempest"],"event_name":"Drug Dealer","player_choice":"Became Test Subject","floor":24.0,"gold_loss":0.0,"damage_taken":0.0,"cards_obtained":["Conserve Battery","Glacier"]},{"damage_healed":0.0,"max_hp_gain":0.0,"max_hp_loss":0.0,"gold_gain":0.0,"event_name":"SensoryStone","player_choice":"Memory 3","floor":36.0,"gold_loss":0.0,"damage_taken":10.0},{"damage_healed":0,"gold_gain":0,"player_choice":"Upgrade","damage_taken":0,"relics_obtained":["Mark of the Bloom"],"max_hp_gain":0,"max_hp_loss":0,"event_name":"MindBloom","floor":46,"gold_loss":0,"cards_upgraded":["Dualcast","Cold Snap","Hologram","Capacitor","All For One","Biased Cognition","Fusion","Aggregate","Meteor Strike","Hologram","Ghostly","Ghostly","Ghostly","Ghostly","Ghostly","Conserve Battery","Glacier","Discovery","Discovery","Forethought"]}],"is_beta":false,"boss_relics":[{"not_picked":["Runic Pyramid","Ectoplasm"],"picked":"Pandora\u0027s Box"},{"not_picked":["Velvet Choker","SacredBark"],"picked":"SlaversCollar"}],"items_purged_floors":[],"is_endless":false,"potions_floor_spawned":[1,11,12,13,16,18,28,29,33,35,37,42,48],"ascension_level":5}}