{"host":"gbop6m4qugddaz18","time":1608661915,"event":{"mods":["2.2 Compatiblity","BaseMod","Better Third Choice","Block Reminder","Downfall","GifTheSpireLib","Highlight Path","Minty Spire (QoL Compilation)","Replay The Spire","StSLib"],"gold_per_floor":[111,123,133,147,97,122,122,151,151,151,185,201,201,211,211,211,211],"floor_reached":16,"playtime":610,"items_purged":[],"score":140,"play_id":"2196088c-bb93-4a01-bfd6-6d9a4072618d","local_time":"20201222133155","is_ascension_mode":true,"campfire_choices":[{"data":"Body Slam","floor":7,"key":"SMITH"},{"floor":13,"key":"REST"},{"data":"Body Slam","floor":15,"key":"SMITH"}],"circlet_count":0,"master_deck":["Strike_R","Strike_R","Strike_R","Strike_R","Strike_R","Defend_R","Defend_R","Defend_R","Defend_R","Shrug It Off","Body Slam+1","Clothesline","Intimidate","Headbutt","Cleave","Pain","Shrug It Off","Body Slam+1","Sword Boomerang"],"relics":["Burning Blood","NeowsBlessing","Snack Pack","Shuriken","Replay:Bottled Flurry","WarpedTongs","Replay:Wax Seal"],"acts_visited":["Exordium"],"potions_floor_usage":[6,6,8,14,16],"damage_taken":[{"damage":0,"enemies":"2 Louse","floor":1,"turns":1},{"damage":0,"enemies":"Small Slimes","floor":2,"turns":1},{"damage":0,"enemies":"Cultist","floor":3,"turns":1},{"damage":7,"enemies":"3 Louse","floor":4,"turns":3},{"damage":23,"enemies":"Gremlin Nob","floor":6,"turns":4},{"damage":19,"enemies":"Replay:BlueRogue","floor":8,"turns":8},{"damage":24,"enemies":"Gremlin Nob","floor":11,"turns":4},{"damage":7,"enemies":"2 Fungi Beasts","floor":12,"turns":3},{"damage":23,"enemies":"Exordium Wildlife","floor":14,"turns":5},{"damage":47,"enemies":"Fading Forest","floor":16,"turns":9}],"seed_played":"3825228790965558290","potions_obtained":[{"floor":2,"key":"Strength Potion"},{"floor":4,"key":"ColorlessPotion"},{"floor":6,"key":"PowerPotion"},{"floor":11,"key":"ColorlessPotion"},{"floor":14,"key":"sneckomod:MuddlingPotion"}],"is_trial":false,"path_per_floor":["M","M","M","M","?","E","R","E","T","?","E","M","R","M","R","B"],"character_chosen":"IRONCLAD","items_purchased":[],"campfire_rested":1,"item_purchase_floors":[],"current_hp_per_floor":[80,80,80,79,79,62,62,49,49,49,35,34,58,41,41,0,0],"gold":211,"neow_bonus":"THREE_ENEMY_KILL","is_daily":false,"chose_seed":false,"campfire_upgraded":2,"win_rate":0.0,"timestamp":1608661915,"path_taken":["M","M","M","M","?","E","R","E","T","?","E","M","R","M","R","BOSS"],"items_purchased_type":[],"build_version":"2020-12-13","purchased_purges":0,"victory":false,"max_hp_per_floor":[80,80,80,80,80,80,80,80,80,80,80,80,80,80,80,80,80],"card_choices":[{"not_picked":["Perfected Strike","True Grit"],"picked":"Shrug It Off","floor":1},{"not_picked":["ReplayTheSpireMod:Limb From Limb","Iron Wave"],"picked":"Body Slam","floor":2},{"not_picked":["Massacre","Blood for Blood"],"picked":"Clothesline","floor":3},{"not_picked":["Sword Boomerang","Warcry"],"picked":"Intimidate","floor":4},{"not_picked":["Sentinel","Intimidate"],"picked":"Headbutt","floor":6},{"not_picked":["Hemogenesis","Massacre"],"picked":"Cleave","floor":8},{"not_picked":["Pommel Strike","Twin Strike"],"picked":"Shrug It Off","floor":11},{"not_picked":["Replay:Undeath\u0027s Touch","Heavy Blade"],"picked":"Body Slam","floor":12},{"not_picked":["Heavy Blade","Havoc"],"picked":"Sword Boomerang","floor":14}],"player_experience":581130,"relics_obtained":[{"floor":6,"key":"Snack Pack"},{"floor":8,"key":"Shuriken"},{"floor":9,"key":"Replay:Bottled Flurry"},{"floor":11,"key":"Replay:Wax Seal"}],"event_choices":[{"cards_removed":["Bash"],"damage_healed":0,"gold_gain":0,"player_choice":"Card Removal","damage_taken":0,"max_hp_gain":0,"max_hp_loss":0,"event_name":"The Cleric","floor":5,"gold_loss":50},{"damage_healed":0,"gold_gain":0,"player_choice":"Rummage","damage_taken":0,"relics_obtained":["WarpedTongs"],"max_hp_gain":0,"max_hp_loss":0,"event_name":"Accursed Blacksmith","floor":10,"gold_loss":0,"cards_obtained":["Pain"]}],"is_beta":false,"boss_relics":[],"items_purged_floors":[],"is_endless":false,"potions_floor_spawned":[2,4,6,11,14],"killed_by":"Fading Forest","ascension_level":3}}