{"host":"l9fn0pydaze8nubc","time":1608624799,"event":{"mods":["AchievementEnabler","AlwaysNeverKeys","BaseMod","Better Note","Block Reminder","Colored Powertips","DeckTracker","Defuse TimeMaze Blight","Highlight Path","Minty Spire (QoL Compilation)","Permanent Neow","Quick Restart","Relic Sorter","Relic Stats","Slay-I","StSLib","everything is the same but u backflip on backflip"],"gold_per_floor":[114,5,5,17,44,86,98,125,162,174,216,243,220,247,259,371,383,410,422,434,476,14,14,44,44,69,93,117,132,132,156,156,274,346,361,361,395,434,443,482,482,521,521,545,595,595,220,259,259,268],"floor_reached":51,"playtime":1899,"items_purged":["Writhe"],"score":1084,"play_id":"18ff45eb-7b9a-47ce-a0cc-86a56185ea63","local_time":"20201222211319","daily_mods":["Cursed Run","Diverse","DeadlyEvents"],"is_ascension_mode":false,"campfire_choices":[{"floor":7.0,"key":"REST"},{"floor":15.0,"key":"REST"},{"floor":23,"key":"REST"},{"floor":30,"key":"REST"},{"data":"Shockwave","floor":32,"key":"SMITH"},{"floor":41,"key":"REST"},{"data":"RitualDagger","floor":46,"key":"SMITH"},{"floor":49,"key":"REST"}],"circlet_count":0,"master_deck":["Zap","Dualcast","Thunderclap","Doom and Gloom","Footwork","Storm","Chaos","Force Field","Injury","Clumsy","Backflip","Compile Driver","Pommel Strike","Clumsy","Die Die Die","CurseOfTheBell","Perfected Strike+1","Cloak And Dagger","Anger+1","Self Repair+1","RitualDagger+1","Writhe","Shockwave+1","Conclude+1","Immolate","Seek","Bullet Time","Noxious Fumes+1","Wraith Form v2+1","Turbo","BattleHymn+1","Establishment+1","Amplify","WheelKick","Pain","Sweeping Beam+1","Writhe","CarveReality","Conclude","Streamline","Intimidate","Writhe"],"relics":["Cursed Key","Darkstone Periapt","Du-Vu Doll","MawBank","Regal Pillow","Boot","Nunchaku","War Paint","Calling Bell","Mango","InkBottle","Vajra","Orichalcum","Frozen Egg 2","Tiny Chest","Cables","CeramicFish","Pandora\u0027s Box","Happy Flower","Symbiotic Virus","Toy Ornithopter","Omamori","MealTicket","PreservedInsect","Emotion Chip","Art of War"],"acts_visited":["Exordium","TheCity","TheBeyond"],"potions_floor_usage":[],"damage_taken":[{"damage":6.0,"enemies":"Cultist","floor":1.0,"turns":3.0},{"damage":2.0,"enemies":"Small Slimes","floor":5.0,"turns":3.0},{"damage":36.0,"enemies":"Gremlin Nob","floor":6.0,"turns":5.0},{"damage":0.0,"enemies":"2 Louse","floor":8.0,"turns":1.0},{"damage":29.0,"enemies":"Lagavulin","floor":11.0,"turns":5.0},{"damage":22.0,"enemies":"Gremlin Gang","floor":12.0,"turns":2.0},{"damage":0.0,"enemies":"2 Fungi Beasts","floor":14.0,"turns":3.0},{"damage":47,"enemies":"Slime Boss","floor":16,"turns":8},{"damage":15,"enemies":"3 Byrds","floor":18,"turns":3},{"damage":62,"enemies":"Gremlin Leader","floor":21,"turns":7},{"damage":32,"enemies":"Slavers","floor":24,"turns":5},{"damage":6,"enemies":"Shell Parasite","floor":27,"turns":4},{"damage":2,"enemies":"Cultist and Chosen","floor":28,"turns":4},{"damage":27,"enemies":"Shelled Parasite and Fungi","floor":29,"turns":5},{"damage":7,"enemies":"Snecko","floor":31,"turns":5},{"damage":63,"enemies":"Collector","floor":33,"turns":7},{"damage":15,"enemies":"3 Darklings","floor":35,"turns":3},{"damage":70,"enemies":"Nemesis","floor":38,"turns":5},{"damage":41,"enemies":"Reptomancer","floor":40,"turns":4},{"damage":36,"enemies":"Giant Head","floor":42,"turns":6},{"damage":21,"enemies":"Orb Walker","floor":44,"turns":3},{"damage":48,"enemies":"Reptomancer","floor":48,"turns":5},{"damage":81,"enemies":"Time Eater","floor":50,"turns":6}],"seed_played":"1880613833527945180","potions_obtained":[{"floor":8.0,"key":"DistilledChaos"},{"floor":11.0,"key":"GamblersBrew"},{"floor":16,"key":"SkillPotion"},{"floor":29,"key":"LiquidMemories"}],"is_trial":false,"path_per_floor":["M","$","?","$","M","E","R","M","T","T","E","M","?","M","R","B",null,"M","?","?","E","$","R","E","?","T","M","M","M","R","M","R","B",null,"M","?","T","E","?","E","R","E","T","M","T","R","$","E","R","B",null],"character_chosen":"DEFECT","items_purchased":["Doom and Gloom","Footwork","Frozen Egg 2","Tiny Chest","Self Repair+1","Emotion Chip"],"campfire_rested":6,"item_purchase_floors":[2,2,22,22,22,47],"current_hp_per_floor":[69,69,57,57,55,19,56,56,62,68,39,17,38,38,79,38,113,98,98,98,36,36,84,62,56,62,66,64,47,97,100,100,53,125,110,110,116,56,95,64,120,94,94,83,83,83,98,60,116,41],"gold":268,"neow_bonus":"","is_daily":true,"chose_seed":false,"campfire_upgraded":2,"win_rate":0.0,"timestamp":1608624799,"path_taken":["M","?","?","$","M","E","R","?","T","?","?","M","?","M","R","BOSS","M","?","?","?","$","R","E","?","T","?","M","M","R","M","R","BOSS","M","?","?","?","?","E","R","E","T","?","?","R","$","?","R","BOSS"],"items_purchased_type":["Card","Card","Relic","Relic","Card","Relic"],"build_version":"2020-12-13","purchased_purges":1,"victory":true,"max_hp_per_floor":[75,75,75,75,75,75,75,75,81,87,87,87,87,87,87,93,113,113,113,113,113,113,113,113,113,119,119,119,119,119,119,119,125,125,125,125,131,131,137,137,137,137,137,137,137,137,137,137,137,143],"relic_stats":{"Darkstone Periapt":54,"Regal Pillow":90,"Happy Flower":[9],"counters":[23,102],"CeramicFish":189,"PreservedInsect":59,"War Paint":["Defend_B","Defend_B"],"Orichalcum":[180],"Cursed Key":6,"MawBank":228,"Boot":[31],"Cables":[51,9,2,40,0],"Nunchaku":[17],"Emotion Chip":[12,4,0,8,0],"Tiny Chest":2,"Pandora\u0027s Box":["Bullet Time","Noxious Fumes","Wraith Form v2","Turbo","BattleHymn","Establishment","Amplify","WheelKick"],"MealTicket":15,"Art of War":[1],"obtain_stats":[{"Darkstone Periapt":0,"Regal Pillow":6,"CeramicFish":26,"Vajra":17,"Mango":17,"Cursed Key":0,"Boot":9,"Nunchaku":10,"Emotion Chip":47,"Tiny Chest":22,"MealTicket":43,"InkBottle":17,"Happy Flower":37,"PreservedInsect":45,"Omamori":42,"War Paint":11,"Orichalcum":21,"Frozen Egg 2":22,"MawBank":3,"Cables":24,"Du-Vu Doll":0,"Calling Bell":17,"Pandora\u0027s Box":34,"Art of War":48,"Symbiotic Virus":38,"Toy Ornithopter":40},{"Darkstone Periapt":0,"Regal Pillow":3,"CeramicFish":11,"Vajra":8,"Mango":8,"Cursed Key":0,"Boot":4,"Nunchaku":4,"Emotion Chip":21,"Tiny Chest":10,"MealTicket":20,"InkBottle":8,"Happy Flower":17,"PreservedInsect":21,"Omamori":20,"War Paint":5,"Orichalcum":10,"Frozen Egg 2":10,"MawBank":1,"Cables":11,"Du-Vu Doll":0,"Calling Bell":8,"Pandora\u0027s Box":16,"Art of War":22,"Symbiotic Virus":18,"Toy Ornithopter":19},{"Darkstone Periapt":0,"Regal Pillow":11,"CeramicFish":45,"Vajra":30,"Mango":30,"Cursed Key":0,"Boot":12,"Nunchaku":12,"Emotion Chip":91,"Tiny Chest":40,"MealTicket":88,"InkBottle":30,"Happy Flower":73,"PreservedInsect":91,"Omamori":88,"War Paint":17,"Orichalcum":40,"Frozen Egg 2":40,"MawBank":3,"Cables":45,"Du-Vu Doll":0,"Calling Bell":30,"Pandora\u0027s Box":70,"Art of War":96,"Symbiotic Virus":78,"Toy Ornithopter":82}],"InkBottle":[24],"Toy Ornithopter":0},"card_choices":[{"not_picked":["Pommel Strike","Heavy Blade"],"picked":"Thunderclap","floor":1.0},{"not_picked":["Quick Slash","Reflex"],"picked":"Storm","floor":5.0},{"not_picked":["Multi-Cast","Compile Driver"],"picked":"Chaos","floor":6.0},{"not_picked":["Deflect","FollowUp"],"picked":"Force Field","floor":8.0},{"not_picked":["ForeignInfluence","FlyingSleeves"],"picked":"Backflip","floor":11.0},{"not_picked":["Entrench","Perseverance"],"picked":"Compile Driver","floor":12.0},{"not_picked":["Die Die Die","JustLucky"],"picked":"Pommel Strike","floor":14.0},{"not_picked":["A Thousand Cuts","Barricade"],"picked":"Die Die Die","floor":16},{"not_picked":["Redo+1","True Grit"],"picked":"Perfected Strike+1","floor":18},{"not_picked":["Infinite Blades","JustLucky"],"picked":"Anger+1","floor":21},{"not_picked":["Burning Pact+1","Bloodletting","Clothesline"],"picked":"SKIP","floor":24},{"not_picked":["Rip and Tear","Iron Wave"],"picked":"Shockwave","floor":27},{"not_picked":["Bloodletting+1","Shrug It Off"],"picked":"Conclude+1","floor":28},{"not_picked":["FollowUp","Armaments","CutThroughFate"],"picked":"SKIP","floor":29},{"not_picked":["Dodge and Roll","Go for the Eyes"],"picked":"Immolate","floor":31},{"not_picked":["Omniscience","SpiritShield"],"picked":"Seek","floor":33},{"not_picked":["Dark Embrace+1","Force Field+1","Vengeance"],"picked":"SKIP","floor":35},{"not_picked":["Hyperbeam","FlurryOfBlows+1"],"picked":"Sweeping Beam+1","floor":38},{"not_picked":["Hologram","Rebound+1"],"picked":"CarveReality","floor":40},{"not_picked":["Fasting2+1","Perfected Strike"],"picked":"Conclude","floor":42},{"not_picked":["Prostrate","Reflex"],"picked":"Streamline","floor":44},{"not_picked":["Ball Lightning","Vault"],"picked":"Intimidate","floor":48}],"player_experience":993896,"relics_obtained":[{"floor":6.0,"key":"Regal Pillow"},{"floor":9.0,"key":"Boot"},{"floor":10.0,"key":"Nunchaku"},{"floor":11.0,"key":"War Paint"},{"floor":17,"key":"Mango"},{"floor":17,"key":"InkBottle"},{"floor":17,"key":"Vajra"},{"floor":21,"key":"Orichalcum"},{"floor":24,"key":"Cables"},{"floor":26,"key":"CeramicFish"},{"floor":37,"key":"Happy Flower"},{"floor":38,"key":"Symbiotic Virus"},{"floor":40,"key":"Toy Ornithopter"},{"floor":42,"key":"Omamori"},{"floor":43,"key":"MealTicket"},{"floor":45,"key":"PreservedInsect"},{"floor":48,"key":"Art of War"}],"event_choices":[{"damage_healed":0.0,"max_hp_gain":0.0,"max_hp_loss":0.0,"gold_gain":0.0,"event_name":"Scrap Ooze","player_choice":"Success","floor":3.0,"gold_loss":0.0,"damage_taken":12.0,"relics_obtained":["MawBank"]},{"damage_healed":21.0,"max_hp_gain":0.0,"max_hp_loss":0.0,"gold_gain":0.0,"event_name":"The Cleric","player_choice":"Healed","floor":13.0,"gold_loss":35.0,"damage_taken":0.0},{"damage_healed":0,"gold_gain":0,"player_choice":"Read","damage_taken":0,"max_hp_gain":0,"max_hp_loss":0,"event_name":"The Library","floor":19,"gold_loss":0,"cards_obtained":["Cloak And Dagger"]},{"damage_healed":0,"gold_gain":0,"player_choice":"Ignored","damage_taken":0,"max_hp_gain":0,"max_hp_loss":0,"event_name":"Purifier","floor":20,"gold_loss":0},{"damage_healed":0,"gold_gain":0,"player_choice":"Joined the Cult","damage_taken":6,"max_hp_gain":0,"max_hp_loss":0,"event_name":"Nest","floor":25,"gold_loss":0,"cards_obtained":["RitualDagger"]},{"damage_healed":0,"gold_gain":0,"player_choice":"Ignored","damage_taken":0,"max_hp_gain":0,"max_hp_loss":0,"event_name":"Tomb of Lord Red Mask","floor":36,"gold_loss":0},{"damage_healed":33,"gold_gain":0,"player_choice":"Writhe","damage_taken":0,"max_hp_gain":0,"max_hp_loss":0,"event_name":"Winding Halls","floor":39,"gold_loss":0,"cards_obtained":["Writhe"]}],"is_beta":false,"boss_relics":[{"not_picked":["Fusion Hammer","Inserter"],"picked":"Calling Bell"},{"not_picked":["Runic Dome","Coffee Dripper"],"picked":"Pandora\u0027s Box"}],"items_purged_floors":[47],"is_endless":false,"potions_floor_spawned":[8,11,16,21,24,29,31,38,44],"ascension_level":0}}