{"host":"ec09novo68szpe7d","time":1608677297,"event":{"mods":["AchievementEnabler","BaseMod","Bestiary","Minty Spire (QoL Compilation)","Replay The Spire","StSLib"],"gold_per_floor":[113,113,113,188,207,264,321,351,387,443,455,489,501,513,525,648,660,703,401,257,257,298,357,404,448,471,371,398,398,398,443,443,457,457],"floor_reached":33,"playtime":2293,"items_purged":["CommonCold","ReplayReversal"],"score":349,"play_id":"a2d7bf28-a66d-449d-9b38-c6d0a9b28655","local_time":"20201222234817","daily_mods":["SealedDeck","Vintage","Heirloom","Flight","Elite Swarm"],"is_ascension_mode":false,"campfire_choices":[{"data":"Hemogenesis","floor":13.0,"key":"SMITH"},{"data":"Hemogenesis","floor":15.0,"key":"SMITH"},{"floor":29.0,"key":"REST"},{"data":"Demon Form","floor":32,"key":"SMITH"}],"circlet_count":0,"master_deck":["Headbutt","Pommel Strike","Dual Wield","Armaments+1","Power Through","Armaments","Entrench","Body Slam","Body Slam","Hemogenesis+1","Hemogenesis+1","Double Tap+1","Shrug It Off+1","Demon Form+1","ReplayTheSpireMod:Trickstab","Mind Blast","Specialist","Bite","Bite","Bite","Bite","Bite"],"relics":["Burning Blood","replay:Trail_Library","Turnip","Replay:Bandana","ReplayTheSpireMod:CursedCoin","MawBank","Du-Vu Doll","Bag of Preparation","ReplayTheSpireMod:TigerMarble","Orichalcum","Replay:Bottled Steam","Runic Cube","War Paint","Dead Branch","Lantern","Nloth\u0027s Gift","Boot","Vajra","Replay:Wax Seal","Regal Pillow","CeramicFish"],"acts_visited":["Exordium","TheCity"],"potions_floor_usage":[],"damage_taken":[{"damage":5.0,"enemies":"Small Slimes","floor":1.0,"turns":2.0},{"damage":0.0,"enemies":"2 Louse","floor":5.0,"turns":3.0},{"damage":0.0,"enemies":"Replay:BlueRogue","floor":6.0,"turns":4.0},{"damage":13.0,"enemies":"3 Sentries","floor":7.0,"turns":6.0},{"damage":2.0,"enemies":"Cultist","floor":8.0,"turns":4.0},{"damage":28.0,"enemies":"Gremlin Nob","floor":10.0,"turns":5.0},{"damage":15.0,"enemies":"Exordium Thugs","floor":12.0,"turns":5.0},{"damage":37.0,"enemies":"Fading Forest","floor":16.0,"turns":11.0},{"damage":4.0,"enemies":"Spheric Guardian","floor":18.0,"turns":3.0},{"damage":4.0,"enemies":"Shell Parasite","floor":22.0,"turns":3.0},{"damage":12.0,"enemies":"Book of Stabbing","floor":23.0,"turns":3.0},{"damage":28.0,"enemies":"Slavers","floor":24.0,"turns":4.0},{"damage":15.0,"enemies":"Centurion and Healer","floor":25.0,"turns":5.0},{"damage":0,"enemies":"Collector","floor":33,"turns":2}],"seed_played":"-983770589497070502","potions_obtained":[{"floor":5.0,"key":"LiquidBronze"},{"floor":7.0,"key":"PowerPotion"},{"floor":8.0,"key":"LifebloodPotion"},{"floor":10.0,"key":"Strength Potion"}],"is_trial":true,"path_per_floor":["M","?","?","$","M","E","E","M","T","E","?","M","R","$","R","B",null,"M","$","$","?","M","E","E","M","T","$","?","R","$","?","R","B"],"character_chosen":"IRONCLAD","items_purchased":["ReplayTheSpireMod:CursedCoin","Dead Branch","Lantern"],"campfire_rested":1,"item_purchase_floors":[4,19,20],"current_hp_per_floor":[80,73,73,73,79,80,73,80,80,65,65,74,74,74,74,62,80,80,80,80,80,80,74,52,43,43,43,16,55,55,55,55,55,55],"gold":457,"neow_bonus":"","is_daily":false,"chose_seed":false,"campfire_upgraded":3,"win_rate":0.0,"timestamp":1608677297,"path_taken":["M","?","?","$","M","E","E","M","T","E","?","?","R","$","R","BOSS","M","$","$","?","M","E","E","?","T","$","?","R","?","?","R","BOSS"],"items_purchased_type":["Relic","Relic","Relic"],"build_version":"2020-12-13","purchased_purges":2,"victory":false,"max_hp_per_floor":[80,80,80,80,80,80,80,80,80,80,80,80,80,80,80,80,80,80,80,80,80,80,80,80,80,80,80,80,80,80,56,56,56,56],"card_choices":[{"not_picked":["Eclipse","Berserk"],"picked":"Hemogenesis","floor":6.0},{"not_picked":["Eclipse","Berserk"],"picked":"Hemogenesis","floor":7.0},{"not_picked":["Eclipse","Immolate"],"picked":"Double Tap","floor":10.0},{"not_picked":["Corruption","Double Tap"],"picked":"Demon Form","floor":16.0},{"not_picked":["Demonic Infusion","Offering","Demon Form"],"picked":"SKIP","floor":23.0},{"not_picked":["Reaper","Demonic Infusion","Offering"],"picked":"SKIP","floor":24.0}],"player_experience":176061,"relics_obtained":[{"floor":1.0,"key":"Replay:Bandana"},{"floor":5.0,"key":"MawBank"},{"floor":6.0,"key":"StoneCalendar"},{"floor":7.0,"key":"Du-Vu Doll"},{"floor":8.0,"key":"Bag of Preparation"},{"floor":9.0,"key":"ReplayTheSpireMod:TigerMarble"},{"floor":10.0,"key":"Orichalcum"},{"floor":12.0,"key":"Replay:Bottled Steam"},{"floor":18.0,"key":"War Paint"},{"floor":22.0,"key":"Boot"},{"floor":23.0,"key":"Vajra"},{"floor":24.0,"key":"Replay:Wax Seal"},{"floor":25.0,"key":"Regal Pillow"},{"floor":26.0,"key":"CeramicFish"}],"event_choices":[{"cards_removed":["Iron Wave"],"damage_healed":0.0,"max_hp_gain":0.0,"max_hp_loss":0.0,"gold_gain":0.0,"event_name":"Golden Wing","player_choice":"Card Removal","floor":2.0,"gold_loss":0.0,"damage_taken":7.0},{"damage_healed":0.0,"max_hp_gain":0.0,"max_hp_loss":0.0,"gold_gain":0.0,"event_name":"Living Wall","player_choice":"Grow","floor":3.0,"gold_loss":0.0,"damage_taken":0.0,"cards_upgraded":["Armaments"]},{"damage_healed":0.0,"max_hp_gain":0.0,"max_hp_loss":0.0,"gold_gain":0.0,"event_name":"The Woman in Blue","player_choice":"Bought 0 Potions","floor":11.0,"gold_loss":0.0,"damage_taken":0.0},{"damage_healed":0.0,"max_hp_gain":0.0,"max_hp_loss":0.0,"gold_gain":0.0,"event_name":"N\u0027loth","player_choice":"Traded Relic","floor":21.0,"relics_lost":["StoneCalendar"],"gold_loss":0.0,"damage_taken":0.0,"relics_obtained":["Nloth\u0027s Gift"]},{"damage_healed":0.0,"max_hp_gain":0.0,"max_hp_loss":0.0,"gold_gain":0.0,"event_name":"Knowing Skull","player_choice":"CARD CARD CARD ","floor":28.0,"potions_obtained":[],"gold_loss":0.0,"damage_taken":27.0,"cards_obtained":["ReplayTheSpireMod:Trickstab","Mind Blast","Specialist"]},{"damage_healed":0.0,"max_hp_gain":0.0,"max_hp_loss":24.0,"gold_gain":0.0,"event_name":"Vampires","player_choice":"Became a vampire","floor":31.0,"gold_loss":0.0,"damage_taken":0.0,"cards_obtained":["Bite","Bite","Bite","Bite","Bite"]}],"is_beta":false,"boss_relics":[{"not_picked":["Snecko Heart","Replay:Wanted Poster"],"picked":"Runic Cube"}],"items_purged_floors":[4,27],"is_endless":false,"potions_floor_spawned":[5,7,8,10,16,23,25],"killed_by":"Collector","ascension_level":0}}