{"host":"1ivxh6f0wtekmpqo","time":1608634478,"event":{"mods":["AchievementEnabler","BaseMod","Colored Map","Minty Spire (QoL Compilation)","Rare Cards Sparkle","StSLib","SuperFastMode","everything is the same but u backflip on backflip"],"gold_per_floor":[111,130,130,51,51,51,151,151,178,178,214,230,230,249,249,379,379,395,395,92,92,106,106,126,126,126,150,0,25,25,38,38,164,164,180,249,219,234,234,234,137,137,137,36,36,0,0,77,77,77,77],"floor_reached":50,"playtime":2152,"items_purged":[],"score":484,"play_id":"32c8b30f-ea5d-4d66-931b-7587dac9e26f","local_time":"20201222185438","is_ascension_mode":false,"campfire_choices":[{"data":"Eruption","floor":6.0,"key":"SMITH"},{"data":"MentalFortress","floor":8.0,"key":"SMITH"},{"floor":10.0,"key":"REST"},{"floor":13.0,"key":"REST"},{"data":"Fasting2","floor":15.0,"key":"SMITH"},{"data":"Judgement","floor":23.0,"key":"SMITH"},{"data":"Indignation","floor":25.0,"key":"SMITH"},{"data":"BattleHymn","floor":30.0,"key":"SMITH"},{"floor":32.0,"key":"REST"},{"floor":40.0,"key":"REST"},{"floor":47.0,"key":"REST"},{"data":"Ragnarok","floor":49.0,"key":"SMITH"}],"circlet_count":0,"master_deck":["Strike_P+1","Strike_P+1","Strike_P+1","Defend_P+1","Defend_P+1","Defend_P+1","Eruption+1","Vigilance+1","Indignation+1","Fasting2+1","MentalFortress+1","EmptyFist","FearNoEvil","Consecrate","Judgement+1","CurseOfTheBell","Halt+1","Consecrate","ThirdEye+1","DeceiveReality+1","BattleHymn+1","Ragnarok+1","Consecrate+1","LikeWater","MentalFortress+1","Writhe","Swift Strike","ReachHeaven"],"relics":["PureWater","Golden Idol","Oddly Smooth Stone","Sundial","Calling Bell","Vajra","Gremlin Horn","Ice Cream","WingedGreaves","War Paint","Nunchaku","VioletLotus","Ginger","Peace Pipe","White Beast Statue"],"acts_visited":["Exordium","TheCity","TheBeyond"],"potions_floor_usage":[],"damage_taken":[{"damage":0.0,"enemies":"2 Louse","floor":1.0,"turns":2.0},{"damage":0.0,"enemies":"Jaw Worm","floor":2.0,"turns":3.0},{"damage":36.0,"enemies":"Lagavulin","floor":11.0,"turns":3.0},{"damage":0.0,"enemies":"Cultist","floor":12.0,"turns":2.0},{"damage":1.0,"enemies":"3 Louse","floor":14.0,"turns":2.0},{"damage":0.0,"enemies":"Slime Boss","floor":16.0,"turns":3.0},{"damage":10.0,"enemies":"3 Byrds","floor":18.0,"turns":4.0},{"damage":2.0,"enemies":"2 Thieves","floor":22.0,"turns":3.0},{"damage":0.0,"enemies":"Snecko","floor":24.0,"turns":3.0},{"damage":4.0,"enemies":"3 Cultists","floor":27.0,"turns":4.0},{"damage":0.0,"enemies":"Shelled Parasite and Fungi","floor":29.0,"turns":4.0},{"damage":0.0,"enemies":"Centurion and Healer","floor":31.0,"turns":3.0},{"damage":73.0,"enemies":"Collector","floor":33.0,"turns":8.0},{"damage":7.0,"enemies":"3 Shapes","floor":35.0,"turns":2.0},{"damage":70.0,"enemies":"2 Orb Walkers","floor":36.0,"turns":5.0},{"damage":20.0,"enemies":"3 Darklings","floor":38.0,"turns":4.0},{"damage":96,"enemies":"Awakened One","floor":50,"turns":9}],"seed_played":"-6471874844483984627","potions_obtained":[{"floor":1.0,"key":"PowerPotion"},{"floor":2.0,"key":"DistilledChaos"},{"floor":16.0,"key":"Ambrosia"},{"floor":24.0,"key":"EntropicBrew"},{"floor":27.0,"key":"FairyPotion"},{"floor":29.0,"key":"Explosive Potion"},{"floor":33.0,"key":"Ambrosia"},{"floor":35.0,"key":"Block Potion"},{"floor":37.0,"key":"Energy Potion"},{"floor":37.0,"key":"BottledMiracle"}],"is_trial":false,"path_per_floor":["M","M","?","$","?","R","?","R","T","R","E","M","R","M","R","B",null,"M","?","$","?","M","R","M","R","T","M","$","M","R","M","R","B",null,"M","?","?","M","?","R","$","?","T","$","?","$","R","T","R","B"],"character_chosen":"WATCHER","items_purchased":["MentalFortress","WingedGreaves","Nunchaku","SmokeBomb","FairyPotion","ReachHeaven"],"campfire_rested":5,"item_purchase_floors":[4,20,28,41,44,46],"current_hp_per_floor":[79,79,60,60,53,53,53,53,53,76,40,40,63,62,62,62,79,69,69,69,69,67,67,67,67,67,63,63,63,63,63,79,6,79,72,2,2,7,27,50,50,50,50,50,50,50,73,73,73,0,0],"gold":77,"neow_bonus":"TEN_PERCENT_HP_BONUS","is_daily":false,"chose_seed":false,"campfire_upgraded":7,"win_rate":0.0,"timestamp":1608634478,"path_taken":["M","M","?","$","?","R","?","R","T","R","E","M","R","?","R","BOSS","M","?","$","?","M","R","M","R","T","M","$","M","R","M","R","BOSS","M","?","?","?","?","R","$","?","T","?","?","$","R","?","R","BOSS"],"items_purchased_type":["Card","Relic","Relic","Potion","Potion","Card"],"build_version":"2020-12-13","purchased_purges":0,"victory":false,"max_hp_per_floor":[79,79,79,79,79,79,79,79,79,79,79,79,79,79,79,79,79,79,79,79,79,79,79,79,79,79,79,79,79,79,79,79,79,79,79,79,79,79,79,79,79,79,79,79,79,79,79,79,79,79,79],"card_choices":[{"not_picked":["WindmillStrike","FollowUp"],"picked":"Indignation","floor":1.0},{"not_picked":["Consecrate","WindmillStrike"],"picked":"Fasting2","floor":2.0},{"not_picked":["ClearTheMind","Vengeance"],"picked":"EmptyFist","floor":11.0},{"not_picked":["Study","Perseverance"],"picked":"FearNoEvil","floor":12.0},{"not_picked":["Protect","Study"],"picked":"Consecrate","floor":14.0},{"not_picked":["Alpha","DeusExMachina"],"picked":"Judgement","floor":16.0},{"not_picked":["Consecrate","ThirdEye"],"picked":"Halt+1","floor":18.0},{"not_picked":["JustLucky","PathToVictory+1"],"picked":"Consecrate","floor":22.0},{"not_picked":["Worship","SashWhip"],"picked":"ThirdEye","floor":24.0},{"not_picked":["PathToVictory","Crescendo"],"picked":"DeceiveReality+1","floor":27.0},{"not_picked":["DeceiveReality","ReachHeaven"],"picked":"BattleHymn","floor":29.0},{"not_picked":["FlyingSleeves","DeceiveReality","ClearTheMind"],"picked":"SKIP","floor":31.0},{"not_picked":["MasterReality","Omniscience"],"picked":"Ragnarok","floor":33.0},{"not_picked":["FlurryOfBlows+1","FollowUp+1"],"picked":"Consecrate+1","floor":35.0},{"not_picked":["ClearTheMind+1","Consecrate+1"],"picked":"LikeWater","floor":36.0},{"not_picked":["Wireheading+1","Crescendo"],"picked":"MentalFortress+1","floor":38.0},{"not_picked":["Magnetism","Bandage Up"],"picked":"Swift Strike","floor":45.0}],"player_experience":231344,"relics_obtained":[{"floor":9.0,"key":"Oddly Smooth Stone"},{"floor":11.0,"key":"Sundial"},{"floor":17.0,"key":"Vajra"},{"floor":17.0,"key":"Gremlin Horn"},{"floor":17.0,"key":"Ice Cream"},{"floor":26.0,"key":"War Paint"},{"floor":36.0,"key":"Ginger"},{"floor":43.0,"key":"Peace Pipe"},{"floor":48.0,"key":"White Beast Statue"}],"event_choices":[{"damage_healed":0.0,"max_hp_gain":0.0,"max_hp_loss":0.0,"gold_gain":0.0,"event_name":"Golden Idol","player_choice":"Take Damage","floor":3.0,"gold_loss":0.0,"damage_taken":19.0,"relics_obtained":["Golden Idol"]},{"cards_removed":["Defend_P"],"damage_healed":0.0,"max_hp_gain":0.0,"max_hp_loss":0.0,"gold_gain":0.0,"event_name":"Golden Wing","player_choice":"Card Removal","floor":5.0,"gold_loss":0.0,"damage_taken":7.0},{"damage_healed":0.0,"max_hp_gain":0.0,"max_hp_loss":0.0,"gold_gain":100.0,"event_name":"Golden Shrine","player_choice":"Pray","floor":7.0,"gold_loss":0.0,"damage_taken":0.0},{"damage_healed":0.0,"max_hp_gain":0.0,"max_hp_loss":0.0,"gold_gain":0.0,"event_name":"Back to Basics","player_choice":"Simplicity","floor":19.0,"gold_loss":0.0,"damage_taken":0.0,"cards_upgraded":["Strike_P","Strike_P","Strike_P","Strike_P","Defend_P","Defend_P","Defend_P"]},{"damage_healed":0.0,"max_hp_gain":0.0,"max_hp_loss":0.0,"gold_gain":0.0,"event_name":"Ghosts","player_choice":"Ignored","floor":21.0,"gold_loss":0.0,"damage_taken":0.0},{"damage_healed":0.0,"max_hp_gain":0.0,"max_hp_loss":0.0,"gold_gain":0.0,"event_name":"Mysterious Sphere","player_choice":"Fight","floor":36.0,"gold_loss":0.0,"damage_taken":0.0},{"damage_healed":0.0,"max_hp_gain":0.0,"max_hp_loss":0.0,"gold_gain":0.0,"event_name":"The Woman in Blue","player_choice":"Bought 2 Potions","floor":37.0,"gold_loss":0.0,"damage_taken":0.0},{"damage_healed":20.0,"max_hp_gain":0.0,"max_hp_loss":0.0,"gold_gain":0.0,"event_name":"Winding Halls","player_choice":"Writhe","floor":39.0,"gold_loss":0.0,"damage_taken":0.0,"cards_obtained":["Writhe"]},{"cards_removed":["Strike_P"],"damage_healed":0.0,"max_hp_gain":0.0,"max_hp_loss":0.0,"gold_gain":0.0,"event_name":"Falling","player_choice":"Removed Attack","floor":42.0,"gold_loss":0.0,"damage_taken":0.0},{"damage_healed":0.0,"max_hp_gain":0.0,"max_hp_loss":0.0,"gold_gain":0.0,"event_name":"SensoryStone","player_choice":"Memory 1","floor":45.0,"gold_loss":0.0,"damage_taken":0.0}],"is_beta":false,"boss_relics":[{"not_picked":["Tiny House","Sozu"],"picked":"Calling Bell"},{"not_picked":["Runic Pyramid","Runic Dome"],"picked":"VioletLotus"}],"items_purged_floors":[],"is_endless":false,"potions_floor_spawned":[1,2,16,24,27,29,33,35],"killed_by":"Awakened One","ascension_level":0}}