{"host":"1hv1kueuvc4r3rdp","time":1608619979,"event":{"mods":["AchievementEnabler","BaseMod","DeckTracker","Highlight Path","Minty Spire (QoL Compilation)","Permanent Neow","StSLib"],"gold_per_floor":[111,125,136,211,87,87,87,87,87,120,120,145,46,60,60,158,158,169,184,198,217,132,158,88,88,88,115,115,44,60,90,90,192,192,209,222,235,235,235],"floor_reached":38,"playtime":1928,"items_purged":["Strike_B"],"score":602,"play_id":"229311f9-52c4-4e9f-82a4-da647f6b347e","local_time":"20201222005259","is_ascension_mode":true,"campfire_choices":[{"floor":6,"key":"REST"},{"floor":8,"key":"REST"},{"data":"Zap","floor":11,"key":"SMITH"},{"data":"Defragment","floor":15,"key":"SMITH"},{"floor":28,"key":"REST"},{"floor":32,"key":"REST"}],"circlet_count":0,"master_deck":["Strike_B+1","Strike_B+1","Strike_B+1","Defend_B+1","Defend_B+1","Defend_B+1","Defend_B+1","Zap+1","Dualcast","Seek","Ball Lightning+1","Ball Lightning","Defragment+1","Compile Driver","Steam","Sweeping Beam","Static Discharge","Auto Shields+1","Defragment+1","Loop+1","Glacier","Cold Snap","Leap","Buffer+1","Conserve Battery+1"],"relics":["Cracked Core","Bag of Preparation","MealTicket","Singing Bowl","SlaversCollar","Strawberry","Frozen Egg 2","White Beast Statue","Potion Belt","Bottled Lightning","Sozu"],"acts_visited":["Exordium","TheCity","TheBeyond"],"potions_floor_usage":[23,31],"damage_taken":[{"damage":3,"enemies":"Small Slimes","floor":1,"turns":3},{"damage":6,"enemies":"2 Louse","floor":2,"turns":2},{"damage":2,"enemies":"Jaw Worm","floor":3,"turns":3},{"damage":10,"enemies":"Gremlin Nob","floor":10,"turns":3},{"damage":15,"enemies":"3 Sentries","floor":12,"turns":5},{"damage":6,"enemies":"Blue Slaver","floor":14,"turns":3},{"damage":30,"enemies":"The Guardian","floor":16,"turns":9},{"damage":2,"enemies":"Chosen","floor":18,"turns":3},{"damage":16,"enemies":"Shell Parasite","floor":19,"turns":4},{"damage":12,"enemies":"3 Cultists","floor":20,"turns":4},{"damage":0,"enemies":"Snecko","floor":21,"turns":4},{"damage":16,"enemies":"Gremlin Leader","floor":23,"turns":6},{"damage":37,"enemies":"Book of Stabbing","floor":27,"turns":4},{"damage":18,"enemies":"Snake Plant","floor":30,"turns":3},{"damage":18,"enemies":"Slavers","floor":31,"turns":5},{"damage":27,"enemies":"Automaton","floor":33,"turns":10},{"damage":4,"enemies":"3 Shapes","floor":35,"turns":6},{"damage":7,"enemies":"3 Darklings","floor":36,"turns":7},{"damage":10,"enemies":"Maw","floor":37,"turns":10},{"damage":66,"enemies":"Writhing Mass","floor":38,"turns":3}],"seed_played":"-5748845810690826786","potions_obtained":[{"floor":3,"key":"AttackPotion"},{"floor":12,"key":"SteroidPotion"},{"floor":23,"key":"FocusPotion"},{"floor":27,"key":"Ancient Potion"},{"floor":30,"key":"Explosive Potion"},{"floor":31,"key":"Explosive Potion"}],"is_trial":false,"path_per_floor":["M","M","M","?","$","R","?","R","T","E","R","E","$","M","R","B",null,"M","M","M","M","?","E","$","?","T","E","R","$","M","E","R","B",null,"M","M","M","M"],"character_chosen":"DEFECT","items_purchased":["FocusPotion","Compile Driver","Steam","Loop+1","Glacier"],"campfire_rested":4,"item_purchase_floors":[5,13,13,24,29],"current_hp_per_floor":[47,41,39,28,28,50,35,57,57,47,47,34,49,43,43,15,63,63,47,37,37,44,28,43,43,43,8,35,50,32,14,41,14,73,71,66,56,0,0],"gold":235,"neow_bonus":"THREE_RARE_CARDS","is_daily":false,"chose_seed":false,"campfire_upgraded":2,"win_rate":0.0,"timestamp":1608619979,"path_taken":["M","M","M","?","$","R","?","R","T","E","R","E","?","M","R","BOSS","M","M","M","M","?","E","$","?","T","E","R","?","M","E","R","BOSS","M","M","M","M"],"items_purchased_type":["Potion","Card","Card","Card","Card"],"build_version":"2020-12-13","purchased_purges":1,"victory":false,"max_hp_per_floor":[75,75,75,75,75,75,75,75,75,75,75,77,77,77,77,79,79,81,81,83,83,90,90,90,90,90,92,92,92,92,92,92,92,92,94,96,96,96,96],"card_choices":[{"not_picked":["Reboot","Amplify"],"picked":"Seek","floor":0},{"not_picked":["Beam Cell","Stack"],"picked":"Ball Lightning","floor":1},{"not_picked":["Undo","Rebound","Steam"],"picked":"SKIP","floor":2},{"not_picked":["FTL","Scrape"],"picked":"Ball Lightning","floor":3},{"not_picked":["Rebound","Coolheaded"],"picked":"Defragment","floor":10},{"not_picked":["Redo","Barrage","Go for the Eyes"],"picked":"Singing Bowl","floor":12},{"not_picked":["Turbo","Redo"],"picked":"Sweeping Beam","floor":14},{"not_picked":["Echo Form","Creative AI","All For One"],"picked":"Singing Bowl","floor":16},{"not_picked":["Sunder","Compile Driver","Capacitor+1"],"picked":"Singing Bowl","floor":18},{"not_picked":["Skim","Sweeping Beam"],"picked":"Static Discharge","floor":19},{"not_picked":["Hologram+1","Static Discharge","Doom and Gloom"],"picked":"Singing Bowl","floor":20},{"not_picked":["Sweeping Beam+1","Static Discharge"],"picked":"Auto Shields+1","floor":21},{"not_picked":["Stack","Barrage"],"picked":"Defragment+1","floor":23},{"not_picked":["Recycle+1","Rebound","Consume"],"picked":"Singing Bowl","floor":27},{"not_picked":["Gash+1","Skim"],"picked":"Cold Snap","floor":30},{"not_picked":["Fusion+1","Blizzard"],"picked":"Leap","floor":31},{"not_picked":["Seek","Echo Form+1"],"picked":"Buffer+1","floor":33},{"not_picked":["Leap+1","Compile Driver","Barrage"],"picked":"Singing Bowl","floor":35},{"not_picked":["Stack+1","Auto Shields","Blizzard+1"],"picked":"Singing Bowl","floor":36},{"not_picked":["Ball Lightning","Streamline"],"picked":"Conserve Battery+1","floor":37}],"player_experience":1086138,"relics_obtained":[{"floor":9,"key":"Bag of Preparation"},{"floor":10,"key":"MealTicket"},{"floor":12,"key":"Singing Bowl"},{"floor":23,"key":"Frozen Egg 2"},{"floor":26,"key":"White Beast Statue"},{"floor":27,"key":"Potion Belt"},{"floor":31,"key":"Bottled Lightning"}],"event_choices":[{"damage_healed":0,"gold_gain":75,"player_choice":"Gather Gold","damage_taken":11,"max_hp_gain":0,"max_hp_loss":0,"event_name":"World of Goop","floor":4,"gold_loss":0},{"damage_healed":0,"gold_gain":0,"player_choice":"Entered Light","damage_taken":15,"max_hp_gain":0,"max_hp_loss":0,"event_name":"Shining Light","floor":7,"gold_loss":0,"cards_upgraded":["Ball Lightning","Strike_B"]},{"damage_healed":0,"gold_gain":0,"player_choice":"Obtained Relic","damage_taken":0,"relics_obtained":["Strawberry"],"max_hp_gain":0,"max_hp_loss":0,"event_name":"Addict","floor":22,"gold_loss":85},{"damage_healed":0,"gold_gain":0,"player_choice":"Simplicity","damage_taken":0,"max_hp_gain":0,"max_hp_loss":0,"event_name":"Back to Basics","floor":25,"gold_loss":0,"cards_upgraded":["Strike_B","Strike_B","Defend_B","Defend_B","Defend_B","Defend_B"]}],"is_beta":false,"boss_relics":[{"not_picked":["Busted Crown","Snecko Eye"],"picked":"SlaversCollar"},{"not_picked":["FrozenCore","Fusion Hammer"],"picked":"Sozu"}],"items_purged_floors":[5],"is_endless":false,"potions_floor_spawned":[3,12,14,19,23,27,30,31,33,35,36,37],"killed_by":"Writhing Mass","ascension_level":6}}