{"host":"ik8ww1p4uabx5gam","time":1608606379,"event":{"mods":["Always Whale","Aspiration","BaseMod","Better Third Choice","BetterRewards","Colored Map","Conspire","Energized Spire","FetchMod","Hubris","Infinite Spire","Jedi Mod","Minty Spire (QoL Compilation)","Random Character Button","Replay The Spire","Shop Mod","Spicy Shops","Spikes Relics","StSLib","The Blue Laboratory","Wandering Minibosses"],"gold_per_floor":[114,134,134,150,274,274,301,480,480,509,521,521,540,570,570,669,669,685,685,698,715,732,732,732,759,759,965,965],"floor_reached":27,"playtime":1457,"items_purged":[],"score":454,"play_id":"7cb43e72-929c-48d1-a9da-a4803e6f4325","local_time":"20201221210619","is_ascension_mode":true,"campfire_choices":[{"data":"Eruption","floor":6,"key":"SMITH"},{"data":"ClearTheMind","floor":12,"key":"SMITH"},{"floor":15,"key":"DIG"}],"circlet_count":0,"master_deck":["Strike_P","Strike_P","Strike_P","Defend_P","Defend_P","Defend_P","Eruption+1","Vigilance","Discovery","Fasting2","Halt","MentalFortress","FlurryOfBlows","FlurryOfBlows","JustLucky","BattleHymn","FlurryOfBlows","Replay:Vibes","ClearTheMind+1","Protect","Alpha","Evaluate","Scrawl","Perseverance+1","infinitespire:Starlight","WheelKick"],"relics":["PureWater","Pet Ghost","CloakClasp","hubris:SphereOfDissonance","PreservedInsect","hubris:ToyBattleship","infinitespire:Lychee Nut","infinitespire:CheckeredPen","Shuriken","ReplayTheSpireMod:DimensionalGlitch","hubris:KleinBottle","hubris:Towel","infinitespire:Lucky Rock","hubris:DisguiseKit"],"acts_visited":["Exordium","TheCity"],"potions_floor_usage":[5,7,7,27],"damage_taken":[{"damage":0,"enemies":"Small Slimes","floor":1,"turns":3},{"damage":2,"enemies":"Cultist","floor":2,"turns":4},{"damage":0,"enemies":"Jaw Worm","floor":4,"turns":3},{"damage":2,"enemies":"2 Fungi Beasts","floor":5,"turns":6},{"damage":0,"enemies":"3 Sentries","floor":7,"turns":4},{"damage":0,"enemies":"Large Slime","floor":8,"turns":5},{"damage":0,"enemies":"Lagavulin","floor":10,"turns":2},{"damage":0,"enemies":"Exordium Thugs","floor":11,"turns":3},{"damage":0,"enemies":"Blue Slaver","floor":13,"turns":4},{"damage":0,"enemies":"Gremlin Nob","floor":14,"turns":2},{"damage":19,"enemies":"Hexaghost","floor":16,"turns":5},{"damage":0,"enemies":"Spheric Guardian","floor":18,"turns":4},{"damage":0,"enemies":"Chosen","floor":20,"turns":2},{"damage":0,"enemies":"Shelled Parasite and Fungi","floor":21,"turns":3},{"damage":4,"enemies":"Chosen and Byrds","floor":22,"turns":7},{"damage":21,"enemies":"Gremlin Leader","floor":25,"turns":4},{"damage":31,"enemies":"Centurion and Healer","floor":27,"turns":4}],"seed_played":"5600312802234076318","potions_obtained":[{"floor":1,"key":"GamblersBrew"},{"floor":4,"key":"blueLaboratory:EpiphanyPotion"},{"floor":5,"key":"Adrenaline Potion"},{"floor":13,"key":"jedi:wingpotion"},{"floor":14,"key":"BlessingOfTheForge"},{"floor":21,"key":"blueLaboratory:BottleOfRum"}],"is_trial":false,"path_per_floor":["M","M","?","M","M","R","E","M","T","E","M","R","M","E","R_BF","B",null,"M","?","M","M","M","$","?","E","T","M"],"character_chosen":"WATCHER","items_purchased":["Pet Ghost","CloakClasp","hubris:SphereOfDissonance","Discovery","Fasting2","Halt","hubris:KleinBottle"],"campfire_rested":0,"item_purchase_floors":[0,0,0,0,0,0,23],"current_hp_per_floor":[37,35,35,35,33,33,33,33,33,33,38,38,44,47,47,34,54,54,54,54,54,52,33,33,21,21,0,0],"gold":965,"neow_bonus":"","is_daily":false,"chose_seed":false,"campfire_upgraded":2,"win_rate":0.0,"timestamp":1608606379,"path_taken":["M","M","?","?","M","R","E","M","T","E","?","R","?","E","R_BF","BOSS","M","?","M","?","M","?","?","E","T","?"],"items_purchased_type":["Relic","Relic","Relic","Card","Card","Card","Relic"],"build_version":"2020-12-13","purchased_purges":0,"victory":false,"max_hp_per_floor":[72,72,72,72,72,72,72,72,72,54,54,54,54,54,54,54,54,54,54,54,54,54,54,54,54,54,54,54],"card_choices":[{"not_picked":["Sanctity","FlyingSleeves"],"picked":"MentalFortress","floor":1},{"not_picked":["Protect","PathToVictory"],"picked":"FlurryOfBlows","floor":2},{"not_picked":["ClearTheMind","Consecrate"],"picked":"FlurryOfBlows","floor":4},{"not_picked":["CarveReality","Replay:BluntJabs"],"picked":"JustLucky","floor":5},{"not_picked":["WreathOfFlame","Conclude"],"picked":"BattleHymn","floor":7},{"not_picked":["MentalFortress","PathToVictory"],"picked":"FlurryOfBlows","floor":8},{"not_picked":["BowlingBash","CutThroughFate"],"picked":"Replay:Vibes","floor":10},{"not_picked":["Crescendo","InnerPeace"],"picked":"ClearTheMind","floor":11},{"not_picked":["Halt","MentalFortress","Wireheading"],"picked":"SKIP","floor":13},{"not_picked":["ThirdEye","Weave"],"picked":"Protect","floor":14},{"not_picked":["Replay:AllIn","Judgement"],"picked":"Alpha","floor":16},{"not_picked":["EmptyBody","Pray"],"picked":"Evaluate","floor":18},{"not_picked":["Pray","ThirdEye+1","InnerPeace"],"picked":"SKIP","floor":20},{"not_picked":["Replay:BluntJabs","LikeWater"],"picked":"Perseverance+1","floor":21},{"not_picked":["CrushJoints","Replay:Vibes","EmptyFist"],"picked":"SKIP","floor":22},{"not_picked":["ReplayTheSpireMod:??????????????????????","hubris:Rewind"],"picked":"infinitespire:Starlight","floor":23},{"not_picked":["Replay:BluntJabs","ClearTheMind"],"picked":"WheelKick","floor":25}],"player_experience":902701,"relics_obtained":[{"floor":7,"key":"PreservedInsect"},{"floor":9,"key":"hubris:ToyBattleship"},{"floor":10,"key":"infinitespire:Lychee Nut"},{"floor":14,"key":"infinitespire:CheckeredPen"},{"floor":15,"key":"Shuriken"},{"floor":25,"key":"infinitespire:Lucky Rock"},{"floor":26,"key":"hubris:DisguiseKit"}],"event_choices":[{"cards_removed":["Defend_P"],"damage_healed":0,"gold_gain":0,"player_choice":"Purged","damage_taken":0,"max_hp_gain":0,"max_hp_loss":0,"event_name":"Purifier","floor":3,"gold_loss":0},{"damage_healed":0,"gold_gain":0,"cards_transformed":["Strike_P"],"player_choice":"Transformed","damage_taken":0,"max_hp_gain":0,"max_hp_loss":0,"event_name":"Transmorgrifier","floor":19,"gold_loss":0,"cards_obtained":["Scrawl"]}],"is_beta":false,"boss_relics":[{"not_picked":["Kintsugi","hubris:GrandSneckoEye"],"picked":"ReplayTheSpireMod:DimensionalGlitch"}],"items_purged_floors":[],"is_endless":false,"potions_floor_spawned":[1,4,5,13,14,21],"killed_by":"Centurion and Healer","ascension_level":1}}