{"host":"og6lam4kt3nibbw0","time":1608663547,"event":{"mods":["AchievementEnabler","BaseMod","Colored Map","DeckTracker","Highlight Path","Keyboard Shortcuts","Minty Spire (QoL Compilation)","Permanent Neow","Quick Restart","StSLib","SuperFastMode"],"gold_per_floor":[118,135,135,135,160,160,174,174,174,174,195,218,238,268,268,367,367,386,406,406,430,430,430,451,149,217,217,217,217],"floor_reached":28,"playtime":1201,"items_purged":["Defend_B"],"score":424,"play_id":"973b1ea9-3a59-4269-b066-50eccf4b3bed","local_time":"20201223035907","is_ascension_mode":true,"campfire_choices":[{"data":"Dualcast","floor":6.0,"key":"SMITH"},{"data":"Aggregate","floor":8.0,"key":"SMITH"},{"data":"Zap","floor":10.0,"key":"SMITH"},{"data":"Echo Form","floor":15.0,"key":"SMITH"},{"data":"Creative AI","floor":23.0,"key":"SMITH"},{"floor":27,"key":"REST"}],"circlet_count":0,"master_deck":["AscendersBane","Strike_B","Strike_B","Defend_B","Zap+1","Dualcast+1","Leap","Coolheaded","Aggregate+1","Self Repair","Go for the Eyes","Echo Form+1","Conserve Battery","Creative AI+1","Cold Snap+1","Hello World+1","Skim+1","Hologram","Steam Power","Storm","Thunder Strike","Turbo"],"relics":["Cracked Core","Blood Vial","Golden Idol","Pantograph","Nloth\u0027s Gift","Runic Capacitor","Ornamental Fan"],"acts_visited":["TheCity"],"potions_floor_usage":[24],"damage_taken":[{"damage":4.0,"enemies":"Jaw Worm","floor":1.0,"turns":3.0},{"damage":8.0,"enemies":"2 Louse","floor":2.0,"turns":2.0},{"damage":0.0,"enemies":"Cultist","floor":5.0,"turns":4.0},{"damage":4.0,"enemies":"Looter","floor":7.0,"turns":4.0},{"damage":2.0,"enemies":"Large Slime","floor":11.0,"turns":8.0},{"damage":0.0,"enemies":"3 Louse","floor":12.0,"turns":4.0},{"damage":25.0,"enemies":"Lots of Slimes","floor":13.0,"turns":5.0},{"damage":35.0,"enemies":"The Guardian","floor":16.0,"turns":11.0},{"damage":11.0,"enemies":"3 Byrds","floor":18.0,"turns":6.0},{"damage":28.0,"enemies":"Shell Parasite","floor":19.0,"turns":6.0},{"damage":21.0,"enemies":"Shelled Parasite and Fungi","floor":21.0,"turns":11.0},{"damage":34,"enemies":"Cultist and Chosen","floor":24,"turns":6},{"damage":58,"enemies":"Colosseum Slavers","floor":28,"turns":3}],"seed_played":"8820071959279992349","potions_obtained":[{"floor":1.0,"key":"Ancient Potion"},{"floor":5.0,"key":"CultistPotion"},{"floor":13.0,"key":"Energy Potion"},{"floor":16.0,"key":"Explosive Potion"},{"floor":21.0,"key":"Regen Potion"},{"floor":24,"key":"Ancient Potion"}],"is_trial":false,"path_per_floor":["M","M","?","?","M","R","M","R","T","R","M","M","M","?","R","B",null,"M","M","?","M","?","R","M","$","T","R","?"],"character_chosen":"DEFECT","items_purchased":["Runic Capacitor","Turbo"],"campfire_rested":1,"item_purchase_floors":[25,25],"current_hp_per_floor":[62,56,56,56,58,58,56,56,56,56,63,64,46,46,46,36,57,55,36,36,31,31,31,20,20,20,39,0,0],"gold":217,"neow_bonus":"RANDOM_COMMON_RELIC","is_daily":false,"chose_seed":false,"campfire_upgraded":5,"win_rate":0.0,"timestamp":1608663547,"path_taken":["M","M","?","?","M","R","M","R","T","R","M","?","M","?","R","BOSS","M","M","?","M","?","R","?","$","T","R","?"],"items_purchased_type":["Relic","Card"],"build_version":"2020-12-13","purchased_purges":1,"victory":false,"max_hp_per_floor":[71,71,64,64,64,64,64,64,64,64,64,64,64,64,64,64,64,64,64,64,64,64,64,64,64,64,64,64,64],"card_choices":[{"not_picked":["BootSequence","Beam Cell"],"picked":"Leap","floor":1.0},{"not_picked":["Cold Snap","Steam"],"picked":"Coolheaded","floor":2.0},{"not_picked":["Chaos","Compile Driver"],"picked":"Aggregate","floor":5.0},{"not_picked":["Capacitor","Gash"],"picked":"Self Repair","floor":7.0},{"not_picked":["Leap","Stack"],"picked":"Go for the Eyes","floor":11.0},{"not_picked":["Streamline","Coolheaded"],"picked":"Echo Form","floor":12.0},{"not_picked":["Compile Driver","Redo"],"picked":"Conserve Battery","floor":13.0},{"not_picked":["Fission","Echo Form"],"picked":"Creative AI","floor":16.0},{"not_picked":["Go for the Eyes","Conserve Battery"],"picked":"Hologram","floor":18.0},{"not_picked":["FTL","Stack"],"picked":"Steam Power","floor":19.0},{"not_picked":["Ball Lightning","Rebound","Reinforced Body"],"picked":"SKIP","floor":21.0},{"not_picked":["Beam Cell","Steam Power"],"picked":"Thunder Strike","floor":24}],"player_experience":821788,"relics_obtained":[{"floor":9.0,"key":"Pantograph"},{"floor":26,"key":"Ornamental Fan"}],"event_choices":[{"damage_healed":0.0,"max_hp_gain":0.0,"max_hp_loss":7.0,"gold_gain":0.0,"event_name":"Golden Idol","player_choice":"Lose Max HP","floor":3.0,"gold_loss":0.0,"damage_taken":0.0,"relics_obtained":["Golden Idol"]},{"cards_removed":["Defend_B"],"damage_healed":0.0,"max_hp_gain":0.0,"max_hp_loss":0.0,"gold_gain":0.0,"event_name":"Purifier","player_choice":"Purged","floor":4.0,"gold_loss":0.0,"damage_taken":0.0},{"damage_healed":0.0,"max_hp_gain":0.0,"max_hp_loss":0.0,"gold_gain":30.0,"event_name":"Dead Adventurer","player_choice":"Searched \u00272\u0027 times","floor":14.0,"gold_loss":0.0,"damage_taken":0.0},{"damage_healed":0.0,"max_hp_gain":0.0,"max_hp_loss":0.0,"gold_gain":0.0,"event_name":"The Library","player_choice":"Read","floor":20.0,"gold_loss":0.0,"damage_taken":0.0,"cards_obtained":["Storm"]},{"damage_healed":0.0,"max_hp_gain":0.0,"max_hp_loss":0.0,"gold_gain":0.0,"event_name":"N\u0027loth","player_choice":"Traded Relic","floor":22.0,"relics_lost":["Astrolabe"],"gold_loss":0.0,"damage_taken":0.0,"relics_obtained":["Nloth\u0027s Gift"]},{"damage_healed":0,"gold_gain":0,"player_choice":"Fight","damage_taken":0,"max_hp_gain":0,"max_hp_loss":0,"event_name":"Colosseum","floor":28,"gold_loss":0}],"is_beta":false,"boss_relics":[{"not_picked":["Runic Dome","Ectoplasm"],"picked":"Astrolabe"}],"items_purged_floors":[25],"is_endless":false,"potions_floor_spawned":[1,5,13,16,21,24],"killed_by":"Colosseum Slavers","ascension_level":20}}