{"host":"adv1uqz3812gqgbw","time":1608621165,"event":{"mods":["BaseMod","Better Note","Better Third Choice","Colored Powertips","Custom Start","Dio Mod","Minty Spire (QoL Compilation)","StSLib","The Runesmith","Uncapped"],"gold_per_floor":[426,181,37,53,64,64,89,89,140,174,208,208,240,1,1,100,100,115,126,126,23,23,58,75,75,123,123,123,123,205,60,60,161,161,179,3,19,28,55,86,81,81,106,136,136,164,164,164,164,164],"floor_reached":51,"playtime":1573,"items_purged":["Runesmith:HeatExchange+1","Runesmith:HeatExchange+1"],"score":1321,"play_id":"b5ea50eb-21d1-4214-8780-f94c16968dcd","local_time":"20201222051245","daily_mods":["SealedDeck","Vintage","Colorless Cards","Time Dilation","Flight"],"is_ascension_mode":false,"campfire_choices":[{"data":"1","floor":6,"key":"LIFT"},{"data":"2","floor":8,"key":"LIFT"},{"data":"3","floor":12,"key":"LIFT"},{"floor":15,"key":"DIG"},{"floor":28,"key":"DIG"},{"data":"Dark Shackles+1","floor":32,"key":"PURGE"},{"floor":45,"key":"DIG"},{"floor":47,"key":"DIG"},{"floor":49,"key":"DIG"}],"circlet_count":12,"master_deck":["Panache+1","Master of Strategy+1","Blind+1","Anger+1","dioMod:Muda+1","dioMod:Muda+1","Flash of Steel+1","Trip+1","Panache+1","Deep Breath+1","Dramatic Entrance+1","Runesmith:Refine+1"],"relics":["Burning Blood","Anchor","Ancient Tea Set","Bag of Marbles","Bronze Scales","Brimstone","Runesmith:BrokenRuby","Black Star","Blood Vial","Runesmith:AutoHammer","Bag of Preparation","Damaru","Runic Pyramid","PreservedInsect","Strawberry","Vajra","Unceasing Top","TwistedFunnel","WristBlade","Turnip","TungstenRod","Old Coin","Membership Card","Lizard Tail","Mercury Hourglass","Letter Opener","Runesmith:Nanobots","Potion Belt","Pear","Question Card","PureWater","Lee\u0027s Waffle","Lantern","The Courier","Frozen Eye","FossilizedHelix","Smiling Mask","Boot","Toxic Egg 2","Mango","Pen Nib","Molten Egg 2","Frozen Egg 2","SacredBark","Shuriken","Shovel","Singing Bowl","SlaversCollar","Sling","Snake Skull","Thread and Needle","The Specimen","White Beast Statue","Toolbox","Strange Spoon","Orichalcum","Meat on the Bone","MealTicket","MawBank","Matryoshka","Kunai","Nunchaku","Peace Pipe","Runic Cube","CaptainsWheel","HornCleat","Happy Flower","HandDrill","Gremlin Horn","Girya","Ice Cream","Medical Kit","dioMod:VampireBlood","Omamori","Akabeko","DollysMirror","Whetstone","War Paint","Bottled Lightning","Bird Faced Urn","Regal Pillow","Dream Catcher","Red Skull","Tiny Chest","Champion Belt","Self Forming Clay","Juzu Bracelet","Pocketwatch","Oddly Smooth Stone","Paper Frog","Mummified Hand","Runic Pyramid","Blue Candle","Centennial Puzzle","CeramicFish","StrikeDummy","MutagenicStrength","Eternal Feather","Darkstone Periapt","Ornamental Fan","Bottled Flame","Pantograph","Calipers","Prayer Wheel","Runic Cube","Incense Burner","Ginger","TheAbacus","Circlet","WarpedTongs"],"acts_visited":["Exordium","TheCity","TheBeyond"],"potions_floor_usage":[13],"damage_taken":[{"damage":0,"enemies":"Jaw Worm","floor":1,"turns":1},{"damage":0,"enemies":"Cultist","floor":4,"turns":1},{"damage":0,"enemies":"2 Louse","floor":5,"turns":1},{"damage":0,"enemies":"3 Sentries","floor":7,"turns":1},{"damage":0,"enemies":"Gremlin Nob","floor":10,"turns":1},{"damage":0,"enemies":"Lagavulin","floor":11,"turns":1},{"damage":0,"enemies":"3 Sentries","floor":13,"turns":1},{"damage":0,"enemies":"Hexaghost","floor":16,"turns":1},{"damage":0,"enemies":"Shell Parasite","floor":18,"turns":1},{"damage":0,"enemies":"2 Thieves","floor":19,"turns":1},{"damage":0,"enemies":"Slavers","floor":23,"turns":1},{"damage":0,"enemies":"Cultist and Chosen","floor":24,"turns":1},{"damage":0,"enemies":"Champ","floor":33,"turns":1},{"damage":0,"enemies":"3 Darklings","floor":35,"turns":1},{"damage":0,"enemies":"Orb Walker","floor":37,"turns":1},{"damage":0,"enemies":"Reptomancer","floor":40,"turns":1},{"damage":0,"enemies":"Nemesis","floor":44,"turns":1},{"damage":0,"enemies":"Reptomancer","floor":46,"turns":1},{"damage":0,"enemies":"Donu and Deca","floor":50,"turns":1}],"seed_played":"658690684049818522","potions_obtained":[{"floor":1,"key":"GamblersBrew"},{"floor":4,"key":"FairyPotion"},{"floor":5,"key":"FearPotion"},{"floor":7,"key":"Weak Potion"},{"floor":10,"key":"EssenceOfSteel"},{"floor":13,"key":"Fruit Juice"},{"floor":16,"key":"FairyPotion"},{"floor":19,"key":"Energy Potion"},{"floor":33,"key":"Strength Potion"},{"floor":46,"key":"SkillPotion"}],"is_trial":true,"path_per_floor":["M","$","$","M","M","R","E","R","T","E","E","R","E","$","R","B",null,"M","M","?","$","?","E","M","?","T","T","R","?","T","$","R","B",null,"M","$","M","?","T","E","$","?","T","E","R","E","R","?","R","B",null],"character_chosen":"IRONCLAD","items_purchased":["Runesmith:HeatExchange+1","Dark Shackles+1","Panache+1","Master of Strategy+1","Blind+1","Runesmith:HeatExchange+1","Anger+1","dioMod:Muda+1","DollysMirror","Oddly Smooth Stone","Paper Frog","Regen Potion","Trip+1","Panache+1","Prayer Wheel","Deep Breath+1","Ginger","TheAbacus","Runesmith:Refine+1"],"campfire_rested":0,"item_purchase_floors":[2,2,2,2,2,2,3,3,3,14,14,14,21,21,31,31,36,36,41],"current_hp_per_floor":[118,118,118,118,118,118,120,120,120,122,124,124,134,134,134,136,136,136,136,136,136,136,138,138,138,138,138,138,138,138,138,138,140,140,140,140,140,140,140,142,142,142,142,144,144,146,146,146,146,146],"gold":164,"neow_bonus":"","is_daily":false,"chose_seed":false,"campfire_upgraded":0,"win_rate":0.0,"timestamp":1608621165,"path_taken":["M","$","$","M","M","R","E","R","T","E","E","R","E","$","R","BOSS","M","M","?","$","?","E","M","?","T","?","R","?","?","$","R","BOSS","M","$","M","?","?","E","$","?","T","E","R","E","R","?","R","BOSS"],"items_purchased_type":["Card","Card","Card","Card","Card","Card","Card","Card","Relic","Relic","Relic","Potion","Card","Card","Relic","Card","Relic","Relic","Card"],"build_version":"2020-12-13","purchased_purges":2,"victory":true,"max_hp_per_floor":[118,118,118,118,118,118,120,120,120,122,124,124,134,134,134,136,136,136,136,136,136,136,138,138,138,138,138,138,138,138,138,138,140,140,140,140,140,140,140,142,142,142,142,144,144,146,146,146,146,146],"card_choices":[{"not_picked":["Sword Boomerang+1","Runesmith:DoubleUp+1","dioMod:TripleThreat+1","dioMod:VengefulMuda+1"],"picked":"Singing Bowl","floor":7},{"not_picked":["dioMod:WRYYY","Dual Wield+1","Bludgeon+1","dioMod:VengefulMuda+1"],"picked":"Singing Bowl","floor":10},{"not_picked":["dioMod:VengefulMuda+1","HandOfGreed+1","Purity+1","Runesmith:PerfectChisel+1"],"picked":"Singing Bowl","floor":11},{"not_picked":["Runesmith:Accelerate+1","Runesmith:CraftMagma+1","Runesmith:NegativeSpace+1"],"picked":"Flash of Steel+1","floor":13},{"not_picked":["dioMod:Despair+1","Runesmith:FissionHammer+1","Juggernaut+1","dioMod:Pluck+1"],"picked":"Singing Bowl","floor":16},{"not_picked":["Runesmith:CraftProtectio+1","dioMod:BloodShield+1","Infernal Blade+1","dioMod:BloodSuck+1"],"picked":"Singing Bowl","floor":23},{"not_picked":["Brutality+1","The Bomb+1","Runesmith:ArcReactor+1","Transmutation+1"],"picked":"Singing Bowl","floor":33},{"not_picked":["Chrysalis+1","Swift Strike+1","Purity+1"],"picked":"Dramatic Entrance+1","floor":38},{"not_picked":["Thunderclap+1","dioMod:DisarmingVoice+1","Panacea+1","Runesmith:CraftSpiculum+1"],"picked":"Singing Bowl","floor":40},{"not_picked":["Perfected Strike+1","Runesmith:FrozenChisel+1","Runesmith:Overpower+1","Flex+1"],"picked":"Singing Bowl","floor":44},{"not_picked":["Bloodletting+1","Runesmith:Overpower+1","Flame Barrier+1","Master of Strategy+1"],"picked":"Singing Bowl","floor":46}],"player_experience":296934,"relics_obtained":[{"floor":1,"key":"Akabeko"},{"floor":4,"key":"Whetstone"},{"floor":5,"key":"War Paint"},{"floor":7,"key":"Bottled Lightning"},{"floor":7,"key":"Bird Faced Urn"},{"floor":9,"key":"Regal Pillow"},{"floor":9,"key":"Dream Catcher"},{"floor":10,"key":"Red Skull"},{"floor":10,"key":"Tiny Chest"},{"floor":11,"key":"Champion Belt"},{"floor":11,"key":"Self Forming Clay"},{"floor":13,"key":"Juzu Bracelet"},{"floor":13,"key":"Pocketwatch"},{"floor":15,"key":"Mummified Hand"},{"floor":18,"key":"Blue Candle"},{"floor":23,"key":"Centennial Puzzle"},{"floor":23,"key":"CeramicFish"},{"floor":24,"key":"StrikeDummy"},{"floor":26,"key":"Eternal Feather"},{"floor":26,"key":"Darkstone Periapt"},{"floor":27,"key":"Ornamental Fan"},{"floor":28,"key":"Bottled Flame"},{"floor":30,"key":"Calipers"},{"floor":35,"key":"Incense Burner"},{"floor":37,"key":"Circlet"},{"floor":39,"key":"Circlet"},{"floor":40,"key":"Circlet"},{"floor":40,"key":"Circlet"},{"floor":43,"key":"Circlet"},{"floor":44,"key":"Circlet"},{"floor":44,"key":"Circlet"},{"floor":45,"key":"Circlet"},{"floor":46,"key":"Circlet"},{"floor":46,"key":"Circlet"},{"floor":47,"key":"Circlet"},{"floor":49,"key":"Circlet"}],"event_choices":[{"cards_removed":["Panache"],"damage_healed":0,"gold_gain":0,"player_choice":"Give","damage_taken":0,"max_hp_gain":0,"max_hp_loss":0,"event_name":"betterNote:BetterNote","floor":20,"gold_loss":0,"cards_obtained":["None"]},{"damage_healed":0,"gold_gain":0,"player_choice":"Ignored","damage_taken":0,"max_hp_gain":0,"max_hp_loss":0,"event_name":"Ghosts","floor":22,"gold_loss":0},{"damage_healed":0,"gold_gain":0,"player_choice":"Inject Mutagens","damage_taken":0,"relics_obtained":["MutagenicStrength"],"max_hp_gain":0,"max_hp_loss":0,"event_name":"Drug Dealer","floor":25,"gold_loss":0},{"damage_healed":0,"gold_gain":0,"player_choice":"Opened","damage_taken":0,"relics_obtained":["Pantograph"],"max_hp_gain":0,"max_hp_loss":0,"event_name":"The Mausoleum","floor":29,"gold_loss":0},{"damage_healed":0,"gold_gain":0,"player_choice":"Memory 1","damage_taken":0,"max_hp_gain":0,"max_hp_loss":0,"event_name":"SensoryStone","floor":38,"gold_loss":0},{"damage_healed":0,"gold_gain":0,"player_choice":"Rummage","damage_taken":0,"relics_obtained":["WarpedTongs"],"max_hp_gain":0,"max_hp_loss":0,"event_name":"Accursed Blacksmith","floor":42,"gold_loss":0,"cards_obtained":["Pain"]},{"damage_healed":0,"gold_gain":0,"player_choice":"Ignored","damage_taken":0,"max_hp_gain":0,"max_hp_loss":0,"event_name":"Transmorgrifier","floor":48,"gold_loss":0}],"is_beta":false,"boss_relics":[{"not_picked":["Philosopher\u0027s Stone","SacredBark"],"picked":"Runic Pyramid"},{"not_picked":["Empty Cage","Calling Bell"],"picked":"Runic Cube"}],"items_purged_floors":[3,14],"is_endless":false,"potions_floor_spawned":[1,4,5,7,10,11,13,16,18,19,23,24,33,35,37,40,44,46],"ascension_level":0}}