{"host":"llpusn9usp8rznkj","time":1608610413,"event":{"mods":["2.2 Compatiblity","Aspiration","BaseMod","Colored Map","Colored Powertips","Conspire","Hubris","Minty Spire (QoL Compilation)","Quick Restart","Rare Cards Sparkle","Replay The Spire","StSLib","The Cursed"],"gold_per_floor":[116,116,141,153,168,193,193,143,143,181,236,254,254,298,298,323,323],"floor_reached":16,"playtime":812,"items_purged":[],"score":185,"play_id":"4fe8ac7b-b6e4-4471-b368-e6bea1c42403","local_time":"20201221231333","is_ascension_mode":true,"campfire_choices":[{"data":"Eruption","floor":7,"key":"SMITH"},{"data":"CutThroughFate","floor":15,"key":"SMITH"}],"circlet_count":0,"master_deck":["Strike_P","Strike_P","Strike_P","Defend_P","Defend_P","Defend_P","Defend_P","Eruption+1","Vigilance","CrushJoints","Replay:Battleflow","EmptyBody","PathToVictory","conspire:SpireCoStock","Study","CutThroughFate+1","Protect"],"relics":["PureWater","NeowsBlessing","Bag of Preparation","StoneCalendar","Replay:Accelerometer","ReplayTheSpireMod:Shallot","hubris:DisguiseKit","aspiration:BabyByrd","Ornamental Fan"],"acts_visited":["Exordium"],"potions_floor_usage":[6,10,10,14,16],"damage_taken":[{"damage":0,"enemies":"2 Louse","floor":1,"turns":2},{"damage":0,"enemies":"Jaw Worm","floor":4,"turns":1},{"damage":0,"enemies":"Small Slimes","floor":5,"turns":1},{"damage":0,"enemies":"3 Sentries","floor":6,"turns":6},{"damage":0,"enemies":"Gremlin Nob","floor":10,"turns":2},{"damage":0,"enemies":"Looter","floor":12,"turns":3},{"damage":7,"enemies":"3 Sentries","floor":14,"turns":7},{"damage":44,"enemies":"The Guardian","floor":16,"turns":5}],"seed_played":"-875632923472432535","potions_obtained":[{"floor":4,"key":"BlessingOfTheForge"},{"floor":5,"key":"Cursed Concoction"},{"floor":6,"key":"Strength Potion"},{"floor":11,"key":"Block Potion"},{"floor":14,"key":"BottledMiracle"}],"is_trial":false,"path_per_floor":["M","?","T","M","M","E","R","?","T","E","?","M","?","E","R","B"],"character_chosen":"WATCHER","items_purchased":[],"campfire_rested":0,"item_purchase_floors":[],"current_hp_per_floor":[72,65,65,65,65,65,65,65,65,65,47,47,47,40,40,0,0],"gold":323,"neow_bonus":"THREE_ENEMY_KILL","is_daily":false,"chose_seed":false,"campfire_upgraded":2,"win_rate":0.0,"timestamp":1608610413,"path_taken":["M","?","?","M","M","E","R","?","T","E","?","M","?","E","R","BOSS"],"items_purchased_type":[],"build_version":"2020-12-13","purchased_purges":0,"victory":false,"max_hp_per_floor":[72,72,72,72,72,72,72,72,72,72,72,72,72,72,72,72,72],"card_choices":[{"not_picked":["TalkToTheHand","MentalFortress"],"picked":"CrushJoints","floor":1},{"not_picked":["Replay:ManipulateFuture","Conclude"],"picked":"Replay:Battleflow","floor":4},{"not_picked":["Halt","Vengeance"],"picked":"EmptyBody","floor":5},{"not_picked":["Replay:LoomingThreat","FlyingSleeves"],"picked":"PathToVictory","floor":6},{"not_picked":["EmptyBody","WreathOfFlame","SignatureMove"],"picked":"SKIP","floor":10},{"not_picked":["FlyingSleeves","Adaptation"],"picked":"Study","floor":11},{"not_picked":["Replay:Hum","Conclude","Outmaneuver"],"picked":"CutThroughFate","floor":12},{"not_picked":["EmptyFist","Replay:Hum","Cloak And Dagger"],"picked":"Protect","floor":14}],"player_experience":1112996,"relics_obtained":[{"floor":3,"key":"Bag of Preparation"},{"floor":6,"key":"StoneCalendar"},{"floor":9,"key":"Replay:Accelerometer"},{"floor":10,"key":"ReplayTheSpireMod:Shallot"},{"floor":11,"key":"hubris:DisguiseKit"},{"floor":14,"key":"Ornamental Fan"}],"event_choices":[{"cards_removed":["Strike_P"],"damage_healed":0,"gold_gain":0,"player_choice":"Card Removal","damage_taken":7,"max_hp_gain":0,"max_hp_loss":0,"event_name":"Golden Wing","floor":2,"gold_loss":0},{"damage_healed":0,"gold_gain":0,"player_choice":"Invest 1","damage_taken":0,"max_hp_gain":0,"max_hp_loss":0,"event_name":"conspire:Investor","floor":8,"gold_loss":0}],"is_beta":false,"boss_relics":[],"items_purged_floors":[],"is_endless":false,"potions_floor_spawned":[4,5,6,14],"killed_by":"The Guardian","ascension_level":2}}