{"host":"by8i6f8xc0ywpsd5","time":1608639183,"event":{"mods":["BaseMod","Colored Map","Minty Spire (QoL Compilation)","Relic Stats"],"gold_per_floor":[111,126,126,12,12,37,52,52,52,52,69,82,115,130,130,201,201,219,233,233,243,243,243,0,32,102,114,114,114],"floor_reached":28,"playtime":1663,"items_purged":["Strike_R","Strike_R"],"score":500,"play_id":"680eee88-de17-4229-9d7b-01a4de7dfd79","local_time":"20201222141303","is_ascension_mode":true,"campfire_choices":[{"data":"Combust","floor":8,"key":"SMITH"},{"data":"Bash","floor":10,"key":"SMITH"},{"data":"Rupture","floor":15,"key":"SMITH"},{"floor":23,"key":"REST"}],"circlet_count":0,"master_deck":["AscendersBane","Strike_R","Defend_R","Defend_R","Defend_R","Defend_R","Bash+1","Cleave","Hemokinesis","Combust+1","Impervious","Thunderclap","Shrug It Off","Rupture+1","Thunderclap","Impervious","Dropkick","Heavy Blade+1","Power Through","Battle Trance","Exhume"],"relics":["Burning Blood","Centennial Puzzle","Champion Belt","Ornamental Fan","Ice Cream","Black Star","Question Card","Incense Burner","HornCleat"],"acts_visited":["Exordium","TheCity"],"potions_floor_usage":[16,21,25,27,28],"damage_taken":[{"damage":11,"enemies":"Jaw Worm","floor":1,"turns":5},{"damage":1,"enemies":"Cultist","floor":2,"turns":3},{"damage":28,"enemies":"3 Sentries","floor":6,"turns":7},{"damage":2,"enemies":"Small Slimes","floor":7,"turns":4},{"damage":4,"enemies":"3 Louse","floor":11,"turns":3},{"damage":27,"enemies":"Exordium Thugs","floor":12,"turns":5},{"damage":26,"enemies":"Gremlin Nob","floor":13,"turns":4},{"damage":3,"enemies":"Blue Slaver","floor":14,"turns":4},{"damage":12,"enemies":"Hexaghost","floor":16,"turns":7},{"damage":34,"enemies":"Shell Parasite","floor":18,"turns":6},{"damage":8,"enemies":"3 Byrds","floor":19,"turns":5},{"damage":24,"enemies":"Snake Plant","floor":21,"turns":5},{"damage":27,"enemies":"Book of Stabbing","floor":25,"turns":6},{"damage":25,"enemies":"Cultist and Chosen","floor":27,"turns":6},{"damage":22,"enemies":"Shelled Parasite and Fungi","floor":28,"turns":7}],"seed_played":"-2873061787571907312","potions_obtained":[{"floor":6,"key":"BloodPotion"},{"floor":13,"key":"Energy Potion"},{"floor":14,"key":"Strength Potion"},{"floor":16,"key":"Dexterity Potion"},{"floor":27,"key":"BloodPotion"}],"is_trial":false,"path_per_floor":["M","M","?","$","?","E","M","R","T","R","M","M","E","M","R","B",null,"M","M","?","M","?","R","$","E","T","M","M"],"character_chosen":"IRONCLAD","items_purchased":["Combust","Battle Trance","SkillPotion"],"campfire_rested":1,"item_purchase_floors":[4,24,24],"current_hp_per_floor":[63,68,68,68,68,46,50,50,50,50,52,31,11,14,14,8,58,30,28,28,10,10,32,32,11,11,7,0,0],"gold":114,"neow_bonus":"RANDOM_COMMON_RELIC","is_daily":false,"chose_seed":false,"campfire_upgraded":3,"win_rate":0.0,"timestamp":1608639183,"path_taken":["M","M","?","?","?","E","M","R","T","R","M","M","E","M","R","BOSS","M","M","?","?","?","R","$","E","T","M","?"],"items_purchased_type":["Card","Card","Potion"],"build_version":"2020-12-13","purchased_purges":2,"victory":false,"max_hp_per_floor":[75,75,75,75,75,75,75,75,75,75,75,75,75,75,75,75,75,75,75,75,75,75,75,75,75,75,75,75,75],"relic_stats":{"Centennial Puzzle":[45],"counters":[15,77],"Ornamental Fan":[28],"Black Star":1,"Champion Belt":[44],"Question Card":1,"obtain_stats":[{"Ice Cream":13,"Centennial Puzzle":0,"HornCleat":26,"Ornamental Fan":9,"Black Star":17,"Incense Burner":25,"Champion Belt":6,"Question Card":25,"Burning Blood":0},{"Ice Cream":7,"Centennial Puzzle":0,"HornCleat":13,"Ornamental Fan":4,"Black Star":9,"Incense Burner":13,"Champion Belt":3,"Question Card":13,"Burning Blood":0},{"Ice Cream":31,"Centennial Puzzle":0,"HornCleat":64,"Ornamental Fan":19,"Black Star":42,"Incense Burner":64,"Champion Belt":15,"Question Card":64,"Burning Blood":0}],"Burning Blood":84},"card_choices":[{"not_picked":["Wild Strike","Power Through"],"picked":"Cleave","floor":1},{"not_picked":["Twin Strike","Flame Barrier"],"picked":"Hemokinesis","floor":2},{"not_picked":["Rage","Bloodletting","Flex"],"picked":"SKIP","floor":6},{"not_picked":["Infernal Blade","Heavy Blade"],"picked":"Thunderclap","floor":7},{"not_picked":["Sword Boomerang","Intimidate","Warcry"],"picked":"SKIP","floor":11},{"not_picked":["Seeing Red","Warcry"],"picked":"Shrug It Off","floor":12},{"not_picked":["Sword Boomerang","Cleave"],"picked":"Rupture","floor":13},{"not_picked":["Burning Pact","Rage"],"picked":"Thunderclap","floor":14},{"not_picked":["Bludgeon","Demon Form"],"picked":"Impervious","floor":16},{"not_picked":["Shrug It Off","Body Slam"],"picked":"Dropkick","floor":18},{"not_picked":["Iron Wave","Spot Weakness"],"picked":"Heavy Blade","floor":19},{"not_picked":["Twin Strike","Combust"],"picked":"Power Through","floor":21},{"not_picked":["Dual Wield+1","Flex","Sword Boomerang"],"picked":"SKIP","floor":25},{"not_picked":["Sword Boomerang","Clash+1","Armaments"],"picked":"Exhume","floor":27}],"player_experience":1683610,"relics_obtained":[{"floor":6,"key":"Champion Belt"},{"floor":9,"key":"Ornamental Fan"},{"floor":13,"key":"Ice Cream"},{"floor":25,"key":"Question Card"},{"floor":25,"key":"Incense Burner"},{"floor":26,"key":"HornCleat"}],"event_choices":[{"damage_healed":0,"gold_gain":0,"player_choice":"0 cards matched","damage_taken":0,"max_hp_gain":0,"max_hp_loss":0,"event_name":"Match and Keep!","floor":3,"gold_loss":0,"cards_obtained":[]},{"damage_healed":0,"gold_gain":0,"cards_transformed":["Strike_R"],"player_choice":"Transformed","damage_taken":0,"max_hp_gain":0,"max_hp_loss":0,"event_name":"Transmorgrifier","floor":5,"gold_loss":0,"cards_obtained":["Impervious"]},{"damage_healed":0,"gold_gain":0,"player_choice":"Upgraded","damage_taken":0,"max_hp_gain":0,"max_hp_loss":0,"event_name":"Upgrade Shrine","floor":20,"gold_loss":0,"cards_upgraded":["Heavy Blade"]},{"cards_removed":["Strike_R"],"damage_healed":0,"gold_gain":0,"player_choice":"Purged","damage_taken":0,"max_hp_gain":0,"max_hp_loss":0,"event_name":"Purifier","floor":22,"gold_loss":0}],"is_beta":false,"boss_relics":[{"not_picked":["Ectoplasm","Mark of Pain"],"picked":"Black Star"}],"items_purged_floors":[4,24],"is_endless":false,"potions_floor_spawned":[6,13,14,16,18,27],"killed_by":"Shelled Parasite and Fungi","ascension_level":20}}