{"host":"6qo42zgaknezulyg","time":1608641935,"event":{"mods":["2.2 Compatiblity","BaseMod","Colored Map","Downfall","Highlight Path","Keyboard Shortcuts","Minty Spire (QoL Compilation)","Permanent Neow","Quick Restart","StSLib","SuperFastMode"],"gold_per_floor":[0,20,39,50,64,64,64,90,15,28,28,54,329,12,27,130,130,130,150,163,163,48,66,89,89,103,303,163,163,148,160,176,176,176,176],"floor_reached":33,"playtime":1643,"items_purged":["Regret","Shame","hexamod:Haunted"],"score":259,"play_id":"d1fa99e9-d0ce-4712-82ff-f101f9dde73d","local_time":"20201222215855","is_ascension_mode":false,"campfire_choices":[{"data":"hexamod:GhostflameBarrier","floor":1.0,"key":"SMITH"},{"data":"hexamod:Sear","floor":6.0,"key":"SMITH"},{"data":"hexamod:PhantomCloak","floor":9.0,"key":"SMITH"},{"data":"hexamod:HexaLevel","floor":11.0,"key":"SMITH"},{"data":"hexamod:Incineration","floor":18.0,"key":"SMITH"}],"circlet_count":0,"master_deck":["hexamod:Strike","hexamod:Strike","hexamod:Defend","hexamod:Defend","hexamod:Defend","hexamod:Defend","hexamod:Sear+1","hexamod:Float","hexamod:GhostflameBarrier+1","hexamod:TimeOfNeed","hexamod:AdvancingGuard","hexamod:PhantomCloak+1","hexamod:ShieldOfDarkness","hexamod:HexaLevel+1","hexamod:Hexaguard","hexamod:SuperheatedStrike","hexamod:FirstSeal","hexamod:Again","hexamod:RetreatToShadows","hexamod:CatchUp","hexamod:Incineration+1","hexamod:SearingWound","hexamod:SoulSteal","hexamod:Hexaguard","hexamod:Incineration+1","hexamod:HeatShield","hexamod:ShieldOfDarkness+1","hexamod:GhostflameBarrier"],"relics":["hexamod:SpiritBrand","hexamod:CandleOfCauterizing","Question Card","downfall:HeartBlessingGreen","Gremlin Horn","Orrery","Snecko Eye","Gambling Chip","Juzu Bracelet"],"acts_visited":["Exordium","TheCity"],"potions_floor_usage":[],"damage_taken":[{"damage":0.0,"enemies":"2 Louse","floor":2.0,"turns":4.0},{"damage":0.0,"enemies":"Cultist","floor":3.0,"turns":4.0},{"damage":0.0,"enemies":"Jaw Worm","floor":4.0,"turns":3.0},{"damage":0.0,"enemies":"Large Slime","floor":5.0,"turns":8.0},{"damage":14.0,"enemies":"Lagavulin","floor":8.0,"turns":10.0},{"damage":1.0,"enemies":"Exordium Thugs","floor":10.0,"turns":4.0},{"damage":7.0,"enemies":"3 Sentries","floor":12.0,"turns":11.0},{"damage":5.0,"enemies":"downfall:FleeingMerchant","floor":14.0,"turns":4.0},{"damage":0.0,"enemies":"3 Louse","floor":15.0,"turns":3.0},{"damage":29.0,"enemies":"downfall:Ironclad","floor":16.0,"turns":10.0},{"damage":12.0,"enemies":"Shell Parasite","floor":19.0,"turns":7.0},{"damage":6.0,"enemies":"Sentry and Sphere","floor":20.0,"turns":4.0},{"damage":6.0,"enemies":"downfall:FleeingMerchant","floor":22.0,"turns":4.0},{"damage":3.0,"enemies":"Centurion and Healer","floor":23.0,"turns":7.0},{"damage":7.0,"enemies":"3 Cultists","floor":26.0,"turns":3.0},{"damage":0,"enemies":"downfall:FleeingMerchant","floor":28,"turns":4},{"damage":12,"enemies":"downfall:FleeingMerchant","floor":30,"turns":4},{"damage":9,"enemies":"Cultist and Chosen","floor":31,"turns":5},{"damage":3,"enemies":"Centurion and Healer","floor":32,"turns":6},{"damage":43,"enemies":"downfall:Defect","floor":33,"turns":7}],"seed_played":"7427435436259037441","potions_obtained":[{"floor":3.0,"key":"FearPotion"},{"floor":8.0,"key":"sneckomod:MuddlingPotion"},{"floor":12.0,"key":"Energy Potion"},{"floor":23.0,"key":"DuplicationPotion"}],"is_trial":false,"path_per_floor":["R","M","M","M","M","R","T","E","R","M","R","E","?","$","M","B",null,"R","M","M","?","$","M","T","?","M","?","$","?","$","M","M","B"],"character_chosen":"THE_SPIRIT","items_purchased":["Orrery","hexamod:Incineration"],"campfire_rested":0,"item_purchase_floors":[14,14],"current_hp_per_floor":[70,70,70,70,70,70,70,56,56,55,55,48,48,43,43,14,70,70,65,66,66,67,64,64,64,57,57,64,51,39,37,41,0,0,0],"gold":176,"neow_bonus":"TRANSFORM_TWO_CARDS","is_daily":false,"chose_seed":false,"campfire_upgraded":5,"win_rate":0.0,"timestamp":1608641935,"path_taken":["R","M","M","M","M","R","T","E","R","M","R","E","?","$","M","BOSS","R","M","?","?","$","M","T","?","M","?","$","?","?","M","M","BOSS"],"items_purchased_type":["Relic","Card"],"build_version":"2020-12-13","purchased_purges":3,"victory":false,"max_hp_per_floor":[70,70,70,70,70,70,70,70,70,70,70,70,70,70,70,70,70,70,70,70,70,70,70,70,70,70,70,70,75,75,75,75,75,75,75],"card_choices":[{"not_picked":["hexamod:Firestarter","hexamod:SecondSeal","hexamod:BurningTouch"],"picked":"SKIP","floor":2.0},{"not_picked":["hexamod:NightmareStrike","hexamod:ThermalTransfer"],"picked":"hexamod:AdvancingGuard","floor":3.0},{"not_picked":["hexamod:BurningTouch","hexamod:Firestarter"],"picked":"hexamod:PhantomCloak","floor":4.0},{"not_picked":["hexamod:GhostLash","hexamod:Firestarter","hexamod:HauntingEcho"],"picked":"SKIP","floor":5.0},{"not_picked":["hexamod:ThermalTransfer","hexamod:AdvancingGuard"],"picked":"hexamod:ShieldOfDarkness","floor":8.0},{"not_picked":["hexamod:NightmareStrike","hexamod:NightmareGuise","hexamod:GhostShield"],"picked":"hexamod:HexaLevel","floor":10.0},{"not_picked":["hexamod:Haunt","hexamod:HauntingEcho","hexamod:GhostLash"],"picked":"hexamod:Hexaguard","floor":12.0},{"not_picked":["hexamod:ShieldOfDarkness","hexamod:GiftsFromTheDead","hexamod:PowerFromBeyond"],"picked":"hexamod:SuperheatedStrike","floor":14.0},{"not_picked":["hexamod:HauntingEcho","hexamod:Firestarter","hexamod:NightmareStrike"],"picked":"hexamod:FirstSeal","floor":14.0},{"not_picked":["hexamod:StepThrough","hexamod:BurningTouch","hexamod:Firestarter"],"picked":"hexamod:Again","floor":14.0},{"not_picked":["hexamod:ParanormalForm","hexamod:CatchUp","hexamod:GhostLash"],"picked":"hexamod:RetreatToShadows","floor":14.0},{"not_picked":["hexamod:Again","hexamod:HauntingEcho","hexamod:ShieldOfDarkness"],"picked":"hexamod:CatchUp","floor":14.0},{"not_picked":["hexamod:ThermalTransfer","hexamod:Rewind","hexamod:FifthSeal","hexamod:Firestarter"],"picked":"SKIP","floor":15.0},{"not_picked":["hexamod:Toasty","hexamod:VolcanoVisage","hexamod:GiftsFromTheDead"],"picked":"hexamod:SearingWound","floor":16.0},{"not_picked":["hexamod:GhostShield","hexamod:Haunt","hexamod:NightmareGuise","hexamod:DynamicBlow"],"picked":"SKIP","floor":19.0},{"not_picked":["hexamod:PhantomFireball","hexamod:StepThrough","hexamod:HauntingEcho+1"],"picked":"hexamod:SoulSteal","floor":20.0},{"not_picked":["hexamod:GhostLash","hexamod:Firestarter","hexamod:ExtraCrispy","hexamod:GhostOfSpireFuture"],"picked":"SKIP","floor":22.0},{"not_picked":["hexamod:SwordOfDarkness","hexamod:EtherealExpedition","hexamod:ThermalTransfer+1"],"picked":"hexamod:Hexaguard","floor":23.0},{"not_picked":["hexamod:ThermalTransfer+1","hexamod:RetreatToShadows","hexamod:DynamicBlow"],"picked":"hexamod:Incineration+1","floor":26.0},{"not_picked":["hexamod:GiftsFromTheDead","hexamod:Haunt","hexamod:Rewind"],"picked":"hexamod:HeatShield","floor":28},{"not_picked":["hexamod:EmpoweredFlame+1","hexamod:Hexaguard","hexamod:BacktrackSmack+1"],"picked":"hexamod:ShieldOfDarkness+1","floor":30},{"not_picked":["hexamod:GhostLash","hexamod:SuperheatedStrike+1","hexamod:SpectersWail"],"picked":"hexamod:GhostflameBarrier","floor":31},{"not_picked":["hexamod:SwordOfDarkness+1","hexamod:Haunt","hexamod:SuperheatedStrike","hexamod:NecessarySacrifice+1"],"picked":"SKIP","floor":32}],"player_experience":1025581,"relics_obtained":[{"floor":7.0,"key":"hexamod:CandleOfCauterizing"},{"floor":8.0,"key":"Question Card"},{"floor":12.0,"key":"Gremlin Horn"},{"floor":24.0,"key":"Juzu Bracelet"}],"event_choices":[{"damage_healed":0.0,"max_hp_gain":0.0,"max_hp_loss":0.0,"gold_gain":0.0,"event_name":"Addict","player_choice":"Stole Relic","floor":21.0,"gold_loss":0.0,"damage_taken":0.0,"relics_obtained":["Gambling Chip"],"cards_obtained":["Shame"]}],"is_beta":false,"boss_relics":[{"not_picked":["expansioncontent:StudyCardRelic","SacredBark"],"picked":"Snecko Eye"}],"items_purged_floors":[14,22,28],"is_endless":false,"potions_floor_spawned":[3,8,12,16,23,26,31],"killed_by":"downfall:Defect","ascension_level":0}}