{"host":"lh9qfzqeqctr28d2","time":1608618059,"event":{"mods":["BaseMod","Minty Spire (QoL Compilation)","Quick Restart","Relic Stats","StSLib"],"gold_per_floor":[114,114,114,138,138,172,172,213,263,286,302,302,302,92,92,217,217,242,12,12,32,32,70,90,90,117,140,140,140,158,158,158,262,312,331,377,179,190,208,208,208,208,208,208,67,84,102,119,119,119],"floor_reached":51,"playtime":2075,"items_purged":["Defend_G","Strike_G","Strike_G"],"score":758,"play_id":"8fc105e5-2fcb-4d05-950b-45665da7e5e8","local_time":"20201222142059","is_ascension_mode":true,"campfire_choices":[{"floor":7.0,"key":"REST"},{"floor":13.0,"key":"REST"},{"data":"Neutralize","floor":15.0,"key":"SMITH"},{"data":"Blade Dance","floor":25.0,"key":"SMITH"},{"data":"Cloak And Dagger","floor":28.0,"key":"SMITH"},{"floor":32.0,"key":"REST"},{"data":"Blade Dance","floor":40,"key":"SMITH"},{"data":"Finisher","floor":42,"key":"SMITH"},{"data":"Accuracy","floor":49,"key":"SMITH"}],"circlet_count":0,"master_deck":["Strike_G+1","Defend_G","Defend_G+1","Defend_G","Defend_G","Survivor","Neutralize+1","Cloak And Dagger+1","Slice","Quick Slash","Finisher+1","Slice+1","Blade Dance+1","Burst","Cloak And Dagger+1","Cloak And Dagger+1","Accuracy+1","Accuracy+1","Accuracy","Unload","Blade Dance+1","Cloak And Dagger+1"],"relics":["Ring of the Snake","NeowsBlessing","Bloody Idol","MealTicket","Bottled Lightning","Vajra","Frozen Eye","WristBlade","DollysMirror","Ancient Tea Set","Art of War","Tiny House","CaptainsWheel","Membership Card","Tough Bandages","Eternal Feather","Toolbox"],"acts_visited":["Exordium","TheCity","TheBeyond"],"potions_floor_usage":[36,50,50,50],"damage_taken":[{"damage":0.0,"enemies":"Small Slimes","floor":1.0,"turns":1.0},{"damage":0.0,"enemies":"2 Louse","floor":4.0,"turns":1.0},{"damage":0.0,"enemies":"Lagavulin","floor":6.0,"turns":1.0},{"damage":14.0,"enemies":"3 Sentries","floor":8.0,"turns":11.0},{"damage":0.0,"enemies":"Cultist","floor":10.0,"turns":2.0},{"damage":0.0,"enemies":"2 Fungi Beasts","floor":11.0,"turns":2.0},{"damage":59.0,"enemies":"The Guardian","floor":16.0,"turns":10.0},{"damage":0.0,"enemies":"Shell Parasite","floor":18.0,"turns":2.0},{"damage":0.0,"enemies":"Spheric Guardian","floor":21.0,"turns":1.0},{"damage":7.0,"enemies":"Book of Stabbing","floor":23.0,"turns":4.0},{"damage":25.0,"enemies":"Shelled Parasite and Fungi","floor":24.0,"turns":3.0},{"damage":0.0,"enemies":"Sentry and Sphere","floor":27.0,"turns":1.0},{"damage":0.0,"enemies":"Snecko","floor":30.0,"turns":1.0},{"damage":42,"enemies":"Collector","floor":33,"turns":4},{"damage":0,"enemies":"Orb Walker","floor":35,"turns":2},{"damage":35,"enemies":"2 Orb Walkers","floor":36,"turns":4},{"damage":5,"enemies":"3 Shapes","floor":38,"turns":3},{"damage":26,"enemies":"Spire Growth","floor":39,"turns":3},{"damage":0,"enemies":"Transient","floor":46,"turns":5},{"damage":0,"enemies":"Jaw Worm Horde","floor":47,"turns":2},{"damage":11,"enemies":"4 Shapes","floor":48,"turns":3},{"damage":33,"enemies":"Awakened One","floor":50,"turns":7}],"seed_played":"693517376172339257","potions_obtained":[{"floor":4.0,"key":"Strength Potion"},{"floor":8.0,"key":"LiquidMemories"},{"floor":24.0,"key":"DistilledChaos"},{"floor":36,"key":"Explosive Potion"}],"is_trial":false,"path_per_floor":["M","?","?","M","?","E","R","E","T","M","M","?","R","$","R","B",null,"M","$","?","M","?","E","M","R","T","M","R","?","M","?","R","B",null,"M","?","$","M","M","R","?","R","T","?","$","M","M","M","R","B",null],"character_chosen":"THE_SILENT","items_purchased":["Blade Dance","Frozen Eye","DollysMirror","Membership Card","Toolbox"],"campfire_rested":3,"item_purchase_floors":[14,14,19,37,45],"current_hp_per_floor":[70,70,53,53,39,39,60,46,46,46,46,51,73,75,75,16,75,75,75,75,75,75,68,43,43,43,43,43,43,43,43,65,28,80,80,50,65,65,44,44,44,44,44,44,59,64,69,63,75,42],"gold":119,"neow_bonus":"THREE_ENEMY_KILL","is_daily":false,"chose_seed":false,"campfire_upgraded":6,"win_rate":0.0,"timestamp":1608618059,"path_taken":["M","?","?","M","?","E","R","E","T","M","M","?","R","?","R","BOSS","M","$","?","M","?","E","M","R","T","M","R","?","?","?","R","BOSS","M","?","$","M","M","R","?","R","T","?","$","M","M","M","R","BOSS"],"items_purchased_type":["Card","Relic","Relic","Relic","Relic"],"build_version":"2020-12-13","purchased_purges":3,"victory":true,"max_hp_per_floor":[70,70,70,70,70,70,70,70,70,70,70,75,75,75,75,75,75,75,75,75,75,75,75,75,75,75,75,75,75,75,75,75,75,80,80,80,80,80,80,80,76,76,76,76,76,76,76,76,76,76],"relic_stats":{"Tough Bandages":[6],"counters":[22,73],"Bloody Idol":40,"MealTicket":32,"Eternal Feather":12,"Art of War":[0],"obtain_stats":[{"Tiny House":34,"NeowsBlessing":0,"Golden Idol":3,"Vajra":9,"Eternal Feather":44,"Ancient Tea Set":23,"Frozen Eye":14,"CaptainsWheel":36,"Tough Bandages":43,"WristBlade":17,"DollysMirror":19,"Bloody Idol":31,"Toolbox":45,"MealTicket":6,"Art of War":26,"Bottled Lightning":8,"Membership Card":37,"Ring of the Snake":0},{"Tiny House":14,"NeowsBlessing":0,"Golden Idol":1,"Vajra":4,"Eternal Feather":18,"Ancient Tea Set":10,"Frozen Eye":6,"CaptainsWheel":16,"Tough Bandages":18,"WristBlade":7,"DollysMirror":8,"Bloody Idol":13,"Toolbox":18,"MealTicket":3,"Art of War":11,"Bottled Lightning":4,"Membership Card":16,"Ring of the Snake":0},{"Tiny House":44,"NeowsBlessing":0,"Golden Idol":1,"Vajra":14,"Eternal Feather":56,"Ancient Tea Set":35,"Frozen Eye":18,"CaptainsWheel":50,"Tough Bandages":56,"WristBlade":28,"DollysMirror":30,"Bloody Idol":40,"Toolbox":56,"MealTicket":3,"Art of War":38,"Bottled Lightning":14,"Membership Card":50,"Ring of the Snake":0}],"Ring of the Snake":[44]},"card_choices":[{"not_picked":["Backflip","Setup"],"picked":"Cloak And Dagger","floor":1.0},{"not_picked":["Heel Hook","Expertise"],"picked":"Slice","floor":4.0},{"not_picked":["Bane","Prepared"],"picked":"Quick Slash","floor":6.0},{"not_picked":["PiercingWail","Underhanded Strike"],"picked":"Finisher","floor":8.0},{"not_picked":["After Image","Riddle With Holes"],"picked":"Slice","floor":10.0},{"not_picked":["Setup","Sucker Punch","Quick Slash"],"picked":"SKIP","floor":11.0},{"not_picked":["Glass Knife","Adrenaline"],"picked":"Burst","floor":16.0},{"not_picked":["Quick Slash","Poisoned Stab+1"],"picked":"Cloak And Dagger","floor":18.0},{"not_picked":["Prepared","Expertise"],"picked":"Accuracy+1","floor":21.0},{"not_picked":["Crippling Poison","Outmaneuver"],"picked":"Accuracy","floor":23.0},{"not_picked":["Well Laid Plans","Outmaneuver","Dagger Spray"],"picked":"SKIP","floor":24.0},{"not_picked":["Deflect","Reflex","Deadly Poison"],"picked":"SKIP","floor":27.0},{"not_picked":["Backflip","Underhanded Strike","Well Laid Plans+1"],"picked":"SKIP","floor":30.0},{"not_picked":["Grand Finale","Tools of the Trade"],"picked":"Unload","floor":33},{"not_picked":["Slice","Tactician"],"picked":"Blade Dance","floor":34},{"not_picked":["Eviscerate+1","Prepared+1","Underhanded Strike+1"],"picked":"SKIP","floor":35},{"not_picked":["Acrobatics","Blade Dance","Flechettes+1"],"picked":"SKIP","floor":38},{"not_picked":["Bane+1","Dagger Spray"],"picked":"Cloak And Dagger+1","floor":39},{"not_picked":["Blade Dance","Poisoned Stab","Eviscerate+1"],"picked":"SKIP","floor":46},{"not_picked":["Bane","Grand Finale","Blade Dance"],"picked":"SKIP","floor":47},{"not_picked":["PiercingWail+1","Calculated Gamble","Dagger Throw"],"picked":"SKIP","floor":48}],"player_experience":257988,"relics_obtained":[{"floor":6.0,"key":"MealTicket"},{"floor":8.0,"key":"Bottled Lightning"},{"floor":9.0,"key":"Vajra"},{"floor":23.0,"key":"Ancient Tea Set"},{"floor":26.0,"key":"Art of War"},{"floor":36,"key":"CaptainsWheel"},{"floor":43,"key":"Tough Bandages"},{"floor":44,"key":"Eternal Feather"}],"event_choices":[{"cards_removed":["Strike_G"],"damage_healed":0.0,"max_hp_gain":0.0,"max_hp_loss":0.0,"gold_gain":0.0,"event_name":"Living Wall","player_choice":"Forget","floor":2.0,"gold_loss":0.0,"damage_taken":0.0},{"damage_healed":0.0,"max_hp_gain":0.0,"max_hp_loss":0.0,"gold_gain":0.0,"event_name":"Golden Idol","player_choice":"Take Damage","floor":3.0,"gold_loss":0.0,"damage_taken":17.0,"relics_obtained":["Golden Idol"]},{"damage_healed":0.0,"max_hp_gain":0.0,"max_hp_loss":0.0,"gold_gain":0.0,"event_name":"Shining Light","player_choice":"Entered Light","floor":5.0,"gold_loss":0.0,"damage_taken":14.0,"cards_upgraded":["Defend_G","Cloak And Dagger"]},{"damage_healed":0.0,"max_hp_gain":5.0,"max_hp_loss":0.0,"gold_gain":0.0,"event_name":"Big Fish","player_choice":"Donut","floor":12.0,"gold_loss":0.0,"damage_taken":0.0},{"damage_healed":0.0,"max_hp_gain":0.0,"max_hp_loss":0.0,"gold_gain":0.0,"event_name":"The Library","player_choice":"Read","floor":20.0,"gold_loss":0.0,"damage_taken":0.0,"cards_obtained":["Accuracy"]},{"cards_removed":["Strike_G"],"damage_healed":0.0,"max_hp_gain":0.0,"max_hp_loss":0.0,"gold_gain":0.0,"event_name":"Back to Basics","player_choice":"Elegance","floor":22.0,"gold_loss":0.0,"damage_taken":0.0},{"damage_healed":0.0,"max_hp_gain":0.0,"max_hp_loss":0.0,"gold_gain":0.0,"event_name":"Upgrade Shrine","player_choice":"Upgraded","floor":29.0,"gold_loss":0.0,"damage_taken":0.0,"cards_upgraded":["Slice"]},{"damage_healed":0.0,"max_hp_gain":0.0,"max_hp_loss":0.0,"gold_gain":0.0,"event_name":"Forgotten Altar","player_choice":"Gave Idol","floor":31.0,"relics_lost":["Golden Idol"],"gold_loss":0.0,"damage_taken":0.0,"relics_obtained":["Bloody Idol"]},{"damage_healed":0,"gold_gain":0,"player_choice":"Fight","damage_taken":0,"max_hp_gain":0,"max_hp_loss":0,"event_name":"Mysterious Sphere","floor":36,"gold_loss":0},{"damage_healed":0,"gold_gain":0,"player_choice":"Max HP","damage_taken":0,"max_hp_gain":0,"max_hp_loss":4,"event_name":"Winding Halls","floor":41,"gold_loss":0},{"damage_healed":0,"gold_gain":0,"player_choice":"Relic","damage_taken":0,"max_hp_gain":0,"max_hp_loss":0,"event_name":"Wheel of Change","floor":44,"gold_loss":0}],"is_beta":false,"boss_relics":[{"not_picked":["Velvet Choker","SacredBark"],"picked":"WristBlade"},{"not_picked":["Astrolabe","Pandora\u0027s Box"],"picked":"Tiny House"}],"items_purged_floors":[19,37,45],"is_endless":false,"potions_floor_spawned":[4,8,24,30,33,36,47,48],"ascension_level":1}}