{"host":"f0gpob8hq9vgebej","time":1608620301,"event":{"mods":["AchievementEnabler","BaseMod","Googly Eyes","Minty Spire (QoL Compilation)","Quick Restart","SuperFastMode"],"gold_per_floor":[112,128,143,154,104,104,104,72,72,72,83,97,97,108,108,108,108],"floor_reached":16,"playtime":276,"items_purged":[],"score":154,"play_id":"074a4cc7-2ba7-4d2a-8c82-a303d1576a67","local_time":"20201222155821","is_ascension_mode":true,"campfire_choices":[{"data":"Tactician","floor":6,"key":"SMITH"},{"floor":15,"key":"REST"}],"circlet_count":0,"master_deck":["AscendersBane","Strike_G","Strike_G","Strike_G","Defend_G","Defend_G","Defend_G","Defend_G","Survivor","Neutralize","Blind","Sucker Punch","Blade Dance","Tactician+1","Dagger Spray","Backflip","Crippling Poison","Grand Finale+1","Terror"],"relics":["Ring of the Snake","Molten Egg 2"],"acts_visited":["Exordium"],"potions_floor_usage":[14,16],"damage_taken":[{"damage":6,"enemies":"Jaw Worm","floor":1,"turns":6},{"damage":2,"enemies":"2 Louse","floor":2,"turns":3},{"damage":0,"enemies":"Cultist","floor":3,"turns":4},{"damage":14,"enemies":"Red Slaver","floor":4,"turns":5},{"damage":10,"enemies":"Exordium Thugs","floor":8,"turns":5},{"damage":12,"enemies":"3 Louse","floor":11,"turns":3},{"damage":0,"enemies":"2 Fungi Beasts","floor":12,"turns":4},{"damage":6,"enemies":"Exordium Wildlife","floor":14,"turns":4},{"damage":0,"enemies":"Hexaghost","floor":16,"turns":2}],"seed_played":"-4961487889330868114","potions_obtained":[{"floor":3,"key":"FearPotion"},{"floor":8,"key":"AttackPotion"},{"floor":12,"key":"PowerPotion"}],"is_trial":false,"path_per_floor":["M","M","M","M","?","R","?","M","T","$","M","M","?","M","R","B"],"character_chosen":"THE_SILENT","items_purchased":[],"campfire_rested":1,"item_purchase_floors":[],"current_hp_per_floor":[57,55,55,41,41,41,34,24,24,24,12,12,12,6,27,27,27],"gold":108,"neow_bonus":"RANDOM_COLORLESS","is_daily":false,"chose_seed":false,"campfire_upgraded":1,"win_rate":0.0,"timestamp":1608620301,"path_taken":["M","M","M","M","?","R","?","M","T","?","M","M","?","?","R","BOSS"],"items_purchased_type":[],"build_version":"2020-12-13","purchased_purges":0,"victory":false,"max_hp_per_floor":[70,70,70,70,70,70,70,70,70,70,70,70,70,70,70,70,70],"card_choices":[{"not_picked":["Jack Of All Trades","Mind Blast"],"picked":"Blind","floor":0},{"not_picked":["Concentrate","Flechettes"],"picked":"Sucker Punch","floor":1},{"not_picked":["Cloak And Dagger","Choke"],"picked":"Blade Dance","floor":2},{"not_picked":["Outmaneuver","Bane"],"picked":"Tactician","floor":3},{"not_picked":["Flechettes","Deadly Poison"],"picked":"Dagger Spray","floor":4},{"not_picked":["Quick Slash","Night Terror"],"picked":"Backflip","floor":8},{"not_picked":["Blade Dance","Terror"],"picked":"Crippling Poison","floor":11},{"not_picked":["Well Laid Plans","Cloak And Dagger"],"picked":"Grand Finale+1","floor":12},{"not_picked":["Sucker Punch+1","Dodge and Roll"],"picked":"Terror","floor":14}],"player_experience":187977,"relics_obtained":[{"floor":9,"key":"Molten Egg 2"}],"event_choices":[{"cards_removed":["Strike_G"],"damage_healed":0,"gold_gain":0,"player_choice":"Card Removal","damage_taken":0,"max_hp_gain":0,"max_hp_loss":0,"event_name":"The Cleric","floor":5,"gold_loss":50},{"cards_removed":["Defend_G"],"damage_healed":0,"gold_gain":0,"player_choice":"Card Removal","damage_taken":7,"max_hp_gain":0,"max_hp_loss":0,"event_name":"Golden Wing","floor":7,"gold_loss":0},{"cards_removed":["Strike_G"],"damage_healed":0,"gold_gain":0,"player_choice":"Forget","damage_taken":0,"max_hp_gain":0,"max_hp_loss":0,"event_name":"Living Wall","floor":13,"gold_loss":0}],"is_beta":false,"boss_relics":[],"items_purged_floors":[],"is_endless":false,"potions_floor_spawned":[3,8,12],"killed_by":"Hexaghost","ascension_level":12}}