{"host":"y56d1fjpgcjsodvy","time":1608631696,"event":{"mods":["BaseMod","Colored Powertips","GifTheSpireLib","Highlight Path","Minty Spire (QoL Compilation)","StSLib","SuperFastMode","everything is the same but u backflip on backflip"],"gold_per_floor":[116,128,128,148,39,39,56,56,56,70,82,82,132,145,145,222,222,242,6,186,203,222,222,240,252,252,34,47,47,7,75,75,75,75],"floor_reached":33,"playtime":937,"items_purged":["Strike_G","Strike_G"],"score":482,"play_id":"8985f2f1-8501-49f2-ae5a-1aa3cfcf0a4c","local_time":"20201222190816","is_ascension_mode":true,"campfire_choices":[{"data":"Accuracy","floor":6,"key":"SMITH"},{"data":"Blade Dance","floor":8,"key":"SMITH"},{"data":"Cloak And Dagger","floor":12,"key":"SMITH"},{"data":"Cloak And Dagger","floor":15,"key":"SMITH"},{"data":"Neutralize","floor":23,"key":"SMITH"},{"floor":29,"key":"REST"},{"floor":32,"key":"REST"}],"circlet_count":0,"master_deck":["AscendersBane","Strike_G","Strike_G","Strike_G","Defend_G","Defend_G","Defend_G","Defend_G","Defend_G","Survivor","Neutralize+1","Footwork","Blur","Blade Dance+1","Accuracy+1","Cloak And Dagger+1","After Image","Cloak And Dagger+1","Adrenaline","Tactician","Tactician+1","Dodge and Roll","Escape Plan","Reflex"],"relics":["Ring of the Snake","Paper Crane","Busted Crown","Lantern","Letter Opener"],"acts_visited":["Exordium","TheCity"],"potions_floor_usage":[4,11,16,16,16,22,24,33],"damage_taken":[{"damage":1,"enemies":"2 Louse","floor":1,"turns":5},{"damage":4,"enemies":"Cultist","floor":2,"turns":7},{"damage":0,"enemies":"Small Slimes","floor":4,"turns":5},{"damage":0,"enemies":"Red Slaver","floor":7,"turns":7},{"damage":0,"enemies":"Looter","floor":10,"turns":4},{"damage":4,"enemies":"Exordium Thugs","floor":11,"turns":6},{"damage":3,"enemies":"Red Slaver","floor":14,"turns":3},{"damage":9,"enemies":"Slime Boss","floor":16,"turns":13},{"damage":0,"enemies":"Shell Parasite","floor":18,"turns":7},{"damage":0,"enemies":"Spheric Guardian","floor":21,"turns":4},{"damage":2,"enemies":"Snake Plant","floor":22,"turns":9},{"damage":9,"enemies":"Shelled Parasite and Fungi","floor":24,"turns":5},{"damage":19,"enemies":"Snecko","floor":25,"turns":8},{"damage":0,"enemies":"Centurion and Healer","floor":28,"turns":8},{"damage":65,"enemies":"Automaton","floor":33,"turns":10}],"seed_played":"-3604715337700587480","potions_obtained":[{"floor":2,"key":"AttackPotion"},{"floor":3,"key":"EntropicBrew"},{"floor":7,"key":"SneckoOil"}],"is_trial":false,"path_per_floor":["M","M","?","M","$","R","M","R","T","M","M","R","?","M","R","B",null,"M","$","?","M","M","R","M","M","T","$","M","R","$","T","R","B"],"character_chosen":"THE_SILENT","items_purchased":["Accuracy","Cloak And Dagger","Lantern","Escape Plan","GamblersBrew","Reflex"],"campfire_rested":2,"item_purchase_floors":[5,5,19,27,27,30],"current_hp_per_floor":[64,60,60,60,60,60,60,60,60,60,56,56,56,53,53,44,65,65,65,33,33,31,31,22,3,3,3,3,24,24,24,45,0,0],"gold":75,"neow_bonus":"TEN_PERCENT_HP_BONUS","is_daily":false,"chose_seed":false,"campfire_upgraded":5,"win_rate":0.0,"timestamp":1608631696,"path_taken":["M","M","?","M","$","R","M","R","T","M","?","R","?","M","R","BOSS","M","?","?","M","?","R","M","M","T","$","M","R","?","?","R","BOSS"],"items_purchased_type":["Card","Card","Relic","Card","Potion","Card"],"build_version":"2020-12-13","purchased_purges":2,"victory":false,"max_hp_per_floor":[72,72,72,72,72,72,72,72,72,72,72,72,72,72,72,72,72,72,72,72,72,72,72,72,72,72,72,72,72,72,72,72,72,72],"card_choices":[{"not_picked":["Outmaneuver","Sucker Punch"],"picked":"Footwork","floor":1},{"not_picked":["Prepared","Outmaneuver"],"picked":"Blur","floor":2},{"not_picked":["Outmaneuver","Deflect"],"picked":"Blade Dance","floor":4},{"not_picked":["Deadly Poison","Finisher","Dagger Throw"],"picked":"SKIP","floor":7},{"not_picked":["Prepared","Expertise"],"picked":"After Image","floor":10},{"not_picked":["Outmaneuver","Caltrops","Tactician"],"picked":"SKIP","floor":11},{"not_picked":["Caltrops","Quick Slash"],"picked":"Cloak And Dagger","floor":14},{"not_picked":["Burst","A Thousand Cuts"],"picked":"Adrenaline","floor":16},{"not_picked":[],"picked":"Tactician","floor":18},{"not_picked":[],"picked":"Tactician+1","floor":21},{"not_picked":["Poisoned Stab"],"picked":"SKIP","floor":22},{"not_picked":[],"picked":"Dodge and Roll","floor":24},{"not_picked":["Heel Hook"],"picked":"SKIP","floor":25},{"not_picked":["Bane"],"picked":"SKIP","floor":28}],"player_experience":1175904,"relics_obtained":[{"floor":9,"key":"Paper Crane"},{"floor":26,"key":"Letter Opener"}],"event_choices":[{"damage_healed":0,"gold_gain":0,"player_choice":"Got Potions","damage_taken":0,"max_hp_gain":0,"max_hp_loss":0,"event_name":"Lab","floor":3,"gold_loss":0},{"damage_healed":0,"gold_gain":50,"player_choice":"Pray","damage_taken":0,"max_hp_gain":0,"max_hp_loss":0,"event_name":"Golden Shrine","floor":13,"gold_loss":0},{"damage_healed":0,"gold_gain":180,"player_choice":"GOLD POTION POTION GOLD ","damage_taken":32,"max_hp_gain":0,"max_hp_loss":0,"event_name":"Knowing Skull","floor":20,"potions_obtained":["ColorlessPotion","Block Potion"],"gold_loss":0,"cards_obtained":[]}],"is_beta":false,"boss_relics":[{"not_picked":["Runic Pyramid","Ectoplasm"],"picked":"Busted Crown"}],"items_purged_floors":[19,27],"is_endless":false,"potions_floor_spawned":[2,7,21],"killed_by":"Automaton","ascension_level":20}}