{"host":"ocy7z4248lncoz2b","time":1608640220,"event":{"mods":["BaseMod","Beaked The Cultist","Bestiary","Better Match","Better Sensory Stone","Better Third Choice","BetterRewards","Clockwork Mod","Colored Map","Colored Powertips","Conspire","Curses Come First","Downfall","Friendly Minions","Gremlin Mod","Highlight Path","Hubris","Infinite Spire","Jorbs\u0027s Wanderer Trilogy","Marisa????????","Mimic Mod","Minty Spire (QoL Compilation)","READ ME - Guardian Mod","Rare Cards Sparkle","Replay The Spire","Shop Mod","Spicy Shops","Spikes Relics","StSLib","SuperFastMode","The Administrix","The Blue Laboratory","The Construct","The Jungle","The Servant 0.9.4","The Wild Card","WarShipGirlsR/????R mod"],"gold_per_floor":[99,110,121,221,5,31,62,62,62,62,12,26,26,26,42,140,140,140,150,160,160,173,173,173,173,220,320,320,320,320],"floor_reached":29,"playtime":1075,"items_purged":["construct:Strike_Gold"],"score":219,"play_id":"526a4b51-5ed6-480e-90ee-800208a42b71","local_time":"20201222213020","is_ascension_mode":false,"campfire_choices":[{"data":"construct:ShiftingStance","floor":1,"key":"PURGE"},{"floor":10,"key":"REST"},{"data":"construct:DarkFlames","floor":13,"key":"SMITH"},{"data":"construct:Construct_Overclock","floor":18,"key":"SMITH"},{"data":"construct:DarkFlames+1","floor":23,"key":"SMITH"},{"data":"construct:LaserCore","floor":25,"key":"SMITH"},{"data":"construct:PanicFire","floor":28,"key":"SMITH"}],"circlet_count":0,"master_deck":["construct:Strike_Gold","construct:Strike_Gold","construct:Strike_Gold","construct:Strike_Gold","construct:Defend_Gold","construct:Defend_Gold","construct:Defend_Gold","construct:Defend_Gold","construct:Defend_Gold","construct:AttackMode","construct:DefenseMode","construct:Versatility","construct:ModeShift","construct:CreateCores","expansioncontent:CaCaw","construct:VentSteam","construct:HyperBeam","construct:CreateCores","construct:ShiftGuard","construct:SaveState","construct:QuickAttack","construct:DarkFlames+2","construct:Construct_Overclock+1","construct:PanicFire+1","construct:ScrapCannon","construct:LaserCore+1","construct:OneWayMirror+1","construct:NuclearCore"],"relics":["construct:ClockworkPhoenix","Boot","Centennial Puzzle","hubris:CrystalStatue","SacredBark","Ancient Tea Set","Replay:Bronze Core","conspire:DeflatedDodgeball","Bottled Tornado"],"acts_visited":["Exordium","TheCity"],"potions_floor_usage":[16,16,22],"damage_taken":[{"damage":5,"enemies":"2 Louse","floor":2,"turns":4},{"damage":20,"enemies":"Jaw Worm","floor":3,"turns":9},{"damage":0,"enemies":"downfall:FleeingMerchant","floor":5,"turns":4},{"damage":34,"enemies":"Gremlin Nob","floor":6,"turns":5},{"damage":9,"enemies":"Small Slimes","floor":7,"turns":6},{"damage":0,"enemies":"downfall:FleeingMerchant","floor":11,"turns":4},{"damage":8,"enemies":"Small Slimes","floor":12,"turns":3},{"damage":1,"enemies":"2 Fungi Beasts","floor":15,"turns":4},{"damage":13,"enemies":"downfall:Watcher","floor":16,"turns":9},{"damage":20,"enemies":"Chosen","floor":19,"turns":6},{"damage":18,"enemies":"3 Byrds","floor":20,"turns":7},{"damage":21,"enemies":"Snake Plant","floor":22,"turns":4},{"damage":30,"enemies":"Sentry and Sphere","floor":29,"turns":3}],"seed_played":"-8435448237934236544","potions_obtained":[{"floor":12,"key":"BlessingOfTheForge"},{"floor":15,"key":"Adrenaline Potion"},{"floor":19,"key":"Fire Potion"},{"floor":20,"key":"SpeedPotion"}],"is_trial":false,"path_per_floor":["R_BF","M","M","?","$","E","MIM","?","?","R","$","M","R","?","M","B",null,"R","M","M","AVR","M","R","T","R","?","?","R","M"],"character_chosen":"THE_CONSTRUCT_MOD","items_purchased":["expansioncontent:CaCaw","construct:VentSteam","construct:QuickAttack"],"campfire_rested":1,"item_purchase_floors":[5,5,11],"current_hp_per_floor":[85,80,60,60,60,26,17,17,17,42,42,34,34,34,33,20,85,85,65,47,47,26,26,26,26,26,26,26,0,0],"gold":320,"neow_bonus":"ONE_RANDOM_RARE_CARD","is_daily":false,"chose_seed":false,"campfire_upgraded":5,"win_rate":0.0,"timestamp":1608640220,"path_taken":["R_BF","M","M","?","$","E","MIM","?","?","R","$","?","R","?","M","BOSS","R","M","M","AVR","M","R","T","R","?","?","R","?"],"items_purchased_type":["Card","Card","Card"],"build_version":"2020-12-13","purchased_purges":1,"victory":false,"max_hp_per_floor":[85,85,85,85,85,85,85,85,85,85,85,85,85,85,85,85,85,85,85,85,85,85,85,85,85,85,85,85,85,85],"card_choices":[{"not_picked":["construct:Anticipate","construct:Construct_Overclock"],"picked":"construct:Versatility","floor":2},{"not_picked":["construct:UnbalancingBlast","construct:Anticipate"],"picked":"construct:ModeShift","floor":3},{"not_picked":["construct:SuppressiveFire","construct:ModeShift"],"picked":"construct:CreateCores","floor":5},{"not_picked":["construct:HardReboot","construct:ClusterMines"],"picked":"construct:HyperBeam","floor":6},{"not_picked":["construct:FocusedBeam","construct:Electrocute"],"picked":"construct:CreateCores","floor":7},{"not_picked":["construct:SyphonStrike","construct:CripplingShot"],"picked":"construct:SaveState","floor":11},{"not_picked":["construct:Autoturret","construct:QuickAttack"],"picked":"construct:DarkFlames","floor":12},{"not_picked":["construct:Dampening","construct:Backup"],"picked":"construct:Construct_Overclock","floor":15},{"not_picked":["construct:HyperBeam","construct:LongRangeLance"],"picked":"construct:PanicFire","floor":16},{"not_picked":["construct:PhosphorStorm","construct:Reinforce"],"picked":"construct:ScrapCannon","floor":19},{"not_picked":["construct:ClusterMines","construct:HeavyBolt"],"picked":"construct:LaserCore","floor":20},{"not_picked":["construct:PhosphorStorm","construct:Accumulate"],"picked":"construct:OneWayMirror+1","floor":22},{"not_picked":["construct:HeavyBolt","construct:LaserCore+1"],"picked":"construct:NuclearCore","floor":26}],"player_experience":294489,"relics_obtained":[{"floor":6,"key":"Boot"},{"floor":7,"key":"Centennial Puzzle"},{"floor":9,"key":"hubris:CrystalStatue"},{"floor":24,"key":"conspire:DeflatedDodgeball"},{"floor":26,"key":"Bottled Tornado"}],"event_choices":[{"damage_healed":0,"gold_gain":0,"player_choice":"Leave","damage_taken":0,"max_hp_gain":0,"max_hp_loss":0,"event_name":"conspire:Investor","floor":14,"gold_loss":0}],"is_beta":false,"boss_relics":[{"not_picked":["hubris:VirtuousBlindfold","hubris:HollowSoul"],"picked":"SacredBark"}],"items_purged_floors":[21],"is_endless":false,"potions_floor_spawned":[12,15,19,20],"killed_by":"Sentry and Sphere","ascension_level":0}}