{"host":"q1yq0ibtlljsjzm9","time":1608597560,"event":{"mods":["BaseMod","DeckTracker","Googly Eyes","Minty Spire (QoL Compilation)","StSLib"],"gold_per_floor":[116,116,4,19,19,54,54,66,66,93,113,132,132,152,152,152,152],"floor_reached":16,"playtime":566,"items_purged":[],"score":137,"play_id":"3b4b1681-8672-47ee-b542-98a419db2577","local_time":"20201221163920","is_ascension_mode":false,"campfire_choices":[{"data":"Noxious Fumes","floor":7.0,"key":"SMITH"},{"floor":15,"key":"REST"}],"circlet_count":0,"master_deck":["Strike_G","Strike_G","Strike_G","Strike_G","Strike_G","Defend_G","Defend_G","Defend_G","Defend_G","Defend_G","Survivor","Neutralize","Iron Wave","Bouncing Flask","Footwork","Caltrops","Noxious Fumes+1","Terror","Die Die Die+1","Predator+1","Choke+1","Dagger Throw+1"],"relics":["Ring of the Snake","NeowsBlessing","Ginger","Molten Egg 2","Potion Belt"],"acts_visited":["Exordium"],"potions_floor_usage":[10,10,16],"damage_taken":[{"damage":0.0,"enemies":"2 Louse","floor":1.0,"turns":1.0},{"damage":0.0,"enemies":"Cultist","floor":4.0,"turns":1.0},{"damage":0.0,"enemies":"Gremlin Nob","floor":6.0,"turns":1.0},{"damage":6.0,"enemies":"Small Slimes","floor":8.0,"turns":4.0},{"damage":28,"enemies":"3 Sentries","floor":10,"turns":6},{"damage":0,"enemies":"3 Louse","floor":11,"turns":1},{"damage":15,"enemies":"Looter","floor":12,"turns":3},{"damage":13,"enemies":"Gremlin Gang","floor":14,"turns":2},{"damage":35,"enemies":"Slime Boss","floor":16,"turns":3}],"seed_played":"3567396094605508089","potions_obtained":[{"floor":6.0,"key":"Swift Potion"},{"floor":8.0,"key":"Fire Potion"},{"floor":14,"key":"LiquidBronze"}],"is_trial":false,"path_per_floor":["M","?","$","M","$","E","R","M","T","E","M","M","?","M","R","B"],"character_chosen":"THE_SILENT","items_purchased":["Bouncing Flask","Footwork"],"campfire_rested":1,"item_purchase_floors":[3,3],"current_hp_per_floor":[70,70,70,70,70,70,70,64,64,36,36,21,21,8,29,0,0],"gold":152,"neow_bonus":"THREE_ENEMY_KILL","is_daily":false,"chose_seed":false,"campfire_upgraded":1,"win_rate":0.0,"timestamp":1608597560,"path_taken":["M","?","$","?","?","E","R","M","T","E","?","M","?","M","R","BOSS"],"items_purchased_type":["Card","Card"],"build_version":"2020-12-13","purchased_purges":0,"victory":false,"max_hp_per_floor":[70,70,70,70,70,70,70,70,70,70,70,70,70,70,70,70,70],"card_choices":[{"not_picked":["Dodge and Roll","Footwork"],"picked":"Poisoned Stab","floor":1.0},{"not_picked":["PiercingWail","Backflip"],"picked":"Caltrops","floor":4.0},{"not_picked":["Slice","Dash"],"picked":"Noxious Fumes","floor":6.0},{"not_picked":["Prepared","PiercingWail"],"picked":"Terror","floor":8.0},{"not_picked":["PiercingWail","Dagger Throw+1"],"picked":"Die Die Die+1","floor":10},{"not_picked":["Calculated Gamble","Outmaneuver"],"picked":"Predator+1","floor":11},{"not_picked":["Skewer+1","Night Terror"],"picked":"Choke+1","floor":12},{"not_picked":["Caltrops","Slice+1"],"picked":"Dagger Throw+1","floor":14}],"player_experience":6408,"relics_obtained":[{"floor":6.0,"key":"Ginger"},{"floor":9.0,"key":"Molten Egg 2"},{"floor":10,"key":"Potion Belt"}],"event_choices":[{"cards_removed":["Poisoned Stab"],"damage_healed":0.0,"max_hp_gain":0.0,"max_hp_loss":0.0,"gold_gain":0.0,"event_name":"NoteForYourself","player_choice":"Took Card","floor":2.0,"gold_loss":0.0,"damage_taken":0.0,"cards_obtained":["Iron Wave"]},{"damage_healed":0,"gold_gain":0,"player_choice":"Searched \u00270\u0027 times","damage_taken":0,"max_hp_gain":0,"max_hp_loss":0,"event_name":"Dead Adventurer","floor":13,"gold_loss":0}],"is_beta":false,"boss_relics":[],"items_purged_floors":[],"is_endless":false,"potions_floor_spawned":[6,8,14],"killed_by":"Slime Boss","ascension_level":0}}