{"host":"9v3x998ddbx8o276","time":1608626133,"event":{"mods":["AchievementEnabler","BaseMod","Colored Map","Highlight Path","Minty Spire (QoL Compilation)","Quick Restart","Rare Cards Sparkle"],"gold_per_floor":[110,124,124,41,54,54,66,97,97,97,110,75,75,110,110,110,110],"floor_reached":16,"playtime":1252,"items_purged":[],"score":220,"play_id":"3ddcffd7-225f-47a4-9dae-03b34f5d0d02","local_time":"20201222190533","is_ascension_mode":true,"campfire_choices":[{"data":"Dash","floor":6.0,"key":"SMITH"},{"floor":10,"key":"REST"},{"data":"Venomology","floor":13,"key":"SMITH"},{"floor":15,"key":"REST"}],"circlet_count":0,"master_deck":["AscendersBane","Strike_G","Strike_G","Strike_G","Strike_G","Strike_G","Defend_G","Defend_G","Defend_G","Defend_G","Defend_G","Survivor","Neutralize","Quick Slash","Catalyst","Dash+1","Slice","Slice","Venomology+1","All Out Attack","Prepared"],"relics":["Ring of the Snake","Oddly Smooth Stone","Question Card","Incense Burner"],"acts_visited":["Exordium"],"potions_floor_usage":[8,11,14,16,16],"damage_taken":[{"damage":4.0,"enemies":"2 Louse","floor":1.0,"turns":4.0},{"damage":11.0,"enemies":"Small Slimes","floor":2.0,"turns":4.0},{"damage":0.0,"enemies":"Jaw Worm","floor":5.0,"turns":5.0},{"damage":10.0,"enemies":"Large Slime","floor":7.0,"turns":8.0},{"damage":32,"enemies":"Gremlin Nob","floor":8,"turns":4},{"damage":0,"enemies":"3 Louse","floor":11,"turns":2},{"damage":24,"enemies":"3 Sentries","floor":14,"turns":9},{"damage":24,"enemies":"The Guardian","floor":16,"turns":3}],"seed_played":"-8145893726127713557","potions_obtained":[{"floor":0.0,"key":"AttackPotion"},{"floor":0.0,"key":"Dexterity Potion"},{"floor":5.0,"key":"Explosive Potion"},{"floor":8,"key":"EssenceOfSteel"}],"is_trial":false,"path_per_floor":["M","M","?","$","M","R","M","E","T","R","M","?","R","E","R","B"],"character_chosen":"THE_SILENT","items_purchased":["Dash"],"campfire_rested":2,"item_purchase_floors":[4],"current_hp_per_floor":[55,44,44,44,44,44,34,2,2,21,21,37,37,13,32,8,8],"gold":110,"neow_bonus":"THREE_SMALL_POTIONS","is_daily":false,"chose_seed":false,"campfire_upgraded":2,"win_rate":0.0,"timestamp":1608626133,"path_taken":["M","M","?","$","M","R","M","E","T","R","M","?","R","E","R","BOSS"],"items_purchased_type":["Card"],"build_version":"2020-12-13","purchased_purges":0,"victory":false,"max_hp_per_floor":[66,66,66,66,66,66,66,66,66,66,66,66,66,66,66,66,66],"card_choices":[{"not_picked":["Acrobatics","Deflect"],"picked":"Quick Slash","floor":1.0},{"not_picked":["Distraction","Flying Knee"],"picked":"Catalyst","floor":2.0},{"not_picked":["Terror","Backflip"],"picked":"Slice","floor":5.0},{"not_picked":["Quick Slash","Heel Hook"],"picked":"Slice","floor":7.0},{"not_picked":["Acrobatics","Escape Plan"],"picked":"Venomology","floor":8},{"not_picked":["Dagger Spray","Sucker Punch","Riddle With Holes"],"picked":"All Out Attack","floor":11},{"not_picked":["Cloak And Dagger","Dagger Throw","Heel Hook"],"picked":"Prepared","floor":14}],"player_experience":2048802,"relics_obtained":[{"floor":8,"key":"Oddly Smooth Stone"},{"floor":9,"key":"Question Card"},{"floor":14,"key":"Incense Burner"}],"event_choices":[{"damage_healed":0.0,"max_hp_gain":0.0,"max_hp_loss":0.0,"gold_gain":0.0,"event_name":"Golden Wing","player_choice":"Ignored","floor":3.0,"gold_loss":0.0,"damage_taken":0.0},{"damage_healed":16,"gold_gain":0,"player_choice":"Healed","damage_taken":0,"max_hp_gain":0,"max_hp_loss":0,"event_name":"The Cleric","floor":12,"gold_loss":35}],"is_beta":false,"boss_relics":[],"items_purged_floors":[],"is_endless":false,"potions_floor_spawned":[2,5,8,14],"killed_by":"The Guardian","ascension_level":20}}