{"host":"knoo6yq0od847mqf","time":1608666050,"event":{"mods":["BaseMod","Bestiary","CatGirl Mod","Displayed Cursed Tome","Downfall","Hubris","Marisa????????","Minty Spire (QoL Compilation)","Replay The Spire","StSLib","The Alterego","The Bug Knight","The Dragon Tamer"],"gold_per_floor":[369,78,78,93,108,108,126,126,126,157,173,193,193,193,193,290,290,308,320,331,331,346,87,87,87,87],"floor_reached":25,"playtime":1439,"items_purged":[],"score":205,"play_id":"d0b01458-8cce-4cd9-80cd-9856d723aa87","local_time":"20201222204050","is_ascension_mode":false,"campfire_choices":[{"data":"HollowMod:Hiveblood","floor":6,"key":"SMITH"},{"data":"HollowMod:FastStrike","floor":8,"key":"SMITH"},{"data":"HollowMod:CloakDash","floor":13,"key":"SMITH"},{"data":"HollowMod:DungDefenderAura","floor":15,"key":"SMITH"},{"data":"HollowMod:SlysStrikes","floor":24,"key":"SMITH"}],"circlet_count":0,"master_deck":["HollowMod:NailStrikeStart","HollowMod:NailStrikeStart","HollowMod:NailStrikeStart","HollowMod:QuickDashStart","HollowMod:QuickDashStart","HollowMod:QuickDashStart","HollowMod:QuickDashStart","HollowMod:FocusHealStart","HollowMod:PogoStrike","HollowMod:Hiveblood+1","HollowMod:FastStrike+1","HollowMod:CloakDash+1","HollowMod:DungDefenderAura+1","HollowMod:SlysStrikes+1","HollowMod:MonarchWings+1","HollowMod:AbyssShriek","HollowMod:WraithStrike+1","HollowMod:MawleksShell"],"relics":["HollowMod:VesselMask","hubris:EmptyBottle","Question Card","hubris:VirtuousBlindfold","Nloth\u0027s Gift","Matryoshka"],"acts_visited":["Exordium","TheCity"],"potions_floor_usage":[22,25,25],"damage_taken":[{"damage":2,"enemies":"Small Slimes","floor":1,"turns":4},{"damage":16,"enemies":"Jaw Worm","floor":4,"turns":5},{"damage":15,"enemies":"Cultist","floor":5,"turns":4},{"damage":30,"enemies":"Gremlin Gang","floor":7,"turns":12},{"damage":48,"enemies":"3 Sentries","floor":10,"turns":9},{"damage":22,"enemies":"2 Fungi Beasts","floor":11,"turns":7},{"damage":25,"enemies":"Blue Slaver","floor":12,"turns":5},{"damage":55,"enemies":"The Guardian","floor":16,"turns":11},{"damage":14,"enemies":"3 Byrds","floor":18,"turns":4},{"damage":21,"enemies":"Shell Parasite","floor":19,"turns":6},{"damage":26,"enemies":"Snake Plant","floor":20,"turns":4},{"damage":42,"enemies":"Centurion and Healer","floor":22,"turns":8},{"damage":97,"enemies":"Book of Stabbing","floor":25,"turns":6}],"seed_played":"-3067541634826945791","potions_obtained":[{"floor":4,"key":"SpeedPotion"},{"floor":11,"key":"Weak Potion"},{"floor":16,"key":"DuplicationPotion"}],"is_trial":false,"path_per_floor":["M","$","?","M","M","R","M","R","T","E","M","M","R","?","R","B",null,"M","M","M","?","M","$","R","E"],"character_chosen":"THE_BUGKNIGHT","items_purchased":["HollowMod:Hiveblood","hubris:EmptyBottle","Matryoshka"],"campfire_rested":0,"item_purchase_floors":[2,2,23],"current_hp_per_floor":[58,58,75,75,69,69,75,75,75,61,74,73,73,73,73,52,75,75,75,73,73,69,69,69,0,0],"gold":87,"neow_bonus":"TWO_FIFTY_GOLD","is_daily":false,"chose_seed":false,"campfire_upgraded":5,"win_rate":0.0,"timestamp":1608666050,"path_taken":["M","$","?","M","M","R","M","R","T","E","M","M","R","?","R","BOSS","M","M","M","?","?","$","R","E"],"items_purchased_type":["Card","Relic","Relic"],"build_version":"2020-12-13","purchased_purges":0,"victory":false,"max_hp_per_floor":[75,75,75,75,75,75,75,75,75,75,75,75,75,75,75,75,75,75,75,75,75,75,75,75,75,75],"card_choices":[{"not_picked":["HollowMod:VengefulVoid","HollowMod:SoulSplash","HollowMod:SiblingsSouls"],"picked":"SKIP","floor":1},{"not_picked":["HollowMod:SoulStrike","HollowMod:LifebloodCocoon"],"picked":"HollowMod:FastStrike","floor":4},{"not_picked":["HollowMod:GreatSlash","HollowMod:WraithStrike","HollowMod:SiblingsSouls"],"picked":"SKIP","floor":5},{"not_picked":["HollowMod:SoulStrike","HollowMod:DashSlash","HollowMod:NewGlowingWomb"],"picked":"SKIP","floor":7},{"not_picked":["HollowMod:DoubleDash","HollowMod:MidwifesHunger","HollowMod:CornifersMapStart"],"picked":"HollowMod:CloakDash","floor":10},{"not_picked":["HollowMod:SoulSplash","HollowMod:DashSlash","HollowMod:SoulStrike","HollowMod:NewGlowingWomb"],"picked":"SKIP","floor":11},{"not_picked":["HollowMod:NewGlowingWomb","HollowMod:LifebloodCocoon","HollowMod:DreamGate","HollowMod:VengefulVoid"],"picked":"SKIP","floor":12},{"not_picked":["HollowMod:LordofShades","HollowMod:Hiveblood","HollowMod:SoulMaster"],"picked":"HollowMod:SlysStrikes","floor":16},{"not_picked":["HollowMod:CornifersMapStart","HollowMod:SharpenedShadows","HollowMod:ShadowDash"],"picked":"HollowMod:MonarchWings+1","floor":18},{"not_picked":["HollowMod:HeavyBlow","HollowMod:ShapeofUnn","HollowMod:DreamGate+1"],"picked":"HollowMod:AbyssShriek","floor":19},{"not_picked":["HollowMod:LifebloodCocoon","HollowMod:DoubleDash","HollowMod:HeavyBlow"],"picked":"HollowMod:WraithStrike+1","floor":20},{"not_picked":["HollowMod:NewLittleFool","HollowMod:HeavyBlow","HollowMod:DashSlash+1"],"picked":"HollowMod:MawleksShell","floor":22}],"player_experience":197428,"relics_obtained":[{"floor":9,"key":"Question Card"},{"floor":10,"key":"HollowMod:KingsBrand"}],"event_choices":[{"damage_healed":25,"gold_gain":0,"player_choice":"Banana","damage_taken":0,"max_hp_gain":0,"max_hp_loss":0,"event_name":"Big Fish","floor":3,"gold_loss":0},{"damage_healed":0,"gold_gain":0,"cards_transformed":["HollowMod:NailStrikeStart"],"player_choice":"Transformed","damage_taken":0,"max_hp_gain":0,"max_hp_loss":0,"event_name":"Transmorgrifier","floor":14,"gold_loss":0,"cards_obtained":["HollowMod:DungDefenderAura"]},{"damage_healed":0,"gold_gain":0,"player_choice":"Traded Relic","damage_taken":0,"relics_obtained":["Nloth\u0027s Gift"],"max_hp_gain":0,"max_hp_loss":0,"event_name":"N\u0027loth","floor":21,"relics_lost":["HollowMod:KingsBrand"],"gold_loss":0}],"is_beta":false,"boss_relics":[{"not_picked":["Black Star","hubris:BlackHole"],"picked":"hubris:VirtuousBlindfold"}],"items_purged_floors":[],"is_endless":false,"potions_floor_spawned":[4,11,16,22],"killed_by":"Book of Stabbing","ascension_level":0}}