{"host":"63o2iqaaus9jfjk5","time":1608600569,"event":{"mods":["AchievementEnabler","BaseMod","Better Altar","Better Match","Better Note","Better Sensory Stone","Better Skull","Better Third Choice","Better-Laid Plans","Displayed Cursed Tome","Downfall","Lobotomy","Minty Spire (QoL Compilation)","RNG Fix","Replay The Spire","StSLib"],"gold_per_floor":[99,113,124,176,276,290,340,8,30,30,58,86,86,86,107,107,107,107],"floor_reached":16,"playtime":1516,"items_purged":[],"score":94,"play_id":"27944766-dc50-4014-92ec-f12c6aae76e8","local_time":"20201221192929","is_ascension_mode":false,"campfire_choices":[{"data":"hexamod:Sear","floor":1,"key":"SMITH"},{"floor":13,"key":"REST"}],"circlet_count":0,"master_deck":["hexamod:Strike","hexamod:Strike","hexamod:Strike","hexamod:Strike","hexamod:Defend","hexamod:Defend","hexamod:Defend","hexamod:Defend","hexamod:Sear+1","hexamod:Float","hexamod:StepThrough","hexamod:HauntingEcho","hexamod:RecurringNightmare","hexamod:BurningTouch","hexamod:SecondSeal","hexamod:GhostOfSpirePresent","hexamod:InspiringFlames","hexamod:HeatCrush","hexamod:SpectersWail","hexamod:BacktrackSmack","hexamod:TimeOfNeed","hexamod:GhostflameBarrier"],"relics":["hexamod:SpiritBrand","Iron Hammer","ReplayTheSpireMod:Lightbulb","Pantograph","downfall:BrokenWingStatue","Gremlin Horn"],"acts_visited":["Exordium"],"potions_floor_usage":[8,16,16],"damage_taken":[{"damage":0,"enemies":"2 Louse","floor":2,"turns":3},{"damage":6,"enemies":"Jaw Worm","floor":3,"turns":3},{"damage":0,"enemies":"Cultist","floor":6,"turns":3},{"damage":0,"enemies":"downfall:FleeingMerchant","floor":8,"turns":4},{"damage":19,"enemies":"Exordium Thugs","floor":9,"turns":5},{"damage":11,"enemies":"Gremlin Gang","floor":11,"turns":5},{"damage":7,"enemies":"2 Fungi Beasts","floor":12,"turns":3},{"damage":19,"enemies":"Exordium Thugs","floor":15,"turns":6},{"damage":36,"enemies":"downfall:Silent","floor":16,"turns":8}],"seed_played":"527988577477308905","potions_obtained":[{"floor":3,"key":"FearPotion"},{"floor":6,"key":"Guardian:BlockOnCardUsePotion"},{"floor":9,"key":"FearPotion"}],"is_trial":false,"path_per_floor":["R","M","M","?","?","M","T","$","M","?","M","M","R","T","M","B"],"character_chosen":"THE_SPIRIT","items_purchased":["Pantograph","hexamod:InspiringFlames","hexamod:HeatCrush"],"campfire_rested":1,"item_purchase_floors":[8,8,8],"current_hp_per_floor":[77,77,71,41,41,41,41,41,22,22,11,4,27,27,8,0,0,0],"gold":107,"neow_bonus":"TEN_PERCENT_HP_BONUS","is_daily":false,"chose_seed":false,"campfire_upgraded":1,"win_rate":0.0,"timestamp":1608600569,"path_taken":["R","M","M","?","?","?","T","?","?","?","?","M","R","?","M","BOSS"],"items_purchased_type":["Relic","Card","Card"],"build_version":"2020-12-13","purchased_purges":0,"victory":false,"max_hp_per_floor":[77,77,77,77,77,77,77,77,77,77,77,77,77,77,77,77,77,77],"card_choices":[{"not_picked":["hexamod:PhantomFireball","hexamod:Again"],"picked":"hexamod:StepThrough","floor":2},{"not_picked":["hexamod:Hexaguard","hexamod:GhostShield"],"picked":"hexamod:HauntingEcho","floor":3},{"not_picked":["hexamod:RadiantFlame","hexamod:SpectersWail"],"picked":"hexamod:RecurringNightmare","floor":4},{"not_picked":["hexamod:SwordOfDarkness","hexamod:FastForward"],"picked":"hexamod:BurningTouch","floor":4},{"not_picked":["hexamod:HeatShield","hexamod:GhostflameBarrier"],"picked":"hexamod:SecondSeal","floor":6},{"not_picked":["hexamod:Incineration","hexamod:AdvancingGuard"],"picked":"hexamod:GhostOfSpirePresent","floor":8},{"not_picked":["hexamod:NightmareGuise","hexamod:RainOfEmbers"],"picked":"hexamod:SpectersWail","floor":9},{"not_picked":["hexamod:PhantomCloak","hexamod:NightmareGuise"],"picked":"hexamod:BacktrackSmack","floor":11},{"not_picked":["hexamod:GhostLash","hexamod:Hexaguard"],"picked":"hexamod:TimeOfNeed","floor":12},{"not_picked":["hexamod:GhostOfSpirePresent","hexamod:AdvancingGuard"],"picked":"hexamod:GhostflameBarrier","floor":15}],"player_experience":101481,"relics_obtained":[{"floor":4,"key":"Iron Hammer"},{"floor":7,"key":"ReplayTheSpireMod:Lightbulb"},{"floor":14,"key":"Gremlin Horn"}],"event_choices":[],"is_beta":false,"boss_relics":[],"items_purged_floors":[],"is_endless":false,"potions_floor_spawned":[3,6,9],"killed_by":"downfall:Silent","ascension_level":0}}