{"host":"y56d1fjpgcjsodvy","time":1608629063,"event":{"mods":["BaseMod","Colored Powertips","GifTheSpireLib","Highlight Path","Minty Spire (QoL Compilation)","StSLib","SuperFastMode","everything is the same but u backflip on backflip"],"gold_per_floor":[113,113,133,58,208,208,236,20,68,79,39,49,83,97,97,176,176,187,16,16,27,27,27],"floor_reached":22,"playtime":604,"items_purged":["Strike_G"],"score":438,"play_id":"5cfb7311-a885-405f-868b-b4e349a62334","local_time":"20201222182423","is_ascension_mode":true,"campfire_choices":[{"data":"Neutralize","floor":6,"key":"SMITH"},{"data":"Blade Dance","floor":15,"key":"SMITH"}],"circlet_count":0,"master_deck":["AscendersBane","Strike_G","Strike_G","Strike_G","Strike_G","Defend_G","Defend_G","Defend_G","Defend_G+1","Defend_G+1","Survivor","Neutralize+1","Predator","Backflip","Doubt","Blade Dance+1","Finesse","Blood for Blood","CutThroughFate","Demon Form","Study+1","Buffer","Accuracy","Footwork","Deflect","Finesse","Crescendo"],"relics":["Ring of the Snake","NeowsBlessing","MealTicket","PrismaticShard","PreservedInsect","Tiny Chest","HoveringKite","Orrery"],"acts_visited":["Exordium","TheCity"],"potions_floor_usage":[12,16,16],"damage_taken":[{"damage":0,"enemies":"Small Slimes","floor":1,"turns":1},{"damage":0,"enemies":"Jaw Worm","floor":3,"turns":1},{"damage":0,"enemies":"3 Sentries","floor":7,"turns":1},{"damage":3,"enemies":"Cultist","floor":10,"turns":4},{"damage":0,"enemies":"Exordium Wildlife","floor":12,"turns":3},{"damage":3,"enemies":"Gremlin Nob","floor":13,"turns":3},{"damage":3,"enemies":"Red Slaver","floor":14,"turns":4},{"damage":42,"enemies":"Slime Boss","floor":16,"turns":10},{"damage":45,"enemies":"Spheric Guardian","floor":18,"turns":6},{"damage":11,"enemies":"3 Byrds","floor":21,"turns":9},{"damage":17,"enemies":"Cultist and Chosen","floor":22,"turns":3}],"seed_played":"1367086752841358110","potions_obtained":[{"floor":1,"key":"PowerPotion"},{"floor":7,"key":"Weak Potion"},{"floor":11,"key":"AttackPotion"},{"floor":14,"key":"Strength Potion"}],"is_trial":false,"path_per_floor":["M","?","M","$","?","R","E","$","T","M","?","M","E","M","R","B",null,"M","$","?","M","M"],"character_chosen":"THE_SILENT","items_purchased":["PrismaticShard","Blade Dance","Orrery"],"campfire_rested":0,"item_purchase_floors":[8,8,19],"current_hp_per_floor":[59,39,39,39,39,39,39,54,54,51,51,51,48,45,45,3,50,5,20,20,9,0,0],"gold":27,"neow_bonus":"THREE_ENEMY_KILL","is_daily":false,"chose_seed":false,"campfire_upgraded":2,"win_rate":0.0,"timestamp":1608629063,"path_taken":["M","?","M","$","?","R","E","$","T","?","?","M","E","M","R","BOSS","M","?","?","M","M"],"items_purchased_type":["Relic","Card","Relic"],"build_version":"2020-12-13","purchased_purges":1,"victory":false,"max_hp_per_floor":[66,66,66,66,66,66,66,66,66,66,66,66,66,66,66,66,66,66,66,66,66,66,66],"card_choices":[{"not_picked":["Underhanded Strike","Endless Agony"],"picked":"Predator","floor":1},{"not_picked":["Dagger Spray","Dodge and Roll"],"picked":"Backflip","floor":3},{"not_picked":["Quick Slash","Cloak And Dagger","Dagger Throw"],"picked":"SKIP","floor":7},{"not_picked":["Fasting2","Slice"],"picked":"Finesse","floor":10},{"not_picked":["CutThroughFate","Compile Driver"],"picked":"Blood for Blood","floor":12},{"not_picked":["Poisoned Stab","Doom and Gloom","Multi-Cast"],"picked":"SKIP","floor":13},{"not_picked":["Poisoned Stab","Doom and Gloom","Multi-Cast"],"picked":"SKIP","floor":13},{"not_picked":["Underhanded Strike","Perfected Strike"],"picked":"CutThroughFate","floor":14},{"not_picked":["Thunder Strike","Phantasmal Killer"],"picked":"Demon Form","floor":16},{"not_picked":["Quick Slash","Rage"],"picked":"Study+1","floor":18},{"not_picked":["ThirdEye","Clothesline"],"picked":"Buffer","floor":19},{"not_picked":["Twin Strike","FollowUp"],"picked":"Accuracy","floor":19},{"not_picked":["Doom and Gloom","Dark Shackles"],"picked":"Footwork","floor":19},{"not_picked":["Wild Strike","Vengeance+1"],"picked":"Deflect","floor":19},{"not_picked":["Skewer","Protect"],"picked":"Crescendo","floor":21}],"player_experience":1173682,"relics_obtained":[{"floor":7,"key":"MealTicket"},{"floor":9,"key":"PreservedInsect"},{"floor":13,"key":"Tiny Chest"}],"event_choices":[{"damage_healed":0,"gold_gain":0,"player_choice":"Entered Light","damage_taken":20,"max_hp_gain":0,"max_hp_loss":0,"event_name":"Shining Light","floor":2,"gold_loss":0,"cards_upgraded":["Defend_G","Defend_G"]},{"damage_healed":0,"gold_gain":150,"player_choice":"AGREE","damage_taken":0,"max_hp_gain":0,"max_hp_loss":0,"event_name":"Liars Game","floor":5,"gold_loss":0,"cards_obtained":["Doubt"]},{"damage_healed":0,"gold_gain":0,"player_choice":"Bought 3 Potions","damage_taken":0,"max_hp_gain":0,"max_hp_loss":0,"event_name":"The Woman in Blue","floor":11,"gold_loss":0},{"damage_healed":0,"gold_gain":0,"player_choice":"Copied","damage_taken":0,"max_hp_gain":0,"max_hp_loss":0,"event_name":"Duplicator","floor":20,"gold_loss":0,"cards_obtained":["Finesse"]}],"is_beta":false,"boss_relics":[{"not_picked":["Astrolabe","Velvet Choker"],"picked":"HoveringKite"}],"items_purged_floors":[4],"is_endless":false,"potions_floor_spawned":[1,7,10,14],"killed_by":"Cultist and Chosen","ascension_level":20}}