{"host":"kqqjvufdj6ouyvqb","time":1608646289,"event":{"mods":["ATMod(阿瑾Mod)","Act Like it!","BaseMod","Colored Powertips","Downfall","Hallownest","HololiveMod","Lobotomy","LobotomyExtend","Minty Spire (QoL Compilation)","Prisma Mod","Quick Restart","Replay The Spire","StSLib","The Alterego","The Construct","The Gatherer","WarShipGirlsR/战舰少女R mod","[IsaacMod]以撒尖塔"],"gold_per_floor":[79,79,103,118,135,135,154,184,260,280,280,280,305,305,305,408,408,427,427,337,56,84,125,169,12,12,12,54,54,79,113,113,230,230,259,86,94,94],"floor_reached":37,"playtime":1881,"items_purged":[],"score":589,"play_id":"9c952508-bbda-4fc8-a6c6-34f0b9405a5c","local_time":"20201222221129","is_ascension_mode":true,"campfire_choices":[{"data":"Hololive_RecruitS","floor":6,"key":"SMITH"},{"data":"AT_FamilyPortrait","floor":11,"key":"SMITH"},{"data":"Hololive_RecruitS","floor":15,"key":"SMITH"},{"data":"Hololive_Rebirth","floor":32,"key":"SMITH"}],"circlet_count":0,"master_deck":["Hololive_RecruitS+1","Hololive_RecruitS+1","Hololive_RecruitS+1","Hololive_RecruitS+1","Hololive_Defend","AT_FamilyPortrait+1","Hololive_Rebound","Hololive_Trident","Hololive_ASMR+1","Hololive_LuckPotion","Hololive_RevenueBasedLive","Hololive_FlyingPonyTail","Hololive_FlareMind","Hololive_Rebirth+1","Hololive_IdolExercise","Mayhem","Replay:SS_forest_6","expansioncontent:StudyTheSpire","Hololive_HuntDinosaur","Hololive_ScarfAndHalo+1","Hololive_FlyingPonyTail","Hololive_LuckPotion","Hololive_Thief","AT_EmpoweredMortalDraw"],"relics":["Hololive_YagooBigFamily","HushsDoor","AT_ATBox","Painkiller Herb","BookOfRevelations","LetterFromLob","AT_ChloranthyRing","Divine Protection","Sundial","Nunchaku","Moonlight_r","ShedSkin_r","AT_TrinityForce","Red Mask","Hallownest:StagBellRelic1","ReplayTheSpireMod:ShopPack","Replay:Mystery Machine","Bottled Tornado","Whetstone","Ornamental Fan","Mercury Hourglass","Busted Crown","DeathBook"],"acts_visited":["Exordium","Hallownest:Greenpath","Hallownest:CityofTears"],"potions_floor_usage":[8,16,24,33,33,35],"damage_taken":[{"damage":0,"enemies":"Hallownest:monsterHuskWarrior","floor":1,"turns":4},{"damage":0,"enemies":"2_ Uuma","floor":4,"turns":3},{"damage":0,"enemies":"Hallownest:2_MossCreeps","floor":5,"turns":4},{"damage":0,"enemies":"Hallownest:MossCreep_and_Mosskin","floor":7,"turns":4},{"damage":0,"enemies":"Hallownest:eliteCrystalGuardian","floor":8,"turns":4},{"damage":0,"enemies":"Hallownest:1_Baldur_1_Crawlid_1_Warrior","floor":10,"turns":3},{"damage":0,"enemies":"Hallownest:eliteMossKnight","floor":13,"turns":2},{"damage":0,"enemies":"Hallownest:BossFalseKnight","floor":16,"turns":7},{"damage":0,"enemies":"Hallownest:2_Mistakes","floor":18,"turns":1},{"damage":0,"enemies":"Hallownest:3_Youths","floor":22,"turns":3},{"damage":0,"enemies":"Hallownest:Glutton_and_Coward","floor":23,"turns":3},{"damage":0,"enemies":"Hallownest:eliteWatcherKnight","floor":24,"turns":8},{"damage":0,"enemies":"Hallownest:2_Flukemon","floor":28,"turns":6},{"damage":0,"enemies":"Hallownest:3_Mistakes","floor":30,"turns":4},{"damage":0,"enemies":"Hallownest:Nosk","floor":31,"turns":4},{"damage":0,"enemies":"Hallownest:BossMantisLord","floor":33,"turns":4},{"damage":0,"enemies":"Hallownest:2_Littles","floor":35,"turns":3},{"damage":0,"enemies":"Hallownest:Shield_Heavy","floor":37,"turns":3}],"seed_played":"-3797641484904841909","potions_obtained":[{"floor":4,"key":"FearPotion"},{"floor":8,"key":"Regen Potion"},{"floor":10,"key":"Guardian:BlockOnCardUsePotion"},{"floor":23,"key":"Fire Potion"},{"floor":24,"key":"ColorlessPotion"},{"floor":31,"key":"Fire Potion"},{"floor":33,"key":"LiquidBronze"}],"is_trial":false,"path_per_floor":["?","?","T","?","?","T","?","E","T","?","T","?","E","?","T","B",null,"?","?","?","T","?","?","E","T","T","?","?","T","?","E","T","B",null,"?","T","?"],"character_chosen":"Hololive_HololiveCharacter","items_purchased":["Hololive_Rebirth","Hololive_IdolExercise","ReplayTheSpireMod:ShopPack","Replay:Mystery Machine","Whetstone","DeathBook","AT_EmpoweredMortalDraw"],"campfire_rested":0,"item_purchase_floors":[17,17,21,21,25,34,36],"current_hp_per_floor":[32,32,32,32,32,32,32,32,32,32,32,32,32,12,12,26,27,27,27,27,27,27,27,27,27,27,27,27,27,27,27,27,27,17,17,17,0,0],"gold":94,"neow_bonus":"BOSS_RELIC","is_daily":false,"chose_seed":false,"campfire_upgraded":4,"win_rate":0.0,"timestamp":1608646289,"path_taken":["?","?","?","?","?","T","?","E","T","?","T","?","E","?","T","BOSS","?","?","?","T","?","?","E","?","T","?","?","T","?","E","T","BOSS","?","?","?"],"items_purchased_type":["Card","Card","Relic","Relic","Relic","Relic","Card"],"build_version":"2020-12-13","purchased_purges":0,"victory":false,"max_hp_per_floor":[35,35,35,35,35,35,35,35,35,35,35,35,35,35,35,35,27,27,27,27,27,27,27,27,27,27,27,27,27,27,27,27,27,17,17,17,17,17],"card_choices":[{"not_picked":[],"picked":"SuicideKing","floor":0},{"not_picked":["Hololive_CallMinatoAqua","Hololive_Sequa"],"picked":"Hololive_Rebound","floor":1},{"not_picked":["Hololive_Trident","Hololive_Psychosis"],"picked":"Hololive_FlyingPonyTail","floor":4},{"not_picked":["Hololive_CallManoAloe","Hololive_Sequa"],"picked":"Hololive_Trident","floor":5},{"not_picked":["Hololive_CallAZKi","Hololive_CocoNews"],"picked":"Hololive_ASMR","floor":7},{"not_picked":["Hololive_CallYogiri","Hololive_CallManoAloe"],"picked":"Hololive_LuckPotion","floor":8},{"not_picked":["Hololive_FlyingPonyTail","Hololive_CallArtia"],"picked":"Hololive_RevenueBasedLive","floor":10},{"not_picked":["Hololive_CallYogiri","Hololive_CocoNews"],"picked":"Hololive_FlyingPonyTail","floor":13},{"not_picked":["Hololive_OpenUp","Hololive_DDD"],"picked":"Hololive_FlareMind","floor":16},{"not_picked":["Hololive_Breathe","Hololive_RevenueBasedLive","Hololive_Watashimo+1"],"picked":"SKIP","floor":18},{"not_picked":["SuicideKing","Battery"],"picked":"Mayhem","floor":21},{"not_picked":["Good Instincts","Crow Ritual"],"picked":"Replay:SS_forest_6","floor":21},{"not_picked":["AT_PowerWithin","expansioncontent:Torchfire"],"picked":"expansioncontent:StudyTheSpire","floor":21},{"not_picked":["Hololive_FlyingPonyTail","Hololive_Psychosis+1"],"picked":"Hololive_HuntDinosaur","floor":22},{"not_picked":["Hololive_CallYukihanaLamy+1","Hololive_CallYuzukiChoco"],"picked":"Hololive_ScarfAndHalo","floor":23},{"not_picked":["Hololive_CallKiryuuCoco+1","Hololive_Psychosis"],"picked":"Hololive_FlyingPonyTail","floor":24},{"not_picked":["Hololive_CocoNews","Hololive_RevenueBasedLive+1"],"picked":"Hololive_LuckPotion","floor":28},{"not_picked":["Hololive_CallOmaruPolka+1","Hololive_Drill","Hololive_CallYogiri"],"picked":"SKIP","floor":30},{"not_picked":["Hololive_RevenueBasedLive","Hololive_CallAyundaRisu","Hololive_CallTokinoSora"],"picked":"SKIP","floor":31},{"not_picked":["Hololive_DiamondStrike","Hololive_HighAtkLowDef"],"picked":"Hololive_Thief","floor":33},{"not_picked":["Hololive_CallNekomataOkayu"],"picked":"SKIP","floor":35}],"player_experience":204252,"relics_obtained":[{"floor":1,"key":"LetterFromLob"},{"floor":3,"key":"AT_ChloranthyRing"},{"floor":8,"key":"Divine Protection"},{"floor":9,"key":"Sundial"},{"floor":13,"key":"Nunchaku"},{"floor":24,"key":"Bottled Tornado"},{"floor":26,"key":"Ornamental Fan"},{"floor":31,"key":"Mercury Hourglass"}],"event_choices":[],"is_beta":false,"boss_relics":[{"not_picked":["Hololive_ChaosS","construct:ClawGrip"],"picked":"AT_TrinityForce"},{"not_picked":[]},{"not_picked":["Velvet Choker","Hololive_Finger"],"picked":"Busted Crown"},{"not_picked":[]}],"items_purged_floors":[],"is_endless":false,"potions_floor_spawned":[4,8,10,23,24,31,33],"killed_by":"Hallownest:Shield_Heavy","ascension_level":6}}