{"host":"mgc7o2tpy0ck407l","time":1608654277,"event":{"mods":["Alarm Clock","AlwaysNeverKeys","BaseMod","Better Altar","Better Match","Better Note","Better Sensory Stone","Better Skull","Better Third Choice","Better Vampires","Block Reminder","Booster Modes","Challenge The Spire","Clawfect","Colored Map","Colored Powertips","Disable Question Mark Monsters","Emptier Cage","Infinite Spire","Minty Spire (QoL Compilation)","Permanent Neow","Quick Restart","Rare Cards Sparkle","Reorder Act Four","Replay The Spire","Spicy Shops","StSLib","The Blue Laboratory","Transform Curses","Unceasing Turn Reminder"],"gold_per_floor":[114,132,132,132,31,58,58,71,124,54,54,71,71,71,71,172,172,185,41,58,58,58,86,105,123,123,141,141,141,159,176,176,276,276,305,355,394,131,337,337,281,281,281,327,363,363,363,363],"floor_reached":47,"playtime":2325,"items_purged":["Overencumbered","Shame"],"score":825,"play_id":"1921c1d8-15a9-49b2-8c55-718a5d8aa876","local_time":"20201222112437","is_ascension_mode":true,"campfire_choices":[{"data":"Clawfect:ClawingBeam","floor":15.0,"key":"SMITH"},{"data":"Pot Of Greed","floor":28.0,"key":"SMITH"},{"data":"Pot Of Greed","floor":32.0,"key":"SMITH"},{"data":"Pot Of Greed","floor":40,"key":"SMITH"},{"data":"infinitespire:NeuralNetwork","floor":46,"key":"SMITH"}],"circlet_count":0,"master_deck":["Gash+1","Gash","Gash+1","Gash","Gash","Defend_B","Defend_B","Defend_B","Defend_B","Defend_B","Self Repair+1","Clawfect:ClawingBeam+1","Clawfect:ClawingBeam","Pot Of Greed+1","Pot Of Greed+1","Clawfect:Clawline+1","Echo Form","Clawfect:ClawForTheEyes","Clawfect:Clawrage+1","Violence","Dramatic Entrance","ReplayTheSpireMod:Splinters","Panic Button+1","Pot Of Greed+1","infinitespire:Gouge","infinitespire:NeuralNetwork+1","Clawfect:Clawrage"],"relics":["Boot","Replay:Wax Seal","HandDrill","ReplayTheSpireMod:Ninjato","Art of War","Smiling Mask","Bag of Preparation","Ring of Chaos","Grinning Jar","Nloth\u0027s Gift","ReplayTheSpireMod:TigerMarble","Chameleon Ring","Emotion Chip","infinitespire:EvilPickle","Nuclear Battery","Prayer Wheel","ReplayTheSpireMod:CursedCoin","Happy Flower","Mummified Hand","infinitespire:Satchel"],"acts_visited":["Exordium","TheCity","TheBeyond"],"potions_floor_usage":[47,47],"damage_taken":[{"damage":2.0,"enemies":"Small Slimes","floor":1.0,"turns":4.0},{"damage":6.0,"enemies":"2 Louse","floor":2.0,"turns":4.0},{"damage":51.0,"enemies":"Gremlin Nob","floor":6.0,"turns":6.0},{"damage":3.0,"enemies":"Cultist","floor":8.0,"turns":5.0},{"damage":0.0,"enemies":"Lagavulin","floor":10.0,"turns":4.0},{"damage":2.0,"enemies":"3 Louse","floor":12.0,"turns":2.0},{"damage":10.0,"enemies":"Hexaghost","floor":16.0,"turns":3.0},{"damage":15.0,"enemies":"2 Thieves","floor":18.0,"turns":3.0},{"damage":10.0,"enemies":"3 Byrds","floor":20.0,"turns":4.0},{"damage":21.0,"enemies":"Replay:Snechameleon","floor":23.0,"turns":5.0},{"damage":0.0,"enemies":"Snecko","floor":24.0,"turns":2.0},{"damage":7.0,"enemies":"3 Cultists","floor":25.0,"turns":4.0},{"damage":0.0,"enemies":"Cultist and Chosen","floor":27.0,"turns":3.0},{"damage":0.0,"enemies":"Centurion and Healer","floor":30.0,"turns":3.0},{"damage":7.0,"enemies":"Shelled Parasite and Fungi","floor":31.0,"turns":2.0},{"damage":23.0,"enemies":"Pondfish","floor":33.0,"turns":3.0},{"damage":4.0,"enemies":"3 Darklings","floor":35.0,"turns":5.0},{"damage":0.0,"enemies":"Mind Bloom Boss Battle","floor":36.0,"turns":3.0},{"damage":14.0,"enemies":"3 Shapes","floor":37.0,"turns":2.0},{"damage":2,"enemies":"Nemesis","floor":41,"turns":1},{"damage":0,"enemies":"Reptomancer","floor":44,"turns":1},{"damage":0,"enemies":"Maw","floor":45,"turns":2},{"damage":72,"enemies":"Nightmare","floor":47,"turns":4}],"seed_played":"3437210404028052370","potions_obtained":[{"floor":2.0,"key":"blueLaboratory:RecallPotion"},{"floor":6.0,"key":"blueLaboratory:FrostheartPotion"},{"floor":16.0,"key":"blueLaboratory:BubblePotion"},{"floor":18.0,"key":"blueLaboratory:BottleOfRum"},{"floor":23.0,"key":"blueLaboratory:BubblePotion"},{"floor":27.0,"key":"AttackPotion"},{"floor":33.0,"key":"blueLaboratory:CoolantVial"},{"floor":37.0,"key":"blueLaboratory:CorrosionFlask"},{"floor":41,"key":"blueLaboratory:FruitPunch"}],"is_trial":false,"path_per_floor":["M","M","?","?","$","E","?","M","T","E","$","M","?","?","R","B",null,"M","$","M","?","?","E","M","M","T","M","R","AVR","M","M","R","B",null,"M","?","M","$","?","R","E","AVR","T","E","M","R","NM"],"character_chosen":"DEFECT","items_purchased":["Replay:Wax Seal","HandDrill","Grinning Jar","Violence","Dramatic Entrance","ReplayTheSpireMod:CursedCoin"],"campfire_rested":0,"item_purchase_floors":[5,5,19,38,38,38],"current_hp_per_floor":[73,67,67,67,67,16,16,20,20,27,27,32,32,32,32,22,75,70,70,70,70,70,59,69,62,62,72,72,72,75,68,68,45,75,75,75,61,61,61,61,59,59,59,59,69,69,0,0],"gold":363,"neow_bonus":"UPGRADE_CARD","is_daily":false,"chose_seed":false,"campfire_upgraded":5,"win_rate":0.0,"timestamp":1608654277,"path_taken":["M","M","?","?","$","E","?","?","T","E","$","M","?","?","R","BOSS","M","$","M","?","?","E","?","M","T","M","R","AVR","M","?","R","BOSS","M","?","M","$","?","R","E","AVR","T","E","M","R","NM"],"items_purchased_type":["Relic","Relic","Relic","Card","Card","Relic"],"build_version":"2020-12-13","purchased_purges":2,"victory":false,"max_hp_per_floor":[75,75,75,75,75,75,75,75,75,75,75,75,75,75,75,75,75,75,75,75,75,75,75,75,75,75,75,75,75,75,75,75,75,75,75,75,75,75,75,75,75,75,75,75,75,75,78,78],"card_choices":[{"not_picked":["Recycle","Fusion"],"picked":"Reprogram","floor":1.0},{"not_picked":["Clawfect:Clawrage","Leap","Redo"],"picked":"SKIP","floor":2.0},{"not_picked":["Steam","Coolheaded"],"picked":"Self Repair","floor":6.0},{"not_picked":["Conserve Battery","Time Bomb"],"picked":"Clawfect:ClawingBeam","floor":8.0},{"not_picked":["Clawfect:Clawrage","ReplayTheSpireMod:System Scan","Aggregate"],"picked":"SKIP","floor":10.0},{"not_picked":["Leap","Turbo"],"picked":"Clawfect:ClawingBeam","floor":12.0},{"not_picked":["Clawfect:ClawingBeam","BasicCrystalCard","Hologram+1"],"picked":"SKIP","floor":18.0},{"not_picked":["Rebound+1","Clawfect:ScrapingClaw","Capacitor"],"picked":"SKIP","floor":20.0},{"not_picked":["Heatsinks","Clawfect:ClawLightning","White Noise"],"picked":"SKIP","floor":23.0},{"not_picked":["Biased Cognition","Chill+1"],"picked":"Clawfect:Clawline+1","floor":24.0},{"not_picked":["Coolheaded","Clawfect:Clawter","Aggregate"],"picked":"SKIP","floor":25.0},{"not_picked":["ReplayTheSpireMod:Calculation Training","Multi-Cast","Lockon"],"picked":"SKIP","floor":27.0},{"not_picked":["Buffer","Coolheaded","Turbo"],"picked":"SKIP","floor":30.0},{"not_picked":["Biased Cognition","BasicCrystalCard"],"picked":"Echo Form","floor":31.0},{"not_picked":["Stack","Clawfect:ClawLightning","Double Energy+1"],"picked":"SKIP","floor":35.0},{"not_picked":["Lockon+1","Fusion+1"],"picked":"Clawfect:ClawForTheEyes","floor":37.0},{"not_picked":["Aggregate+1","Rebound"],"picked":"Clawfect:Clawrage+1","floor":37.0},{"not_picked":["Clawfect:ScrapingClaw","Turbo+1"],"picked":"Panic Button+1","floor":39},{"not_picked":["ReplaySort+1","Genetic Algorithm+1","Tempest"],"picked":"SKIP","floor":41},{"not_picked":["Mirror Shield","Conserve Battery+1","Machine Learning"],"picked":"SKIP","floor":44},{"not_picked":["Reinforced Body","Leap"],"picked":"Clawfect:Clawrage","floor":45},{"not_picked":["Coolheaded+1","Consume","FTL+1"],"picked":"SKIP","floor":45}],"player_experience":691911,"relics_obtained":[{"floor":6.0,"key":"ReplayTheSpireMod:Ninjato"},{"floor":9.0,"key":"Smiling Mask"},{"floor":10.0,"key":"Bag of Preparation"},{"floor":23.0,"key":"ReplayTheSpireMod:TigerMarble"},{"floor":26.0,"key":"Chameleon Ring"},{"floor":36.0,"key":"Prayer Wheel"},{"floor":41,"key":"Happy Flower"},{"floor":43,"key":"Mummified Hand"},{"floor":44,"key":"infinitespire:Satchel"}],"event_choices":[{"damage_healed":0.0,"max_hp_gain":0.0,"max_hp_loss":0.0,"gold_gain":0.0,"event_name":"Big Fish","player_choice":"Box","floor":3.0,"gold_loss":0.0,"damage_taken":0.0,"relics_obtained":["Boot"],"cards_obtained":["Regret"]},{"cards_removed":["Reprogram"],"damage_healed":0.0,"max_hp_gain":0.0,"max_hp_loss":0.0,"gold_gain":0.0,"event_name":"WeMeetAgain","player_choice":"Gave Card","floor":7.0,"gold_loss":0.0,"damage_taken":0.0,"relics_obtained":["Art of War"]},{"damage_healed":0.0,"max_hp_gain":0.0,"max_hp_loss":0.0,"gold_gain":0.0,"event_name":"Living Wall","player_choice":"Grow","floor":13.0,"gold_loss":0.0,"damage_taken":0.0,"cards_upgraded":["Self Repair"]},{"damage_healed":0.0,"max_hp_gain":0.0,"max_hp_loss":0.0,"gold_gain":0.0,"event_name":"betterNote:BetterNote","player_choice":"Ignored","floor":21.0,"gold_loss":0.0,"damage_taken":0.0,"cards_obtained":["infinitespire:SealOfDarkness"]},{"damage_healed":0.0,"max_hp_gain":0.0,"max_hp_loss":0.0,"gold_gain":0.0,"event_name":"N\u0027loth","player_choice":"Traded Relic","floor":22.0,"relics_lost":["Clawfect:DRClaw"],"gold_loss":0.0,"damage_taken":0.0,"relics_obtained":["Nloth\u0027s Gift"]},{"damage_healed":0.0,"max_hp_gain":0.0,"max_hp_loss":0.0,"gold_gain":0.0,"event_name":"MindBloom","player_choice":"Fight","floor":36.0,"gold_loss":0.0,"damage_taken":0.0}],"is_beta":false,"boss_relics":[{"not_picked":["Fusion Hammer","Kintsugi"],"picked":"Ring of Chaos"},{"not_picked":["Honey Jar","Runic Dome"],"picked":"Nuclear Battery"}],"items_purged_floors":[38,38],"is_endless":false,"potions_floor_spawned":[2,6,16,18,23,27,31,33,37,41],"killed_by":"Nightmare","ascension_level":1}}