{"host":"wonp23fsqqcu31ie","time":1608602443,"event":{"mods":["2.2 Compatiblity","AchievementEnabler","Aspiration","BaseMod","Bestiary","Better Altar","Better Match","Better Sensory Stone","Better Skull","Better Third Choice","BetterRewards","Block Reminder","Colored Map","Colored Powertips","Conspire","DeckTracker","Displayed Cursed Tome","Downfall","Hermit","Highlight Path","Hubris","Minty Spire (QoL Compilation)","Permanent Neow","Quick Restart","Rare Cards Sparkle","Relic Stats","Replay The Spire","Shade Mod","Shop Mod","StSLib","SuperFastMode","The Animator","The Cursed","The Dragon Tamer","The Gatherer","The Necromancer","The Runesmith","The Servant 0.9.4"],"gold_per_floor":[99,111,172,1,101,26,26,11,11,27,44,64,91,76,90,186,186,111,128,146,165,175,201,201,201,219,219,231,246,8,19,35,134,134,59,59,170,170,188,216,216,235,235,267,284,301,301,313,330,330],"floor_reached":51,"playtime":2202,"items_purged":["Pain"],"score":910,"play_id":"79753f13-52ce-40a2-9343-98cf90755f4e","local_time":"20201222130043","is_ascension_mode":false,"campfire_choices":[{"floor":1,"key":"RECALL"},{"data":"champ:Taunt","floor":6,"key":"SMITH"},{"data":"champ:Lariat","floor":18,"key":"SMITH"},{"data":"champ:MurderStrike","floor":35,"key":"SMITH"},{"data":"champ:ViciousMockery","floor":43,"key":"SMITH"},{"floor":47,"key":"REST"}],"circlet_count":0,"master_deck":["champ:Strike","champ:Strike","champ:Strike","champ:Strike","champ:Defend","champ:Defend","champ:Defend","champ:Defend","champ:Execute","champ:Taunt+1","champ:BringItOn","champ:TornadoPunch","champ:TornadoPunch","champ:FlashCut","Replay:SS_hec_2+1","champ:RisingSlash","champ:FlashCut","champ:BringItOn","champ:Lariat+1","champ:HeavySlash","champ:Backstep","champ:LastStand","champ:RapidStrikes","champ:DefensiveShout+1","champ:CrookedStrike","champ:Circumvent+1","Pot Of Greed","Pot Of Greed","Pot Of Greed","champ:Improvising","champ:Encircle+1","champ:PerfectedStrike","champ:FanOfKnives","champ:ViciousMockery+1","champ:ShieldWall","champ:TornadoPunch+1","champ:MurderStrike+1","champ:FaceSlap+1","Pot Of Greed","champ:PreciseThrust+1","champ:RecklessLeap+1","champ:ArenaPreparation","champ:BerserkerStyle+1","champ:DeathBlow+1"],"relics":["aspiration:FutureDiary","Replay:Mystery Machine","champ:BerserkersGuideToSlaughter","downfall:HeartBlessingRed","Ice Cream","conspire:BottledYoYo","aspiration:PoetsPen_weak","downfall:HeartBlessingGreen","Grinning Jar","WarpedTongs","MerchantsRug","Iron Hammer","downfall:HeartBlessingBlue","Potion Belt","Thread and Needle","Ginger"],"acts_visited":["Exordium","TheCity","TheBeyond"],"potions_floor_usage":[12,14,16,20,33,33,50,50,50,50,50],"damage_taken":[{"damage":5,"enemies":"2 Louse","floor":2,"turns":3},{"damage":20,"enemies":"Gremlin Nob","floor":3,"turns":5},{"damage":20,"enemies":"downfall:FleeingMerchant","floor":4,"turns":4},{"damage":5,"enemies":"downfall:FleeingMerchant","floor":8,"turns":4},{"damage":0,"enemies":"Jaw Worm","floor":10,"turns":3},{"damage":0,"enemies":"Cultist","floor":11,"turns":2},{"damage":6,"enemies":"Large Slime","floor":12,"turns":6},{"damage":0,"enemies":"Replay:BlueRogue","floor":13,"turns":5},{"damage":1,"enemies":"downfall:FleeingMerchant","floor":14,"turns":4},{"damage":0,"enemies":"2 Fungi Beasts","floor":15,"turns":4},{"damage":14,"enemies":"downfall:Ironclad","floor":16,"turns":11},{"damage":0,"enemies":"Chosen","floor":19,"turns":5},{"damage":0,"enemies":"Snake Plant","floor":20,"turns":5},{"damage":11,"enemies":"Snecko","floor":21,"turns":5},{"damage":2,"enemies":"Shelled Parasite and Fungi","floor":22,"turns":5},{"damage":6,"enemies":"conspire:Head Lice","floor":23,"turns":11},{"damage":12,"enemies":"Cultist and Chosen","floor":26,"turns":7},{"damage":0,"enemies":"3 Cultists","floor":28,"turns":5},{"damage":20,"enemies":"Centurion and Healer","floor":29,"turns":5},{"damage":5,"enemies":"downfall:FleeingMerchant","floor":30,"turns":4},{"damage":0,"enemies":"Cultist and Chosen","floor":31,"turns":4},{"damage":3,"enemies":"Chosen and Byrds","floor":32,"turns":3},{"damage":10,"enemies":"downfall:Defect","floor":33,"turns":8},{"damage":8,"enemies":"downfall:FleeingMerchant","floor":37,"turns":4},{"damage":2,"enemies":"3 Shapes","floor":39,"turns":2},{"damage":48,"enemies":"Reptomancer","floor":40,"turns":6},{"damage":0,"enemies":"Orb Walker","floor":42,"turns":2},{"damage":18,"enemies":"Nemesis","floor":44,"turns":7},{"damage":12,"enemies":"4 Shapes","floor":45,"turns":5},{"damage":20,"enemies":"3 Darklings","floor":46,"turns":6},{"damage":0,"enemies":"Spire Growth","floor":48,"turns":5},{"damage":18,"enemies":"Jaw Worm Horde","floor":49,"turns":3},{"damage":21,"enemies":"downfall:Watcher","floor":50,"turns":5}],"seed_played":"-5232310833708099123","potions_obtained":[{"floor":11,"key":"Flashbang"},{"floor":12,"key":"SteroidPotion"},{"floor":13,"key":"Energy Potion"},{"floor":15,"key":"EssenceOfSteel"},{"floor":16,"key":"BlessingOfTheForge"},{"floor":22,"key":"LiquidBronze"},{"floor":29,"key":"Reflective Coating"},{"floor":31,"key":"champ:OpenerPotion"},{"floor":32,"key":"Languid Potion"},{"floor":33,"key":"PowerPotion"},{"floor":36,"key":"DistilledChaos"},{"floor":36,"key":"CultistPotion"},{"floor":42,"key":"Dexterity Potion"},{"floor":44,"key":"AttackPotion"}],"is_trial":false,"path_per_floor":["R","M","?","$","?","R","T","$","?","M","M","M","E","$","M","B",null,"R","M","M","M","M","E","T","?","M","?","M","M","$","M","M","B",null,"R","?","$","?","M","E","T","M","R","E","M","M","R","M","M","B",null],"character_chosen":"THE_CHAMP","items_purchased":["champ:BerserkersGuideToSlaughter","MerchantsRug"],"campfire_rested":1,"item_purchase_floors":[4,30],"current_hp_per_floor":[90,90,80,70,70,70,70,70,70,75,81,75,75,85,90,81,90,90,90,90,79,77,71,71,71,64,64,69,55,62,62,67,77,90,100,100,97,97,100,59,59,59,59,46,34,14,44,44,48,58],"gold":330,"neow_bonus":"BOSS_RELIC","is_daily":false,"chose_seed":false,"campfire_upgraded":4,"win_rate":0.0,"timestamp":1608602443,"path_taken":["R","M","?","$","?","R","T","?","?","M","M","M","E","?","M","BOSS","R","M","M","M","M","E","T","?","?","?","?","M","$","M","M","BOSS","R","?","?","?","M","E","T","M","R","E","?","M","R","M","M","BOSS"],"items_purchased_type":["Relic","Relic"],"build_version":"2020-12-13","purchased_purges":1,"victory":true,"max_hp_per_floor":[90,90,90,90,90,90,90,90,90,90,90,90,90,90,90,90,90,90,90,90,90,90,90,90,90,90,90,90,90,90,90,90,90,90,100,100,100,100,100,100,100,100,100,100,100,100,100,100,100,100],"relic_stats":{"counters":[33,163],"Ginger":[1],"obtain_stats":[{"Ice Cream":7,"Potion Belt":40,"MerchantsRug":30,"downfall:HeartBlessingRed":6,"champ:ChampionCrown":0,"downfall:HeartBlessingGreen":18,"Thread and Needle":41,"aspiration:PoetsPen_weak":17,"Ginger":44,"Replay:Mystery Machine":3,"WarpedTongs":25,"hubris:Backtick":34,"downfall:HeartBlessingBlue":35,"Iron Hammer":34,"conspire:BottledYoYo":13,"champ:BerserkersGuideToSlaughter":4,"aspiration:FutureDiary":0,"Grinning Jar":23},{"Ice Cream":3,"Potion Belt":26,"MerchantsRug":20,"downfall:HeartBlessingRed":3,"champ:ChampionCrown":0,"downfall:HeartBlessingGreen":11,"Thread and Needle":26,"aspiration:PoetsPen_weak":11,"Ginger":28,"Replay:Mystery Machine":1,"WarpedTongs":16,"hubris:Backtick":23,"downfall:HeartBlessingBlue":23,"Iron Hammer":23,"conspire:BottledYoYo":8,"champ:BerserkersGuideToSlaughter":3,"aspiration:FutureDiary":0,"Grinning Jar":16},{"Ice Cream":12,"Potion Belt":130,"MerchantsRug":103,"downfall:HeartBlessingRed":12,"champ:ChampionCrown":0,"downfall:HeartBlessingGreen":51,"Thread and Needle":130,"aspiration:PoetsPen_weak":51,"Ginger":139,"Replay:Mystery Machine":3,"WarpedTongs":82,"hubris:Backtick":118,"downfall:HeartBlessingBlue":118,"Iron Hammer":118,"conspire:BottledYoYo":32,"champ:BerserkersGuideToSlaughter":12,"aspiration:FutureDiary":0,"Grinning Jar":82}],"WarpedTongs":[70]},"card_choices":[{"not_picked":["champ:FocusedDefense","champ:BladeFlurry"],"picked":"champ:BringItOn","floor":2},{"not_picked":["champ:Haymaker","champ:FanOfKnives"],"picked":"champ:TornadoPunch","floor":3},{"not_picked":["champ:FocusedBerserking","champ:Encircle"],"picked":"champ:TornadoPunch","floor":4},{"not_picked":["champ:AdrenalArmor","champ:CrookedStrike"],"picked":"champ:FlashCut","floor":8},{"not_picked":["Magnetism","Panacea"],"picked":"Replay:SS_hec_2","floor":9},{"not_picked":["champ:TornadoPunch","champ:AdrenalArmor"],"picked":"champ:RisingSlash","floor":10},{"not_picked":["champ:SkillfulDodge","champ:TornadoPunch"],"picked":"champ:FlashCut","floor":11},{"not_picked":["champ:Backstep","champ:AdrenalArmor"],"picked":"champ:BringItOn","floor":12},{"not_picked":["champ:AdrenalArmor","champ:BerserkersShout"],"picked":"champ:Lariat","floor":13},{"not_picked":["champ:CalledShot","champ:BringItOn"],"picked":"champ:HeavySlash","floor":14},{"not_picked":["champ:BladeFlurry","champ:EndlessRage"],"picked":"champ:Backstep","floor":15},{"not_picked":["champ:ShieldThrow","champ:HeavySlash"],"picked":"champ:LastStand","floor":16},{"not_picked":["champ:Encircle","champ:Circumvent"],"picked":"champ:RapidStrikes","floor":19},{"not_picked":["champ:FocusedGladiator","champ:BladeFlurry+1"],"picked":"champ:DefensiveShout+1","floor":20},{"not_picked":["champ:Riposte","champ:BladeFlurry"],"picked":"champ:CrookedStrike","floor":21},{"not_picked":["champ:FlashCut","champ:CalledShot+1"],"picked":"champ:Circumvent+1","floor":22},{"not_picked":["champ:GutPunch","champ:CalledShot"],"picked":"champ:Improvising","floor":23},{"not_picked":["champ:GladiatorsShout+1","champ:ArenaPreparation+1"],"picked":"champ:Encircle+1","floor":26},{"not_picked":["champ:FocusedBerserking+1","champ:ShieldWall"],"picked":"champ:PerfectedStrike","floor":28},{"not_picked":["champ:Control","champ:FlashCut"],"picked":"champ:FanOfKnives","floor":29},{"not_picked":["champ:CrookedStrike+1","champ:Aggression+1"],"picked":"champ:ViciousMockery","floor":30},{"not_picked":["champ:StanceDance","champ:GladiatorsShout"],"picked":"champ:ShieldWall","floor":31},{"not_picked":["champ:AdrenalArmor","champ:Circumvent"],"picked":"champ:TornadoPunch+1","floor":32},{"not_picked":["champ:ShieldSlam","champ:Improvising"],"picked":"champ:MurderStrike","floor":33},{"not_picked":["champ:Circumvent+1","champ:Backstep+1"],"picked":"champ:FaceSlap+1","floor":37},{"not_picked":["champ:StanceDance+1","champ:BringItOn"],"picked":"champ:PreciseThrust+1","floor":39},{"not_picked":["champ:AdrenalArmor+1","champ:Haymaker","champ:Lariat+1"],"picked":"SKIP","floor":40},{"not_picked":["champ:Aggression","champ:Circumvent","champ:AdrenalArmor+1"],"picked":"SKIP","floor":42},{"not_picked":["champ:HeartStrike","champ:Circumvent"],"picked":"champ:RecklessLeap+1","floor":44},{"not_picked":["champ:BerserkersShout+1","champ:FocusedDefense"],"picked":"champ:ArenaPreparation","floor":45},{"not_picked":["champ:RapidStrikes","champ:ViciousMockery","champ:FightOn"],"picked":"SKIP","floor":46},{"not_picked":["champ:BerserkersShout+1","champ:GladiatorsShout"],"picked":"champ:BerserkerStyle+1","floor":48},{"not_picked":["champ:BladeFlurry","champ:Haymaker+1"],"picked":"champ:DeathBlow+1","floor":49}],"player_experience":665244,"relics_obtained":[{"floor":7,"key":"Ice Cream"},{"floor":13,"key":"conspire:BottledYoYo"},{"floor":23,"key":"Grinning Jar"},{"floor":40,"key":"Potion Belt"},{"floor":41,"key":"Thread and Needle"},{"floor":44,"key":"Ginger"}],"event_choices":[{"damage_healed":0,"gold_gain":1,"player_choice":"1","damage_taken":0,"max_hp_gain":0,"max_hp_loss":0,"event_name":"betterStone:BetterStone","floor":9,"gold_loss":0},{"damage_healed":0,"gold_gain":0,"player_choice":"Rummage","damage_taken":0,"relics_obtained":["WarpedTongs"],"max_hp_gain":0,"max_hp_loss":0,"event_name":"Accursed Blacksmith","floor":25,"gold_loss":0,"cards_obtained":["Pain"]},{"damage_healed":0,"gold_gain":0,"player_choice":"Upgraded","damage_taken":0,"max_hp_gain":0,"max_hp_loss":0,"event_name":"Upgrade Shrine","floor":27,"gold_loss":0,"cards_upgraded":["Replay:SS_hec_2"]},{"damage_healed":0,"gold_gain":0,"player_choice":"Got Potions","damage_taken":0,"max_hp_gain":0,"max_hp_loss":0,"event_name":"Lab","floor":36,"gold_loss":0},{"damage_healed":0,"gold_gain":0,"player_choice":"Ignored","damage_taken":0,"max_hp_gain":0,"max_hp_loss":0,"event_name":"Transmorgrifier","floor":38,"gold_loss":0}],"is_beta":false,"boss_relics":[{"not_picked":["aspiration:MobileForge","hubris:VirtuousBlindfold"],"picked":"aspiration:PoetsPen_weak"},{"not_picked":["Kintsugi","Black Star"],"picked":"hubris:Backtick"}],"items_purged_floors":[30],"is_endless":false,"potions_floor_spawned":[11,12,13,15,16,22,29,31,32,33,42,44,48,49],"ascension_level":0}}