{"host":"4nqeo0vu1vuav7gg","time":1608671153,"event":{"mods":["AchievementEnabler","BaseMod","Block Reminder","Colored Map","Colored Powertips","Highlight Path","Minty Spire (QoL Compilation)","Quick Restart","Rare Cards Sparkle","Relic Relevance Reorder","StSLib"],"gold_per_floor":[119,23,41,55,55,87,87,87,114,114,39,39,49,64,64,137,137,152,152,202,212,137,165,165,165,165],"floor_reached":25,"playtime":894,"items_purged":["Strike_B"],"score":484,"play_id":"c42c2fd6-0fc5-470a-82f9-f7b48893212d","local_time":"20201222220553","is_ascension_mode":true,"campfire_choices":[{"data":"Defragment","floor":7.0,"key":"SMITH"},{"data":"Zap","floor":10.0,"key":"SMITH"},{"data":"Zap","floor":12.0,"key":"SMITH"},{"floor":15.0,"key":"REST"},{"data":"Self Repair","floor":24,"key":"SMITH"}],"circlet_count":0,"master_deck":["AscendersBane","Strike_B","Strike_B","Defend_B","Defend_B","Defend_B","Defend_B","Zap+1","Dualcast","Storm","Defragment+1","Cold Snap+1","FTL","Barrage","Electrodynamics","Zap+1","Cold Snap+1","Thunder Strike","Self Repair","Self Repair+1"],"relics":["Cracked Core","Mummified Hand","CaptainsWheel","Sozu","MutagenicStrength","Ancient Tea Set","Whetstone"],"acts_visited":["Exordium","TheCity"],"potions_floor_usage":[23,23],"damage_taken":[{"damage":1.0,"enemies":"Cultist","floor":1.0,"turns":4.0},{"damage":9.0,"enemies":"2 Louse","floor":3.0,"turns":4.0},{"damage":9.0,"enemies":"Jaw Worm","floor":4.0,"turns":3.0},{"damage":25.0,"enemies":"Lagavulin","floor":6.0,"turns":8.0},{"damage":7.0,"enemies":"2 Fungi Beasts","floor":13.0,"turns":2.0},{"damage":1.0,"enemies":"Looter","floor":14.0,"turns":3.0},{"damage":0.0,"enemies":"Slime Boss","floor":16.0,"turns":5.0},{"damage":2.0,"enemies":"Chosen","floor":18.0,"turns":3.0},{"damage":15.0,"enemies":"3 Byrds","floor":21.0,"turns":4.0},{"damage":33,"enemies":"Slavers","floor":23,"turns":5},{"damage":38,"enemies":"Gremlin Leader","floor":25,"turns":4}],"seed_played":"-5058332447636840070","potions_obtained":[{"floor":0.0,"key":"Regen Potion"},{"floor":0.0,"key":"EntropicBrew"},{"floor":13.0,"key":"Weak Potion"},{"floor":14.0,"key":"SpeedPotion"},{"floor":16.0,"key":"Dexterity Potion"}],"is_trial":false,"path_per_floor":["M","$","M","M","T","E","R","?","T","R","$","R","M","M","R","B",null,"M","?","?","M","?","E","R","E"],"character_chosen":"DEFECT","items_purchased":["Defragment","Cold Snap"],"campfire_rested":1,"item_purchase_floors":[2,2],"current_hp_per_floor":[63,63,54,54,54,29,29,29,29,29,29,29,22,21,42,42,64,62,62,62,54,54,28,28,0,0],"gold":165,"neow_bonus":"THREE_SMALL_POTIONS","is_daily":false,"chose_seed":false,"campfire_upgraded":4,"win_rate":0.0,"timestamp":1608671153,"path_taken":["M","$","M","M","?","E","R","?","T","R","$","R","?","?","R","BOSS","M","?","?","M","?","E","R","E"],"items_purchased_type":["Card","Card"],"build_version":"2020-12-13","purchased_purges":1,"victory":false,"max_hp_per_floor":[71,71,71,71,71,71,71,71,71,71,71,71,71,71,71,71,71,71,71,71,71,71,71,71,71,71],"card_choices":[{"not_picked":["BootSequence","Conserve Battery"],"picked":"Storm","floor":1.0},{"not_picked":["Hologram","Hello World"],"picked":"FTL","floor":3.0},{"not_picked":["Skim","Cold Snap"],"picked":"Barrage","floor":4.0},{"not_picked":["Stack","Compile Driver"],"picked":"Electrodynamics","floor":6.0},{"not_picked":["Conserve Battery","Barrage"],"picked":"Cold Snap","floor":13.0},{"not_picked":["Hello World","Streamline","Rebound"],"picked":"SKIP","floor":14.0},{"not_picked":["Hyperbeam","Biased Cognition"],"picked":"Thunder Strike","floor":16.0},{"not_picked":["Auto Shields","Gash"],"picked":"Self Repair","floor":18.0},{"not_picked":["Compile Driver","Skim","Hologram"],"picked":"SKIP","floor":21.0},{"not_picked":["Turbo","Redo"],"picked":"Self Repair","floor":23}],"player_experience":986081,"relics_obtained":[{"floor":5.0,"key":"CaptainsWheel"},{"floor":6.0,"key":"Mummified Hand"},{"floor":9.0,"key":"Ancient Tea Set"},{"floor":23,"key":"Whetstone"}],"event_choices":[{"damage_healed":0.0,"max_hp_gain":0.0,"max_hp_loss":0.0,"gold_gain":0.0,"event_name":"Match and Keep!","player_choice":"1 cards matched","floor":8.0,"gold_loss":0.0,"damage_taken":0.0,"cards_obtained":["Zap"]},{"damage_healed":0.0,"max_hp_gain":0.0,"max_hp_loss":0.0,"gold_gain":0.0,"event_name":"Drug Dealer","player_choice":"Inject Mutagens","floor":19.0,"gold_loss":0.0,"damage_taken":0.0,"relics_obtained":["MutagenicStrength"]},{"damage_healed":0.0,"max_hp_gain":0.0,"max_hp_loss":0.0,"gold_gain":50.0,"event_name":"Nest","player_choice":"Stole From Cult","floor":20.0,"gold_loss":0.0,"damage_taken":0.0},{"cards_removed":["Strike_B"],"damage_healed":0.0,"max_hp_gain":0.0,"max_hp_loss":0.0,"gold_gain":0.0,"event_name":"Beggar","player_choice":"Gave Gold","floor":22.0,"gold_loss":75.0,"damage_taken":0.0}],"is_beta":false,"boss_relics":[{"not_picked":["Astrolabe","Tiny House"],"picked":"Sozu"}],"items_purged_floors":[11],"is_endless":false,"potions_floor_spawned":[13,14,16,18,23],"killed_by":"Gremlin Leader","ascension_level":16}}