{"host":"63yhhrjweyj22b0v","time":1608669371,"event":{"mods":["BaseMod","Minty Spire (QoL Compilation)","Quick Restart"],"gold_per_floor":[114,64,16,16,26,26,60,60,60,60,72,247,263,283,283,384,384,401,163,262,58,72,72,100,100,100,119,119,131,131,210,210,312,312,322,172,192,192,192],"floor_reached":38,"playtime":1053,"items_purged":[],"score":467,"play_id":"8ec3285e-4342-4baf-8926-aa230b01a58a","local_time":"20201222143611","is_ascension_mode":false,"campfire_choices":[{"data":"Eruption","floor":6,"key":"SMITH"},{"data":"BowlingBash","floor":8,"key":"SMITH"},{"data":"EmptyFist","floor":10,"key":"SMITH"},{"data":"PathToVictory","floor":15,"key":"SMITH"},{"data":"Ragnarok","floor":23,"key":"SMITH"},{"floor":25,"key":"REST"},{"floor":28,"key":"REST"},{"floor":32,"key":"REST"}],"circlet_count":0,"master_deck":["Strike_P","Strike_P","Defend_P","Defend_P","Defend_P","Eruption+1","Vigilance","BowlingBash+1","EmptyFist+1","CrushJoints","FlurryOfBlows","PathToVictory+1","Crescendo","JustLucky","DevaForm","Consecrate+1","Ragnarok+1","DevaForm","Halt","Violence","FlurryOfBlows","JustLucky","WindmillStrike","Establishment","BowlingBash"],"relics":["PureWater","NeowsBlessing","Kunai","Strawberry","Empty Cage","Sundial","Mercury Hourglass","Du-Vu Doll","Bottled Tornado","Busted Crown","Lee\u0027s Waffle"],"acts_visited":["Exordium","TheCity","TheBeyond"],"potions_floor_usage":[16,22,24,24,27],"damage_taken":[{"damage":0,"enemies":"Jaw Worm","floor":1,"turns":1},{"damage":0,"enemies":"Small Slimes","floor":5,"turns":1},{"damage":0,"enemies":"3 Sentries","floor":7,"turns":1},{"damage":0,"enemies":"2 Louse","floor":11,"turns":2},{"damage":2,"enemies":"Blue Slaver","floor":13,"turns":3},{"damage":6,"enemies":"Exordium Wildlife","floor":14,"turns":2},{"damage":0,"enemies":"Slime Boss","floor":16,"turns":4},{"damage":10,"enemies":"Chosen","floor":18,"turns":3},{"damage":11,"enemies":"Spheric Guardian","floor":22,"turns":4},{"damage":54,"enemies":"Slavers","floor":24,"turns":4},{"damage":13,"enemies":"Chosen and Byrds","floor":27,"turns":3},{"damage":11,"enemies":"Snecko","floor":29,"turns":3},{"damage":123,"enemies":"Automaton","floor":33,"turns":8},{"damage":11,"enemies":"3 Shapes","floor":35,"turns":3},{"damage":33,"enemies":"3 Darklings","floor":37,"turns":3},{"damage":53,"enemies":"Transient","floor":38,"turns":3}],"seed_played":"4381524459485160025","potions_obtained":[{"floor":1,"key":"Explosive Potion"},{"floor":5,"key":"SpeedPotion"},{"floor":13,"key":"Ancient Potion"},{"floor":14,"key":"AttackPotion"},{"floor":16,"key":"Block Potion"},{"floor":22,"key":"Regen Potion"},{"floor":27,"key":"FairyPotion"},{"floor":35,"key":"SneckoOil"}],"is_trial":false,"path_per_floor":["M","?","$","?","M","R","E","R","T","R","M","?","M","M","R","B",null,"M","$","?","$","M","R","E","R","T","M","R","M","?","T","R","B",null,"M","$","M","M"],"character_chosen":"WATCHER","items_purchased":["EmptyFist","Ragnarok","DevaForm","Halt","Violence","Lee\u0027s Waffle"],"campfire_rested":3,"item_purchase_floors":[3,19,19,21,21,36],"current_hp_per_floor":[72,72,72,65,65,65,65,65,72,72,72,72,70,64,64,64,79,69,69,69,69,58,58,16,39,39,26,49,38,38,38,61,23,79,68,86,53,0,0],"gold":192,"neow_bonus":"THREE_ENEMY_KILL","is_daily":false,"chose_seed":false,"campfire_upgraded":5,"win_rate":0.0,"timestamp":1608669371,"path_taken":["M","?","$","?","M","R","E","R","T","R","M","?","M","M","R","BOSS","M","$","?","$","M","R","E","R","T","M","R","M","?","?","R","BOSS","M","$","M","M"],"items_purchased_type":["Card","Card","Card","Card","Card","Relic"],"build_version":"2020-12-13","purchased_purges":0,"victory":false,"max_hp_per_floor":[72,72,72,72,72,72,72,72,79,79,79,79,79,79,79,79,79,79,79,79,79,79,79,79,79,79,79,79,79,79,79,79,79,79,79,86,86,86,86],"card_choices":[{"not_picked":["Conclude","EmptyMind"],"picked":"BowlingBash","floor":1},{"not_picked":["SashWhip","Protect"],"picked":"CrushJoints","floor":5},{"not_picked":["EmptyBody","Blasphemy"],"picked":"FlurryOfBlows","floor":7},{"not_picked":["SashWhip","Prostrate"],"picked":"PathToVictory","floor":11},{"not_picked":["WheelKick","Fasting2"],"picked":"Crescendo","floor":13},{"not_picked":["InnerPeace","EmptyBody"],"picked":"JustLucky","floor":14},{"not_picked":["Vault","DeusExMachina"],"picked":"DevaForm","floor":16},{"not_picked":["Evaluate+1","FlurryOfBlows"],"picked":"Consecrate+1","floor":18},{"not_picked":["MentalFortress","Weave"],"picked":"FlurryOfBlows","floor":22},{"not_picked":["Weave","BattleHymn","Evaluate"],"picked":"SKIP","floor":24},{"not_picked":["EmptyMind","CutThroughFate+1"],"picked":"JustLucky","floor":27},{"not_picked":["CutThroughFate","LessonLearned"],"picked":"WindmillStrike","floor":29},{"not_picked":["Ragnarok","SpiritShield"],"picked":"Establishment","floor":33},{"not_picked":[],"picked":"BowlingBash","floor":35},{"not_picked":["CarveReality+1"],"picked":"SKIP","floor":37}],"player_experience":631478,"relics_obtained":[{"floor":7,"key":"Kunai"},{"floor":9,"key":"Strawberry"},{"floor":24,"key":"Sundial"},{"floor":26,"key":"Mercury Hourglass"},{"floor":31,"key":"Bottled Tornado"}],"event_choices":[{"cards_removed":["Strike_P"],"damage_healed":0,"gold_gain":0,"player_choice":"Card Removal","damage_taken":0,"max_hp_gain":0,"max_hp_loss":0,"event_name":"The Cleric","floor":2,"gold_loss":50},{"cards_removed":["Strike_P"],"damage_healed":0,"gold_gain":0,"player_choice":"Card Removal","damage_taken":7,"max_hp_gain":0,"max_hp_loss":0,"event_name":"Golden Wing","floor":4,"gold_loss":0},{"damage_healed":0,"gold_gain":175,"player_choice":"AGREE","damage_taken":0,"max_hp_gain":0,"max_hp_loss":0,"event_name":"Liars Game","floor":12,"gold_loss":0,"cards_obtained":["Doubt"]},{"damage_healed":0,"gold_gain":99,"player_choice":"Stole From Cult","damage_taken":0,"max_hp_gain":0,"max_hp_loss":0,"event_name":"Nest","floor":20,"gold_loss":0},{"damage_healed":0,"gold_gain":0,"player_choice":"Opened","damage_taken":0,"relics_obtained":["Du-Vu Doll"],"max_hp_gain":0,"max_hp_loss":0,"event_name":"The Mausoleum","floor":30,"gold_loss":0}],"is_beta":false,"boss_relics":[{"not_picked":["Sozu","Calling Bell"],"picked":"Empty Cage"},{"not_picked":["Philosopher\u0027s Stone","Fusion Hammer"],"picked":"Busted Crown"}],"items_purged_floors":[],"is_endless":false,"potions_floor_spawned":[1,5,13,14,16,22,27,35],"killed_by":"Transient","ascension_level":0}}