{"host":"m4hcknw9g39vw3hn","time":1608620638,"event":{"mods":["Act Like it!","BaseMod","Downfall","Hermit","KomeijiMod","Lobotomy","LobotomyExtend","Marisa（F雨　魔理沙）","Minty Spire (QoL Compilation)","Quick Restart","Remilia（蕾米莉亚）","RumiaBox-露米娅的神秘盒子","Shop Mod","Spicy Shops","StSLib","Yuri Mod","[IsaacMod]以撒尖塔"],"gold_per_floor":[119,135,135,12,32,65,81,109,134,167,184,184,184,184,184,286,286,303,317,382,393,393,393,422,436,461,490,490,508,526,559,559,658,633,643,658,485,499,517,552,552,552,579,593,606,638,672,699,699,699,699,699,699,627,659,659],"floor_reached":57,"playtime":2878,"items_purged":["yuri:yuriStrike","yuri:yuriDefend","yuri:yuriStrike"],"score":1614,"play_id":"9c80d32f-85cd-4dd2-aaea-f7875ca12649","local_time":"20201222150358","is_ascension_mode":true,"campfire_choices":[{"data":"yuri:Oolong","floor":12.0,"key":"SMITH"},{"floor":15.0,"key":"REST"},{"data":"yuri:BookGreen","floor":23.0,"key":"SMITH"},{"data":"yuri:NoEscape","floor":32.0,"key":"SMITH"},{"data":"yuri:DragonForm","floor":41.0,"key":"SMITH"},{"data":"yuri:Skip","floor":42.0,"key":"SMITH"},{"floor":49,"key":"RECALL"},{"data":"yuri:BookRed","floor":53,"key":"SMITH"}],"circlet_count":0,"master_deck":["yuri:yuriStrike","yuri:yuriStrike+1","yuri:yuriStrike","yuri:yuriDefend+1","yuri:yuriDefend","yuri:yuriDefend","yuri:yuriDefend","yuri:Oolong+1","yuri:yuriStab","yuri:DistillInsanity+1","yuri:HeavierStrike+1","yuri:yuriHeavyStrike+1","yuri:DeepBreathing+1","yuri:GreenTea+1","yuri:ThornRemove+1","yuri:NoEscape+1","yuri:BookRed+1","yuri:BookGreen+1","yuri:BookPurple","yuri:WickedSlash","yuri:TeaSet","yuri:BookBlue","yuri:RecklessStrike+1","yuri:RelentlessStrikes+1","yuri:BookPurple","yuri:DragonForm+1","yuri:BookRed+1","yuri:Skip+1","yuri:GrowingInsanity","yuri:Torment","yuri:BookRed+1"],"relics":["yuri:yuriKnife","HushsDoor","MoneyPower","LetterFromLob","GoodDreamPillow","SSSystem","Bag of Marbles","Oddly Smooth Stone","Pen Nib","HornCleat","yuri:BookOfBooks","Ornamental Fan","Mummified Hand","Vajra","Prayer Wheel","Blue Candle","Tiny House","ZombieArmy","WingedGreaves","Strawberry","YumHeart","Ancient Tea Set","Juzu Bracelet","Happy Flower","White Beast Statue"],"acts_visited":["Exordium","TheCity","TheBeyond","TheEnding"],"potions_floor_usage":[56,56],"damage_taken":[{"damage":0.0,"enemies":"Cultist","floor":1.0,"turns":3.0},{"damage":5.0,"enemies":"Small Slimes","floor":2.0,"turns":3.0},{"damage":2.0,"enemies":"2 Louse","floor":5.0,"turns":3.0},{"damage":19.0,"enemies":"Lagavulin","floor":6.0,"turns":5.0},{"damage":13.0,"enemies":"Exordium Thugs","floor":7.0,"turns":4.0},{"damage":16.0,"enemies":"Gremlin Nob","floor":8.0,"turns":4.0},{"damage":28.0,"enemies":"Lagavulin","floor":10.0,"turns":6.0},{"damage":3.0,"enemies":"Looter","floor":11.0,"turns":2.0},{"damage":20.0,"enemies":"Slime Boss","floor":16.0,"turns":7.0},{"damage":0.0,"enemies":"Spheric Guardian","floor":18.0,"turns":3.0},{"damage":2.0,"enemies":"Chosen","floor":19.0,"turns":4.0},{"damage":1.0,"enemies":"Shelled Parasite and Fungi","floor":21.0,"turns":5.0},{"damage":24.0,"enemies":"Book of Stabbing","floor":24.0,"turns":6.0},{"damage":1.0,"enemies":"Snake Plant","floor":25.0,"turns":3.0},{"damage":3.0,"enemies":"Gremlin Leader","floor":27.0,"turns":3.0},{"damage":2.0,"enemies":"Cultist and Chosen","floor":29.0,"turns":5.0},{"damage":4.0,"enemies":"Snecko","floor":30.0,"turns":2.0},{"damage":16.0,"enemies":"Slavers","floor":31.0,"turns":5.0},{"damage":11.0,"enemies":"Automaton","floor":33.0,"turns":6.0},{"damage":16.0,"enemies":"Orb Walker","floor":35.0,"turns":4.0},{"damage":6.0,"enemies":"3 Shapes","floor":36.0,"turns":4.0},{"damage":20.0,"enemies":"Jaw Worm Horde","floor":38.0,"turns":4.0},{"damage":26.0,"enemies":"Sphere and 2 Shapes","floor":39.0,"turns":4.0},{"damage":4.0,"enemies":"Reptomancer","floor":40.0,"turns":4.0},{"damage":4.0,"enemies":"Transient","floor":44.0,"turns":5.0},{"damage":13.0,"enemies":"Maw","floor":45.0,"turns":5.0},{"damage":0.0,"enemies":"Giant Head","floor":46.0,"turns":5.0},{"damage":14.0,"enemies":"Reptomancer","floor":47.0,"turns":6.0},{"damage":13.0,"enemies":"Giant Head","floor":48.0,"turns":6.0},{"damage":19,"enemies":"Donu and Deca","floor":50,"turns":6},{"damage":6,"enemies":"Shield and Spear","floor":55,"turns":5},{"damage":114,"enemies":"The Heart","floor":56,"turns":9}],"seed_played":"-6180981886259314008","potions_obtained":[{"floor":2.0,"key":"Regen Potion"},{"floor":5.0,"key":"Dexterity Potion"},{"floor":7.0,"key":"SmokeBomb"},{"floor":11.0,"key":"AttackPotion"},{"floor":18.0,"key":"Weak Potion"},{"floor":25.0,"key":"Weak Potion"},{"floor":27.0,"key":"Explosive Potion"},{"floor":36.0,"key":"champ:CounterPotion"},{"floor":39.0,"key":"SteroidPotion"}],"is_trial":false,"path_per_floor":["M","M","?","?","M","E","M","E","T","E","M","R","M","T","R","B",null,"M","M","?","M","?","R","E","M","T","E","T","M","M","E","R","B",null,"M","M","$","M","M","E","R","R","T","M","M","E","E","E","R","B",null,null,"R","$","E","B",null],"character_chosen":"YURI","items_purchased":["ZombieArmy","Happy Flower"],"campfire_rested":1,"item_purchase_floors":[37,54],"current_hp_per_floor":[80,76,60,60,62,61,52,36,36,12,9,9,9,9,33,26,75,75,75,60,72,72,72,64,67,67,74,74,75,71,68,68,73,80,77,76,76,69,65,79,79,79,86,87,78,87,78,81,81,86,86,87,87,87,85,29],"gold":659,"neow_bonus":"","is_daily":false,"chose_seed":false,"campfire_upgraded":6,"win_rate":0.0,"timestamp":1608620638,"path_taken":["M","M","?","?","M","E","M","E","T","E","M","R","?","?","R","BOSS","M","M","?","M","?","R","E","M","T","E","?","M","M","E","R","BOSS","M","M","$","M","M","E","R","R","T","M","M","E","E","E","R","BOSS","R","$","E","BOSS"],"items_purchased_type":["Relic","Relic"],"build_version":"2020-12-13","purchased_purges":3,"victory":true,"max_hp_per_floor":[80,80,80,80,80,80,80,80,80,80,80,80,80,80,80,80,75,75,75,75,75,75,75,75,75,75,75,75,75,75,75,75,75,80,80,80,80,80,80,80,80,80,87,87,87,87,87,87,87,87,87,87,87,87,87,87],"card_choices":[{"not_picked":[],"picked":"ChaosCard","floor":0.0},{"not_picked":["yuri:SeeingDouble","yuri:RecklessStrike","yuri:Spin"],"picked":"SKIP","floor":1.0},{"not_picked":["yuri:MPose","yuri:HeavierStrike"],"picked":"yuri:DistillInsanity","floor":2.0},{"not_picked":["yuri:yuriQuickStrike","yuri:ReactiveMadness"],"picked":"yuri:HeavierStrike","floor":5.0},{"not_picked":["yuri:ReloadGame","yuri:RecklessStrike","yuri:RepairCode"],"picked":"SKIP","floor":6.0},{"not_picked":["yuri:InsanityDefense","yuri:Skip"],"picked":"yuri:yuriHeavyStrike","floor":7.0},{"not_picked":["yuri:DejaVu","Bomb"],"picked":"yuri:DeepBreathing","floor":8.0},{"not_picked":["yuri:HeavierStrike","yuri:GhostForm"],"picked":"yuri:GreenTea","floor":10.0},{"not_picked":["yuri:RecklessStrike","yuri:Spin"],"picked":"yuri:ThornRemove","floor":11.0},{"not_picked":["yuri:MirrorInsanity","yuri:RelentlessStrikes"],"picked":"yuri:NoEscape","floor":16.0},{"not_picked":["yuri:BookGreen+1","yuri:BookBlue+1","yuri:BookPurple+1"],"picked":"yuri:BookRed+1","floor":17.0},{"not_picked":["yuri:ThrowBook","yuri:InduceGlitch"],"picked":"yuri:BookGreen","floor":18.0},{"not_picked":["yuri:AdaptiveAI","yuri:UntestedCode"],"picked":"yuri:BookPurple","floor":19.0},{"not_picked":["yuri:RecklessStrike","yuri:InduceGlitch","yuri:Spin"],"picked":"SKIP","floor":21.0},{"not_picked":["yuri:Spin","yuri:DejaVu","yuri:ExploitStrike"],"picked":"SKIP","floor":24.0},{"not_picked":["yuri:Stare","yuri:DebugCard"],"picked":"yuri:WickedSlash","floor":25.0},{"not_picked":["yuri:MPose","yuri:DebugCard"],"picked":"yuri:TeaSet","floor":27.0},{"not_picked":["yuri:GlitchedStrike","yuri:Stalk"],"picked":"yuri:BookBlue","floor":29.0},{"not_picked":["yuri:SelfHarm","yuri:GreenTea+1"],"picked":"yuri:RecklessStrike+1","floor":29.0},{"not_picked":["yuri:Spin","yuri:Stalk"],"picked":"yuri:RelentlessStrikes","floor":30.0},{"not_picked":["yuri:TPose","yuri:RecklessStrike","yuri:CorruptHitbox"],"picked":"SKIP","floor":30.0},{"not_picked":["yuri:CalmingAura","yuri:Skip"],"picked":"yuri:BookPurple","floor":31.0},{"not_picked":["yuri:DistillInsanity","yuri:BlackTea"],"picked":"yuri:DragonForm","floor":33.0},{"not_picked":["yuri:Spin","yuri:Stalk"],"picked":"yuri:BookRed+1","floor":34.0},{"not_picked":["yuri:Stalk","yuri:TeaSet+1"],"picked":"yuri:Skip","floor":35.0},{"not_picked":["yuri:Stalk","yuri:yuriHeavyStrike+1","yuri:yuriQuickStrike"],"picked":"SKIP","floor":35.0},{"not_picked":["yuri:HeavierStrike+1","yuri:DejaVu+1","yuri:UnstableStrike+1"],"picked":"SKIP","floor":36.0},{"not_picked":["yuri:ReloadGame+1","yuri:ThrowBook+1","yuri:HoldBack+1"],"picked":"SKIP","floor":36.0},{"not_picked":["yuri:NerfBat","yuri:ChibiInvasion","yuri:DejaVu"],"picked":"SKIP","floor":38.0},{"not_picked":["yuri:DebugCard","yuri:Stare+1","yuri:yuriQuickStrike+1"],"picked":"SKIP","floor":38.0},{"not_picked":["yuri:CalmingAura+1","yuri:InduceGlitch+1"],"picked":"yuri:GrowingInsanity","floor":39.0},{"not_picked":["yuri:Skip+1","yuri:ThrowBook+1","yuri:CalmingAura+1"],"picked":"SKIP","floor":39.0},{"not_picked":["yuri:Skip+1","yuri:Stalk","yuri:yuriHeavyStrike+1"],"picked":"SKIP","floor":40.0},{"not_picked":["yuri:BookPurple","yuri:CalmingAura+1"],"picked":"yuri:Torment","floor":44.0},{"not_picked":["yuri:MPose+1","yuri:SturdyUniform","yuri:DebugCard"],"picked":"SKIP","floor":44.0},{"not_picked":["yuri:Parry+1","yuri:SturdyUniform+1"],"picked":"yuri:BookRed","floor":45.0},{"not_picked":["yuri:ThrowBook+1","yuri:Stalk","yuri:TPose+1"],"picked":"SKIP","floor":45.0},{"not_picked":["yuri:DejaVu+1","yuri:WickedSlash","yuri:SturdyUniform"],"picked":"SKIP","floor":46.0},{"not_picked":["yuri:ThrowingKnives+1","yuri:RecklessStrike+1","yuri:ChibiInvasion"],"picked":"SKIP","floor":47.0},{"not_picked":["yuri:WickedSlash","yuri:ThrowBook","yuri:ThornRemove+1"],"picked":"SKIP","floor":48.0},{"not_picked":["yuri:HeavierStrike+1","yuri:Skip","yuri:yuriHeavyStrike+1"],"picked":"SKIP","floor":55}],"player_experience":263195,"relics_obtained":[{"floor":1.0,"key":"LetterFromLob"},{"floor":6.0,"key":"SSSystem"},{"floor":8.0,"key":"Bag of Marbles"},{"floor":9.0,"key":"Oddly Smooth Stone"},{"floor":10.0,"key":"Pen Nib"},{"floor":14.0,"key":"HornCleat"},{"floor":24.0,"key":"Mummified Hand"},{"floor":27.0,"key":"Vajra"},{"floor":28.0,"key":"Prayer Wheel"},{"floor":31.0,"key":"Blue Candle"},{"floor":40.0,"key":"WingedGreaves"},{"floor":43.0,"key":"Strawberry"},{"floor":46.0,"key":"YumHeart"},{"floor":47.0,"key":"Ancient Tea Set"},{"floor":48.0,"key":"Juzu Bracelet"},{"floor":55,"key":"White Beast Statue"}],"event_choices":[{"damage_healed":0.0,"max_hp_gain":0.0,"max_hp_loss":0.0,"gold_gain":0.0,"event_name":"Shining Light","player_choice":"Entered Light","floor":3.0,"gold_loss":0.0,"damage_taken":16.0,"cards_upgraded":["yuri:yuriDefend","yuri:yuriStrike"]},{"damage_healed":0.0,"max_hp_gain":0.0,"max_hp_loss":0.0,"gold_gain":0.0,"event_name":"The Mausoleum","player_choice":"Opened","floor":22.0,"gold_loss":0.0,"damage_taken":0.0,"relics_obtained":["Ornamental Fan"]}],"is_beta":false,"boss_relics":[{"not_picked":["SlaversCollar","Astrolabe"],"picked":"yuri:BookOfBooks"},{"not_picked":[]},{"not_picked":["SacredBark","yuri:PortraitOfMarkov"],"picked":"Tiny House"},{"not_picked":[]}],"items_purged_floors":[17,34,37],"is_endless":false,"potions_floor_spawned":[2,5,7,11,18,25,27,29,33,36,39,40,47,48,55],"ascension_level":1}}