{"host":"v0dnu0zs4qo0v13s","time":1608621474,"event":{"mods":["BaseMod","Colored Map","Colored Powertips","Minty Spire (QoL Compilation)","Relic Stats","StSLib","SuperFastMode","everything is the same but u backflip on backflip"],"gold_per_floor":[113,132,142,156,174,174,2,29,29,29,29],"floor_reached":10,"playtime":476,"items_purged":["Strike_R"],"score":123,"play_id":"a77fa218-2d58-4fa9-be2d-a0326d763e08","local_time":"20201222021754","is_ascension_mode":true,"campfire_choices":[{"data":"Inflame","floor":6,"key":"SMITH"}],"circlet_count":0,"master_deck":["AscendersBane","Strike_R","Strike_R","Strike_R","Defend_R","Defend_R","Defend_R","Defend_R","Bash","Inflame+1","Sword Boomerang","True Grit","Exhume","Wild Strike"],"relics":["Burning Blood","Dream Catcher","Letter Opener"],"acts_visited":["Exordium"],"potions_floor_usage":[5,5,5,7],"damage_taken":[{"damage":17,"enemies":"Small Slimes","floor":1,"turns":5},{"damage":6,"enemies":"Cultist","floor":2,"turns":4},{"damage":5,"enemies":"2 Louse","floor":3,"turns":3},{"damage":11,"enemies":"Looter","floor":4,"turns":3},{"damage":16,"enemies":"Exordium Thugs","floor":5,"turns":4},{"damage":38,"enemies":"Gremlin Nob","floor":8,"turns":5},{"damage":0,"enemies":"Lagavulin","floor":10,"turns":2}],"seed_played":"-2267779881018599031","potions_obtained":[{"floor":3,"key":"SkillPotion"},{"floor":4,"key":"EntropicBrew"}],"is_trial":false,"path_per_floor":["M","M","M","M","M","R","$","E","T","E"],"character_chosen":"IRONCLAD","items_purchased":["Fruit Juice"],"campfire_rested":0,"item_purchase_floors":[7],"current_hp_per_floor":[57,57,58,53,43,43,48,16,16,16,16],"gold":29,"neow_bonus":"REMOVE_CARD","is_daily":false,"chose_seed":false,"campfire_upgraded":1,"win_rate":0.0,"timestamp":1608621474,"path_taken":["M","M","M","M","M","R","$","E","T","E"],"items_purchased_type":["Potion"],"build_version":"2020-12-13","purchased_purges":1,"victory":false,"max_hp_per_floor":[75,75,75,75,75,75,80,80,80,80,80],"relic_stats":{"Dream Catcher":0,"counters":[7,26],"Letter Opener":[0],"obtain_stats":[{"Dream Catcher":8,"Letter Opener":9,"Burning Blood":0},{"Dream Catcher":6,"Letter Opener":6,"Burning Blood":0},{"Dream Catcher":24,"Letter Opener":24,"Burning Blood":0}],"Burning Blood":36},"card_choices":[{"not_picked":["Anger","Infernal Blade"],"picked":"Inflame","floor":1},{"not_picked":["Battle Trance","Clash"],"picked":"Sword Boomerang","floor":2},{"not_picked":["Dual Wield","Warcry"],"picked":"True Grit","floor":3},{"not_picked":["Cleave","Pommel Strike","Anger"],"picked":"SKIP","floor":4},{"not_picked":["Whirlwind","Sword Boomerang"],"picked":"Exhume","floor":5},{"not_picked":["Sword Boomerang","Clash"],"picked":"Wild Strike","floor":8}],"player_experience":636143,"relics_obtained":[{"floor":8,"key":"Dream Catcher"},{"floor":9,"key":"Letter Opener"}],"event_choices":[],"is_beta":false,"boss_relics":[],"items_purged_floors":[7],"is_endless":false,"potions_floor_spawned":[3,4],"killed_by":"Lagavulin","ascension_level":15}}