{"host":"1sep654oresgee70","time":1608675127,"event":{"mods":["2.2 Compatiblity","Aspiration","BaseMod","Better Altar","Better Match","Better Note","Better Sensory Stone","Better Skull","Better Third Choice","Better Vampires","Better-Laid Plans","BetterRewards","Block Reminder","Conspire","Curses Come First","Displayed Cursed Tome","Gold Saver","Hubris","Infinite Spire","Minty Spire (QoL Compilation)","Potion Indicator Mod","Quick Restart","Red Circlet Mod","Replay The Spire","Shop Mod","Spicy Shops","StSLib","The Blue Laboratory","Thieving Mod","Transform Curses","Unceasing Turn Reminder","UnlockEverythingMod"],"gold_per_floor":[600,600,72,87,12,42,57,57,57,72,30,45,60,90,90,190,190,205,5,5,20,50,80,80,80],"floor_reached":24,"playtime":1343,"items_purged":[],"score":271,"play_id":"fc3fec04-d103-4af9-b355-1ff7bdfdba9d","local_time":"20201222231207","daily_mods":["Allstar","Diverse","DeadlyEvents"],"is_ascension_mode":false,"campfire_choices":[{"floor":15,"key":"REST"}],"circlet_count":0,"master_deck":["Strike_B","Strike_B","Strike_B","Strike_B","Defend_B","Defend_B","Defend_B","Defend_B","Zap","Dualcast+1","Good Instincts","hubris:Insight","Dark Shackles","Secret Weapon","Midas Touch","hubris:CleavingFinish","Leg Sweep","After Image","Enlightenment+1","conspire:SharedLibrary+1","Backflip","ReplayTheSpireMod:Repulse","Hello World+1","Metallicize+1","CarveReality","Heatsinks+1","Replay:Undeath\u0027s Touch","Ball Lightning","Envenom+1","Pride","Study+1","Apotheosis","Jack Of All Trades","Swift Strike","Chaos","ReplayTheSpireMod:Omega Cannon","BowlingBash+1"],"relics":["Cracked Core","hubris:TenFootPole","infinitespire:Golems Mask","Runic Capacitor","infinitespire:SolderingIron","Question Card","Frozen Egg 2","hubris:MysteriousPyramids","ChewingGum","ReplayTheSpireMod:ShopPack","aspiration:EnhancedActuators","Vajra","PreservedInsect"],"acts_visited":["Exordium","TheCity"],"potions_floor_usage":[14,18,22,24],"damage_taken":[{"damage":7,"enemies":"Jaw Worm","floor":1,"turns":4},{"damage":0,"enemies":"2 Louse","floor":4,"turns":2},{"damage":8,"enemies":"Lagavulin","floor":6,"turns":9},{"damage":0,"enemies":"Cultist","floor":7,"turns":6},{"damage":6,"enemies":"2 Fungi Beasts","floor":10,"turns":4},{"damage":10,"enemies":"3 Louse","floor":12,"turns":3},{"damage":7,"enemies":"Looter","floor":13,"turns":3},{"damage":9,"enemies":"3 Sentries","floor":14,"turns":6},{"damage":20,"enemies":"Hexaghost","floor":16,"turns":10},{"damage":3,"enemies":"Shell Parasite","floor":18,"turns":4},{"damage":10,"enemies":"3 Byrds","floor":21,"turns":5},{"damage":32,"enemies":"Slavers","floor":22,"turns":7},{"damage":24,"enemies":"Gremlin Leader","floor":23,"turns":5},{"damage":6,"enemies":"Centurion and Healer","floor":24,"turns":1}],"seed_played":"-7682526130134428503","potions_obtained":[{"floor":6,"key":"blueLaboratory:AbyssPotion"},{"floor":10,"key":"blueLaboratory:ImpenetrablePotion"},{"floor":16,"key":"blueLaboratory:ExaltedPotion"},{"floor":21,"key":"Milkshake"},{"floor":23,"key":"PotionOfCapacity"}],"is_trial":false,"path_per_floor":["M","?","$","M","?","E","M","?","T","M","$","M","M","E","R","B",null,"M","$","?","M","E","E","M"],"character_chosen":"DEFECT","items_purchased":["infinitespire:Golems Mask","Runic Capacitor","infinitespire:SolderingIron","Leg Sweep","Metallicize+1","CarveReality","ReplayTheSpireMod:ShopPack","aspiration:EnhancedActuators"],"campfire_rested":1,"item_purchase_floors":[3,3,3,3,11,11,19,19],"current_hp_per_floor":[68,68,68,68,68,60,60,60,60,54,54,44,37,28,50,30,75,72,72,72,62,30,6,0,0],"gold":80,"neow_bonus":"","is_daily":true,"chose_seed":false,"campfire_upgraded":0,"win_rate":0.0,"timestamp":1608675127,"path_taken":["M","?","$","M","?","E","M","?","T","M","$","M","?","?","R","BOSS","M","$","?","?","?","E","M"],"items_purchased_type":["Relic","Relic","Relic","Card","Card","Card","Relic","Relic"],"build_version":"2020-12-13","purchased_purges":0,"victory":false,"max_hp_per_floor":[75,75,75,75,75,75,75,75,75,75,75,75,75,75,75,75,75,75,75,75,75,75,75,75,75],"card_choices":[{"not_picked":["Reprogram","ThirdEye"],"picked":"hubris:CleavingFinish","floor":1},{"not_picked":["Streamline","BowlingBash"],"picked":"After Image","floor":4},{"not_picked":["Finesse+1","Specialist+1"],"picked":"Enlightenment+1","floor":5},{"not_picked":["Reflex+1","Meditate+1"],"picked":"conspire:SharedLibrary+1","floor":5},{"not_picked":["ReplayTheSpireMod:Speed Training","EmptyMind"],"picked":"Backflip","floor":6},{"not_picked":["FlyingSleeves","Deadly Poison","CutThroughFate"],"picked":"ReplayTheSpireMod:Repulse","floor":7},{"not_picked":["ReplayTheSpireMod:Fabricate Wheel","Collect","Iron Wave"],"picked":"Hello World+1","floor":10},{"not_picked":["ReplayTheSpireMod:Reroute Power","Gash","CutThroughFate"],"picked":"Heatsinks+1","floor":12},{"not_picked":["Uppercut","Shrug It Off","Headbutt"],"picked":"Replay:Undeath\u0027s Touch","floor":13},{"not_picked":["Dodge and Roll","Dual Wield","Cleave"],"picked":"Ball Lightning","floor":14},{"not_picked":["Amplify","Juggernaut+1","Grand Finale"],"picked":"Envenom+1","floor":16},{"not_picked":["CutThroughFate","Warcry","Sweeping Beam"],"picked":"Study+1","floor":18},{"not_picked":["ReplayTheSpireMod:Brewmster","The Bomb","Midas Touch"],"picked":"Apotheosis","floor":19},{"not_picked":["Poisoned Strike","Enlightenment","PanicButton"],"picked":"Jack Of All Trades","floor":19},{"not_picked":["Specialist","ReplayTheSpireMod:Brewmster","Survey Options"],"picked":"Swift Strike","floor":19},{"not_picked":["Whirlwind","Eviscerate","Streamline"],"picked":"Chaos","floor":21},{"not_picked":["Replay:AtTheReady","Accuracy+1","Skewer+1"],"picked":"ReplayTheSpireMod:Omega Cannon","floor":22},{"not_picked":["Twin Strike+1","Beam Cell","Thunderclap"],"picked":"BowlingBash+1","floor":23}],"player_experience":2364529,"relics_obtained":[{"floor":2,"key":"hubris:TenFootPole"},{"floor":6,"key":"Question Card"},{"floor":9,"key":"Frozen Egg 2"},{"floor":14,"key":"hubris:MysteriousPyramids"},{"floor":22,"key":"Vajra"},{"floor":23,"key":"PreservedInsect"}],"event_choices":[{"damage_healed":0,"gold_gain":0,"player_choice":"2","damage_taken":0,"max_hp_gain":0,"max_hp_loss":0,"event_name":"betterMatch:BetterMatch","floor":5,"gold_loss":0,"cards_obtained":["betterMatch:ColorlessUncommonCard","betterMatch:UncommonCard"]}],"is_beta":false,"boss_relics":[{"not_picked":["Kintsugi","aspiration:FutureDiary"],"picked":"ChewingGum"}],"items_purged_floors":[],"is_endless":false,"potions_floor_spawned":[6,10,12,16,21,23],"killed_by":"Centurion and Healer","ascension_level":0}}