{"host":"brlhu57vzmgrzvkq","time":1608668723,"event":{"mods":["AchievementEnabler","BaseMod","Colored Map","Downfall","Hermit","Minty Spire (QoL Compilation)","StSLib","SuperFastMode","The Cursed"],"gold_per_floor":[99,111,111,127,145,210,210,223,223,240,240,225,225,225,237,332,332,332,350,363,363,375,395,395,395,406,436,436,462,462,562,573,673,673,673,689,459,475,490,490,516,534,544,544,570,581,581,595,607,607],"floor_reached":51,"playtime":2143,"items_purged":["Slimebound:Defend_Slimebound"],"score":840,"play_id":"5a74c5c6-ace1-41ad-b3b2-a91a4b329857","local_time":"20201222132523","is_ascension_mode":false,"campfire_choices":[{"data":"Slimebound:Tackle","floor":1,"key":"SMITH"},{"data":"Slimebound:LevelUp","floor":9,"key":"SMITH"},{"floor":13,"key":"REST"},{"data":"Slimebound:LevelUp","floor":18,"key":"SMITH"},{"data":"Slimebound:SplitBruiser","floor":25,"key":"SMITH"},{"data":"Slimebound:LevelUp","floor":28,"key":"SMITH"},{"data":"Slimebound:SplitMire","floor":30,"key":"SMITH"},{"data":"Slimebound:Split","floor":35,"key":"SMITH"},{"data":"Slimebound:MegaLick","floor":40,"key":"SMITH"},{"data":"Slimebound:GoopSpray","floor":47,"key":"SMITH"}],"circlet_count":0,"master_deck":["Slimebound:Strike_Slimebound","Slimebound:Tackle+1","Slimebound:Defend_Slimebound","Slimebound:Defend_Slimebound","Slimebound:Defend_Slimebound","Slimebound:Split+1","Slimebound:CorrosiveSpit","Slimebound:LevelUp+1","Slimebound:SplitBruiser+1","Slimebound:MegaLick+1","Slimebound:GoopSpray+1","Slimebound:GrowthPunch+1","Slimebound:LevelUp+1","Slimebound:OneTwoCombo+1","Slimebound:SplitMire+1","Slimebound:OneTwoCombo+1","CurseOfTheBell","Slimebound:LevelUp+1","Slimebound:DisruptingSlam+1","Slimebound:SplitLeeching+1","Slimebound:SplitBruiser+1","Slimebound:OneTwoCombo+1","Slimebound:SplitAcid+1","Slimebound:RallyTheTroops+1","Slimebound:SplitAcid+1","Slimebound:SelfFormingGoo+1","Slimebound:SplitAcid+1","Slimebound:LevelUp+1"],"relics":["Slimebound:AbsorbEndCombat","Pocketwatch","Question Card","Molten Egg 2","Sundial","Calling Bell","Anchor","Toxic Egg 2","Incense Burner","Pear","Frozen Egg 2","Eternal Feather","Ginger","Matryoshka","Black Star","ClockworkSouvenir","Mercury Hourglass","Art of War","Bag of Marbles","Darkstone Periapt","Pantograph"],"acts_visited":["Exordium","TheCity","TheBeyond"],"potions_floor_usage":[6,27,50,50],"damage_taken":[{"damage":11,"enemies":"Cultist","floor":2,"turns":4},{"damage":9,"enemies":"Small Slimes","floor":4,"turns":3},{"damage":19,"enemies":"Jaw Worm","floor":5,"turns":2},{"damage":24,"enemies":"3 Sentries","floor":6,"turns":4},{"damage":15,"enemies":"Blue Slaver","floor":8,"turns":3},{"damage":12,"enemies":"2 Fungi Beasts","floor":10,"turns":3},{"damage":13,"enemies":"downfall:FleeingMerchant","floor":12,"turns":4},{"damage":11,"enemies":"Large Slime","floor":15,"turns":4},{"damage":53,"enemies":"downfall:Silent","floor":16,"turns":5},{"damage":8,"enemies":"Chosen","floor":19,"turns":3},{"damage":19,"enemies":"Sentry and Sphere","floor":20,"turns":4},{"damage":18,"enemies":"3 Cultists","floor":22,"turns":3},{"damage":9,"enemies":"Shelled Parasite and Fungi","floor":23,"turns":3},{"damage":12,"enemies":"Centurion and Healer","floor":26,"turns":3},{"damage":13,"enemies":"Gremlin Leader","floor":27,"turns":4},{"damage":16,"enemies":"Book of Stabbing","floor":29,"turns":2},{"damage":20,"enemies":"downfall:Defect","floor":31,"turns":4},{"damage":16,"enemies":"3 Cultists","floor":32,"turns":2},{"damage":22,"enemies":"downfall:Ironclad","floor":33,"turns":4},{"damage":12,"enemies":"3 Darklings","floor":36,"turns":2},{"damage":21,"enemies":"downfall:FleeingMerchant","floor":37,"turns":4},{"damage":8,"enemies":"3 Shapes","floor":38,"turns":2},{"damage":8,"enemies":"Sphere and 2 Shapes","floor":39,"turns":1},{"damage":40,"enemies":"Spire Growth","floor":42,"turns":3},{"damage":8,"enemies":"4 Shapes","floor":43,"turns":1},{"damage":4,"enemies":"Reptomancer","floor":45,"turns":2},{"damage":5,"enemies":"Jaw Worm Horde","floor":46,"turns":2},{"damage":8,"enemies":"3 Darklings","floor":48,"turns":2},{"damage":13,"enemies":"Maw","floor":49,"turns":3},{"damage":26,"enemies":"downfall:Defect","floor":50,"turns":3}],"seed_played":"5923981900315311116","potions_obtained":[{"floor":2,"key":"hexamod:EctoCoolerPotion"},{"floor":10,"key":"Strength Potion"},{"floor":15,"key":"SpeedPotion"},{"floor":16,"key":"Slimebound:SlimedPotion"},{"floor":29,"key":"Guardian:BlockOnCardUsePotion"},{"floor":42,"key":"DuplicationPotion"}],"is_trial":false,"path_per_floor":["R","M","T","M","M","?","T","M","R","M","T","$","R","?","M","B",null,"R","M","M","?","M","M","T","R","M","E","R","E","R","?","M","B",null,"R","M","$","M","M","R","T","M","M","?","E","M","R","M","M","B",null],"character_chosen":"SLIMEBOUND","items_purchased":["Slimebound:SelfFormingGoo+1","ClockworkSouvenir","Mercury Hourglass"],"campfire_rested":1,"item_purchase_floors":[37,37,37],"current_hp_per_floor":[66,61,61,56,47,37,37,34,34,28,28,27,46,46,45,14,66,66,66,59,59,62,66,76,76,76,71,71,71,76,67,67,76,76,76,76,74,74,74,76,76,44,48,48,50,59,74,74,71,74],"gold":607,"neow_bonus":"TEN_PERCENT_HP_BONUS","is_daily":false,"chose_seed":false,"campfire_upgraded":9,"win_rate":0.0,"timestamp":1608668723,"path_taken":["R","M","?","M","M","?","T","M","R","M","?","?","R","?","M","BOSS","R","M","M","?","M","M","T","R","M","E","R","E","R","?","M","BOSS","R","M","$","M","M","R","T","M","M","?","E","?","R","M","M","BOSS"],"items_purchased_type":["Card","Relic","Relic"],"build_version":"2020-12-13","purchased_purges":1,"victory":true,"max_hp_per_floor":[66,66,66,66,66,66,66,66,66,66,66,66,66,66,66,66,66,66,66,66,66,66,66,76,76,76,76,76,76,76,76,76,76,76,76,76,76,76,76,76,76,76,76,76,76,76,76,76,76,76],"card_choices":[{"not_picked":["Slimebound:SplitBruiser","Slimebound:GrowthPunch"],"picked":"Slimebound:LevelUp","floor":2},{"not_picked":["Slimebound:SplitLeeching","Slimebound:RejuvenatingLick"],"picked":"Slimebound:SplitBruiser","floor":4},{"not_picked":["Slimebound:RainOfGoop","Slimebound:SplitLeeching"],"picked":"Slimebound:MegaLick","floor":5},{"not_picked":["Slimebound:GrowthPunch","Slimebound:Nibble"],"picked":"Slimebound:GoopSpray","floor":6},{"not_picked":["Slimebound:LeechEnergy+1","Slimebound:SlimeSpikes","Slimebound:SplitBruiser"],"picked":"Slimebound:GrowthPunch+1","floor":8},{"not_picked":["Slimebound:SplitLeeching","Slimebound:Chomp+1","Slimebound:SpikyOuterGoop"],"picked":"Slimebound:LevelUp","floor":10},{"not_picked":["Slimebound:MegaLick","Slimebound:RainOfGoop","Slimebound:ProtectTheBoss"],"picked":"Slimebound:OneTwoCombo+1","floor":12},{"not_picked":["Slimebound:GoopSpray","Slimebound:SplitBruiser","Slimebound:SlimeTap"],"picked":"Slimebound:SplitMire","floor":15},{"not_picked":["Slimebound:MassFeed+1","Slimebound:OozeBath","Slimebound:DouseInSlime"],"picked":"Slimebound:OneTwoCombo+1","floor":16},{"not_picked":["Slimebound:MegaLick+1","Slimebound:RainOfGoop+1","Slimebound:SlimeTap+1"],"picked":"Slimebound:LevelUp","floor":19},{"not_picked":["Slimebound:GrowthPunch+1","Slimebound:Dissolve+1","Slimebound:FinishingTackle+1"],"picked":"Slimebound:DisruptingSlam+1","floor":20},{"not_picked":["Slimebound:GoopSpray+1","Slimebound:Schlurp+1","Slimebound:PressTheAttack+1","Slimebound:LeadByExample"],"picked":"SKIP","floor":22},{"not_picked":["Slimebound:PressTheAttack+1","Slimebound:HauntingLick+1","Slimebound:SamplingLick+1"],"picked":"Slimebound:SplitLeeching+1","floor":23},{"not_picked":["Slimebound:SlimeSpikes+1","Slimebound:LeechEnergy+1","Slimebound:SplitMire+1"],"picked":"Slimebound:SplitBruiser+1","floor":26},{"not_picked":["Slimebound:FirmFortitude+1","Slimebound:RollThrough+1","Slimebound:GoopSpray+1"],"picked":"Slimebound:OneTwoCombo+1","floor":27},{"not_picked":["Slimebound:FirmFortitude+1","Slimebound:PressTheAttack+1","Slimebound:FormOfPuddle+1"],"picked":"Slimebound:SplitAcid+1","floor":29},{"not_picked":["Slimebound:Schlurp+1","Slimebound:Grow+1","Slimebound:GoopSpray+1","Slimebound:LeechingTouch+1"],"picked":"SKIP","floor":32},{"not_picked":["Slimebound:WasteNot+1","Slimebound:DuplicatedForm+1","Slimebound:Teamwork+1"],"picked":"Slimebound:RallyTheTroops+1","floor":33},{"not_picked":["Slimebound:ItLooksTasty+1","Slimebound:SplitMire+1","Slimebound:GoopSpray+1"],"picked":"Slimebound:SplitAcid+1","floor":36},{"not_picked":["Slimebound:LeechingTouch+1","Slimebound:SlimeSpikes+1","Slimebound:RainOfGoop+1","Slimebound:FinishingTackle+1"],"picked":"SKIP","floor":37},{"not_picked":["Slimebound:FlameTackle+1","Slimebound:ComboTackle+1","Slimebound:SlimeBrawl+1"],"picked":"Slimebound:SplitAcid+1","floor":38},{"not_picked":["Slimebound:LeadByExample+1","Slimebound:SplitAcid+1","Slimebound:SplitMire+1"],"picked":"Slimebound:LevelUp+1","floor":39},{"not_picked":["Slimebound:Grow+1","Slimebound:GrowthPunch+1","Slimebound:SlimeTap+1","Slimebound:SlimeSpikes+1"],"picked":"SKIP","floor":42},{"not_picked":["Slimebound:MassFeed+1","Slimebound:SamplingLick+1","Slimebound:TongueLash+1","Slimebound:GoopSpray+1"],"picked":"SKIP","floor":43},{"not_picked":["Slimebound:SplitMire+1","Slimebound:SlimeSlap+1","Slimebound:GrowthPunch+1","Slimebound:SamplingLick+1"],"picked":"SKIP","floor":45},{"not_picked":["Slimebound:SlimeSpikes+1","Slimebound:SplitBruiser+1","Slimebound:SplitLeeching+1","Slimebound:PressTheAttack+1"],"picked":"SKIP","floor":46},{"not_picked":["Slimebound:RollThrough+1","Slimebound:PressTheAttack+1","Slimebound:RainOfGoop+1","Slimebound:GrowthPunch+1"],"picked":"SKIP","floor":48},{"not_picked":["Slimebound:RainOfGoop+1","Slimebound:GoopSpray+1","Slimebound:ItLooksTasty+1","Slimebound:Dissolve+1"],"picked":"SKIP","floor":49}],"player_experience":73391,"relics_obtained":[{"floor":3,"key":"Pocketwatch"},{"floor":6,"key":"Question Card"},{"floor":7,"key":"Molten Egg 2"},{"floor":11,"key":"Sundial"},{"floor":17,"key":"Anchor"},{"floor":17,"key":"Toxic Egg 2"},{"floor":17,"key":"Incense Burner"},{"floor":24,"key":"Pear"},{"floor":27,"key":"Frozen Egg 2"},{"floor":29,"key":"Eternal Feather"},{"floor":31,"key":"Ginger"},{"floor":31,"key":"Matryoshka"},{"floor":41,"key":"Art of War"},{"floor":41,"key":"Bag of Marbles"},{"floor":45,"key":"Darkstone Periapt"},{"floor":45,"key":"Pantograph"}],"event_choices":[{"cards_removed":["Slimebound:Strike_Slimebound"],"damage_healed":0,"gold_gain":0,"player_choice":"Card Removal","damage_taken":0,"max_hp_gain":0,"max_hp_loss":0,"event_name":"The Cleric","floor":14,"gold_loss":0},{"cards_removed":["Slimebound:Strike_Slimebound"],"damage_healed":0,"gold_gain":0,"player_choice":"Elegance","damage_taken":0,"max_hp_gain":0,"max_hp_loss":0,"event_name":"Back to Basics","floor":21,"gold_loss":0},{"damage_healed":0,"gold_gain":0,"player_choice":"Ignored","damage_taken":0,"max_hp_gain":0,"max_hp_loss":0,"event_name":"NoteForYourself","floor":44,"gold_loss":0}],"is_beta":false,"boss_relics":[{"not_picked":["Runic Dome","Ectoplasm"],"picked":"Calling Bell"},{"not_picked":["Philosopher\u0027s Stone","Astrolabe"],"picked":"Black Star"}],"items_purged_floors":[37],"is_endless":false,"potions_floor_spawned":[2,10,15,16,22,23,26,29,32,33,38,42,43,48,49],"ascension_level":0}}