{"host":"3ek78t4i81ecmdy1","time":1608605575,"event":{"mods":["2.2 Compatiblity","AchievementEnabler","BaseMod","Colored Map","DeckTracker","Filter the Spire","Keyboard Shortcuts","Minty Spire (QoL Compilation)","Permanent Neow","Quick Restart","SuperFastMode","everything is the same but u backflip on backflip"],"gold_per_floor":[118,118,132,132,132,150,150,176,199,216,216,65,125,138,138,234,234,254,324,324,103,113,139,139,139,139,154,154,174,273,290,290,388,388,408,458,223,445,458,488,488,519,570,599,599,613,613,613,613,613],"floor_reached":51,"playtime":2046,"items_purged":["Heavy Blade","Demon Form"],"score":851,"play_id":"6bce6340-2327-4cc0-95d4-879a8541823f","local_time":"20201222115255","is_ascension_mode":false,"campfire_choices":[{"data":"Rampage","floor":11.0,"key":"SMITH"},{"floor":15.0,"key":"RECALL"},{"data":"Armaments","floor":24.0,"key":"SMITH"},{"data":"Spot Weakness","floor":32.0,"key":"SMITH"},{"data":"Heavy Blade","floor":41.0,"key":"SMITH"},{"data":"Madness","floor":47,"key":"SMITH"},{"data":"Madness","floor":49,"key":"SMITH"}],"circlet_count":0,"master_deck":["Shockwave","Iron Wave","Carnage","Rampage+1","Demon Form","Heavy Blade+1","Reaper","Ghostly Armor","Flame Barrier","Armaments+1","Anger","Anger","Offering","Spot Weakness+1","Thunderclap+1","Warcry+1","True Grit+1","Anger+1","Limit Break","Warcry+1","Dropkick+1","Inflame+1","Madness+1","Madness+1"],"relics":["Black Blood","Magic Flower","Red Skull","FossilizedHelix","War Paint","Oddly Smooth Stone","Sling","Nunchaku","Pandora\u0027s Box","Red Mask","HandDrill","WingedGreaves","Bronze Scales","Ginger","MealTicket","Blue Candle","PreservedInsect","Bag of Preparation"],"acts_visited":["Exordium","TheCity","TheBeyond"],"potions_floor_usage":[44,44],"damage_taken":[{"damage":14.0,"enemies":"2 Louse","floor":1.0,"turns":3.0},{"damage":3.0,"enemies":"Small Slimes","floor":3.0,"turns":4.0},{"damage":0.0,"enemies":"Jaw Worm","floor":6.0,"turns":3.0},{"damage":26.0,"enemies":"Lagavulin","floor":8.0,"turns":6.0},{"damage":0.0,"enemies":"2 Fungi Beasts","floor":10.0,"turns":3.0},{"damage":10.0,"enemies":"3 Sentries","floor":13.0,"turns":7.0},{"damage":7.0,"enemies":"3 Louse","floor":14.0,"turns":4.0},{"damage":12.0,"enemies":"Slime Boss","floor":16.0,"turns":10.0},{"damage":24.0,"enemies":"Spheric Guardian","floor":18.0,"turns":5.0},{"damage":6.0,"enemies":"Masked Bandits","floor":19.0,"turns":4.0},{"damage":6.0,"enemies":"Chosen","floor":22.0,"turns":4.0},{"damage":38.0,"enemies":"Book of Stabbing","floor":23.0,"turns":5.0},{"damage":20.0,"enemies":"Sentry and Sphere","floor":27.0,"turns":4.0},{"damage":0.0,"enemies":"Chosen and Byrds","floor":29.0,"turns":5.0},{"damage":39.0,"enemies":"Centurion and Healer","floor":31.0,"turns":7.0},{"damage":27.0,"enemies":"Champ","floor":33.0,"turns":8.0},{"damage":6.0,"enemies":"Orb Walker","floor":35.0,"turns":4.0},{"damage":33.0,"enemies":"Mind Bloom Boss Battle","floor":36.0,"turns":7.0},{"damage":22.0,"enemies":"3 Darklings","floor":39.0,"turns":6.0},{"damage":53.0,"enemies":"Nemesis","floor":40.0,"turns":5.0},{"damage":30.0,"enemies":"Reptomancer","floor":42.0,"turns":7.0},{"damage":0,"enemies":"Giant Head","floor":44,"turns":5},{"damage":27,"enemies":"Spire Growth","floor":46,"turns":4},{"damage":49,"enemies":"Donu and Deca","floor":50,"turns":5}],"seed_played":"-2441933975020532877","potions_obtained":[{"floor":3.0,"key":"ElixirPotion"},{"floor":6.0,"key":"Fire Potion"},{"floor":10.0,"key":"ColorlessPotion"},{"floor":18.0,"key":"ColorlessPotion"},{"floor":19.0,"key":"Strength Potion"},{"floor":23.0,"key":"GamblersBrew"},{"floor":27.0,"key":"Block Potion"},{"floor":35.0,"key":"Swift Potion"},{"floor":39.0,"key":"FearPotion"},{"floor":42.0,"key":"Dexterity Potion"}],"is_trial":false,"path_per_floor":["M","?","M","?","T","M","?","E","T","M","R","$","?","M","R","B",null,"M","?","?","$","M","E","R","?","T","M","?","M","?","M","R","B",null,"M","?","$","?","M","E","R","E","T","E","?","M","R","?","R","B",null],"character_chosen":"IRONCLAD","items_purchased":["Sling","HandDrill","Limit Break"],"campfire_rested":0,"item_purchase_floors":[12,21,37],"current_hp_per_floor":[67,67,72,54,54,63,56,39,39,48,48,48,47,49,49,46,72,61,64,64,64,72,43,43,36,36,39,39,60,60,42,42,24,72,72,68,68,68,72,37,37,25,25,43,34,51,51,51,51,70],"gold":613,"neow_bonus":"ONE_RARE_RELIC","is_daily":false,"chose_seed":false,"campfire_upgraded":6,"win_rate":0.0,"timestamp":1608605575,"path_taken":["M","?","M","?","?","M","?","E","T","M","R","$","?","M","R","BOSS","M","?","?","$","M","E","R","?","T","?","?","M","?","M","R","BOSS","M","?","$","?","M","E","R","E","T","E","?","?","R","?","R","BOSS"],"items_purchased_type":["Relic","Relic","Card"],"build_version":"2020-12-13","purchased_purges":2,"victory":true,"max_hp_per_floor":[72,72,72,72,72,72,72,72,72,72,72,72,72,72,72,72,72,72,72,72,72,72,72,72,72,72,72,72,72,72,72,72,72,72,72,72,72,72,72,72,72,72,72,72,72,72,72,72,72,72],"card_choices":[{"not_picked":["Clash","True Grit"],"picked":"Shockwave","floor":1.0},{"not_picked":["Seeing Red","Dual Wield"],"picked":"Carnage","floor":3.0},{"not_picked":["Perfected Strike","Wild Strike"],"picked":"Rampage","floor":6.0},{"not_picked":["Dark Embrace","Clash"],"picked":"Demon Form","floor":8.0},{"not_picked":["Reckless Charge","Clash"],"picked":"Heavy Blade","floor":10.0},{"not_picked":["Combust","Thunderclap"],"picked":"Heavy Blade","floor":14.0},{"not_picked":["Berserk","Limit Break"],"picked":"Reaper","floor":16.0},{"not_picked":["Wild Strike","Perfected Strike+1","Sentinel"],"picked":"SKIP","floor":18.0},{"not_picked":["Armaments","Clash+1"],"picked":"Thunderclap+1","floor":22.0},{"not_picked":["Headbutt","Demon Form"],"picked":"Warcry+1","floor":23.0},{"not_picked":["Clothesline","Twin Strike"],"picked":"True Grit+1","floor":27.0},{"not_picked":["True Grit","Warcry","Headbutt"],"picked":"SKIP","floor":29.0},{"not_picked":["Perfected Strike+1","Headbutt","Havoc"],"picked":"SKIP","floor":31.0},{"not_picked":["Intimidate","Clothesline"],"picked":"Anger+1","floor":35.0},{"not_picked":["Second Wind+1","Anger+1"],"picked":"Warcry+1","floor":39.0},{"not_picked":["Spot Weakness+1","Pommel Strike"],"picked":"Dropkick+1","floor":40.0},{"not_picked":["Evolve","Cleave","Impervious"],"picked":"SKIP","floor":42.0},{"not_picked":["Blood for Blood+1","Havoc+1"],"picked":"Inflame+1","floor":44},{"not_picked":["Combust","Spot Weakness","Twin Strike"],"picked":"SKIP","floor":46}],"player_experience":18243,"relics_obtained":[{"floor":5.0,"key":"FossilizedHelix"},{"floor":8.0,"key":"War Paint"},{"floor":9.0,"key":"Oddly Smooth Stone"},{"floor":13.0,"key":"Nunchaku"},{"floor":19.0,"key":"Red Mask"},{"floor":23.0,"key":"WingedGreaves"},{"floor":26.0,"key":"Bronze Scales"},{"floor":36.0,"key":"Ginger"},{"floor":40.0,"key":"MealTicket"},{"floor":42.0,"key":"Blue Candle"},{"floor":43.0,"key":"PreservedInsect"},{"floor":44,"key":"Bag of Preparation"}],"event_choices":[{"damage_healed":0.0,"max_hp_gain":0.0,"max_hp_loss":0.0,"gold_gain":0.0,"cards_transformed":["Strike_R"],"event_name":"Living Wall","player_choice":"Change","floor":2.0,"gold_loss":0.0,"damage_taken":0.0,"cards_obtained":["Iron Wave"]},{"damage_healed":0.0,"max_hp_gain":0.0,"max_hp_loss":0.0,"gold_gain":0.0,"event_name":"Scrap Ooze","player_choice":"Success","floor":4.0,"gold_loss":0.0,"damage_taken":18.0,"relics_obtained":["Red Skull"]},{"cards_removed":["Defend_R"],"damage_healed":0.0,"max_hp_gain":0.0,"max_hp_loss":0.0,"gold_gain":0.0,"event_name":"Golden Wing","player_choice":"Card Removal","floor":7.0,"gold_loss":0.0,"damage_taken":7.0},{"damage_healed":0.0,"max_hp_gain":0.0,"max_hp_loss":0.0,"gold_gain":0.0,"event_name":"Dead Adventurer","player_choice":"Searched \u00272\u0027 times","floor":13.0,"gold_loss":0.0,"damage_taken":0.0},{"damage_healed":0.0,"max_hp_gain":0.0,"max_hp_loss":0.0,"gold_gain":0.0,"event_name":"Masked Bandits","player_choice":"Fought Bandits","floor":19.0,"gold_loss":0.0,"damage_taken":0.0},{"damage_healed":0.0,"max_hp_gain":0.0,"max_hp_loss":0.0,"gold_gain":0.0,"event_name":"The Library","player_choice":"Read","floor":20.0,"gold_loss":0.0,"damage_taken":0.0,"cards_obtained":["Spot Weakness"]},{"damage_healed":0.0,"max_hp_gain":0.0,"max_hp_loss":0.0,"gold_gain":0.0,"event_name":"Wheel of Change","player_choice":"Damaged","floor":25.0,"gold_loss":0.0,"damage_taken":7.0},{"damage_healed":0.0,"max_hp_gain":0.0,"max_hp_loss":0.0,"gold_gain":0.0,"event_name":"Vampires","player_choice":"Ignored","floor":28.0,"gold_loss":0.0,"damage_taken":0.0},{"damage_healed":0.0,"max_hp_gain":0.0,"max_hp_loss":0.0,"gold_gain":99.0,"event_name":"Nest","player_choice":"Stole From Cult","floor":30.0,"gold_loss":0.0,"damage_taken":0.0},{"damage_healed":0.0,"max_hp_gain":0.0,"max_hp_loss":0.0,"gold_gain":0.0,"event_name":"MindBloom","player_choice":"Fight","floor":36.0,"gold_loss":0.0,"damage_taken":0.0},{"damage_healed":0.0,"max_hp_gain":0.0,"max_hp_loss":0.0,"gold_gain":222.0,"event_name":"Tomb of Lord Red Mask","player_choice":"Wore Mask","floor":38.0,"gold_loss":0.0,"damage_taken":0.0},{"damage_healed":0,"gold_gain":0,"player_choice":"Embrace Madness","damage_taken":9,"max_hp_gain":0,"max_hp_loss":0,"event_name":"Winding Halls","floor":45,"gold_loss":0,"cards_obtained":["Madness","Madness"]},{"cards_removed":["Bash"],"damage_healed":0,"gold_gain":0,"player_choice":"Removed Attack","damage_taken":0,"max_hp_gain":0,"max_hp_loss":0,"event_name":"Falling","floor":48,"gold_loss":0}],"is_beta":false,"boss_relics":[{"not_picked":["Mark of Pain","Tiny House"],"picked":"Pandora\u0027s Box"},{"not_picked":["Runic Dome","Empty Cage"],"picked":"Black Blood"}],"items_purged_floors":[21,37],"is_endless":false,"potions_floor_spawned":[3,6,10,18,19,23,27,35,39,42],"ascension_level":0}}