{"host":"5jn3rki867005t18","time":1608640769,"event":{"mods":["2.2 Compatiblity","AchievementEnabler","BaseMod","Colored Map","DeckTracker","Minty Spire (QoL Compilation)","Permanent Neow","Rare Cards Sparkle","StSLib","SuperFastMode"],"gold_per_floor":[117,117,129,149,167,167,184,184,209,226,243,318,136,146,146,241,241,251,264,179,191,191,191,211,211,211,6,19,36,55,55,55,55,55],"floor_reached":33,"playtime":2449,"items_purged":["Strike_G","Strike_G"],"score":245,"play_id":"00938c61-a18a-46fe-ba69-0519a130264a","local_time":"20201222213929","is_ascension_mode":false,"campfire_choices":[{"data":"Bandage Up","floor":6,"key":"SMITH"},{"floor":15,"key":"REST"},{"data":"Finisher","floor":23,"key":"SMITH"},{"floor":25,"key":"REST"},{"floor":32,"key":"REST"}],"circlet_count":0,"master_deck":["Strike_G","Defend_G","Defend_G","Defend_G","Defend_G","Defend_G","Survivor","Neutralize","Bandage Up+1","Prepared","Dagger Spray","Underhanded Strike","Bane","Sucker Punch","Acrobatics","Poisoned Stab","Poisoned Stab","Noxious Fumes","Prepared","Unload","Die Die Die","Riddle With Holes","Finisher+1","Bane","PiercingWail","Deadly Poison","Dagger Spray","Bane+1"],"relics":["Ring of the Snake","Centennial Puzzle","HoveringKite","Smiling Mask","Regal Pillow","Strawberry"],"acts_visited":["Exordium","TheCity"],"potions_floor_usage":[16,21,24,29,33,33,33],"damage_taken":[{"damage":11,"enemies":"Jaw Worm","floor":1,"turns":6},{"damage":1,"enemies":"Cultist","floor":3,"turns":4},{"damage":5,"enemies":"2 Louse","floor":4,"turns":2},{"damage":3,"enemies":"2 Fungi Beasts","floor":5,"turns":4},{"damage":13,"enemies":"Large Slime","floor":7,"turns":9},{"damage":0,"enemies":"Blue Slaver","floor":10,"turns":4},{"damage":22,"enemies":"Gremlin Gang","floor":11,"turns":4},{"damage":8,"enemies":"2 Fungi Beasts","floor":14,"turns":4},{"damage":27,"enemies":"Hexaghost","floor":16,"turns":10},{"damage":23,"enemies":"2 Thieves","floor":18,"turns":4},{"damage":2,"enemies":"Chosen","floor":19,"turns":4},{"damage":6,"enemies":"Snake Plant","floor":21,"turns":4},{"damage":34,"enemies":"Centurion and Healer","floor":24,"turns":4},{"damage":17,"enemies":"3 Cultists","floor":28,"turns":5},{"damage":10,"enemies":"Snecko","floor":29,"turns":3},{"damage":19,"enemies":"Cultist and Chosen","floor":30,"turns":7},{"damage":67,"enemies":"Automaton","floor":33,"turns":6}],"seed_played":"-7892091666593306372","potions_obtained":[{"floor":3,"key":"Fire Potion"},{"floor":4,"key":"Weak Potion"},{"floor":7,"key":"LiquidBronze"},{"floor":10,"key":"Swift Potion"},{"floor":16,"key":"AttackPotion"},{"floor":24,"key":"CultistPotion"},{"floor":29,"key":"ColorlessPotion"},{"floor":30,"key":"FearPotion"}],"is_trial":false,"path_per_floor":["M","?","M","M","M","R","M","?","T","M","M","?","$","M","R","B",null,"M","M","?","M","?","R","M","R","T","$","M","M","M","?","R","B"],"character_chosen":"THE_SILENT","items_purchased":["Noxious Fumes","Prepared","Strawberry"],"campfire_rested":3,"item_purchase_floors":[13,13,27],"current_hp_per_floor":[62,55,58,57,58,58,51,51,51,57,41,30,30,28,49,28,70,47,51,51,51,51,51,23,44,44,51,40,30,17,17,55,0,0],"gold":55,"neow_bonus":"RANDOM_COLORLESS","is_daily":false,"chose_seed":false,"campfire_upgraded":2,"win_rate":0.0,"timestamp":1608640769,"path_taken":["M","?","M","?","M","R","M","?","T","M","M","?","$","M","R","BOSS","M","M","?","M","?","R","M","R","T","$","M","M","M","?","R","BOSS"],"items_purchased_type":["Card","Card","Relic"],"build_version":"2020-12-13","purchased_purges":2,"victory":false,"max_hp_per_floor":[70,70,70,70,70,70,70,70,70,70,70,70,70,70,70,70,70,70,70,70,70,70,70,70,70,70,77,77,77,77,77,77,77,77],"card_choices":[{"not_picked":["Panacea","Mind Blast"],"picked":"Bandage Up","floor":0},{"not_picked":["Flechettes","Skewer"],"picked":"Prepared","floor":1},{"not_picked":["Acrobatics","Slice"],"picked":"Dagger Spray","floor":3},{"not_picked":["Heel Hook","Acrobatics"],"picked":"Underhanded Strike","floor":4},{"not_picked":["Slice","Underhanded Strike"],"picked":"Bane","floor":5},{"not_picked":["Terror","Slice"],"picked":"Sucker Punch","floor":7},{"not_picked":["Riddle With Holes","Sucker Punch"],"picked":"Poisoned Stab","floor":10},{"not_picked":["Calculated Gamble","Reflex"],"picked":"Poisoned Stab","floor":11},{"not_picked":["Heel Hook","Deflect"],"picked":"Unload","floor":14},{"not_picked":["Doppelganger","Night Terror"],"picked":"Die Die Die","floor":16},{"not_picked":["Terror","Reflex+1"],"picked":"Riddle With Holes","floor":18},{"not_picked":["Underhanded Strike","Backflip"],"picked":"Finisher","floor":19},{"not_picked":["Quick Slash+1","Dash"],"picked":"Bane","floor":21},{"not_picked":["Well Laid Plans","Caltrops"],"picked":"PiercingWail","floor":24},{"not_picked":["Quick Slash","Reflex"],"picked":"Deadly Poison","floor":28},{"not_picked":["Dash","Dodge and Roll"],"picked":"Dagger Spray","floor":29},{"not_picked":["Escape Plan","Deflect+1"],"picked":"Bane+1","floor":30}],"player_experience":62840,"relics_obtained":[{"floor":9,"key":"Centennial Puzzle"},{"floor":26,"key":"Regal Pillow"}],"event_choices":[{"damage_healed":0,"gold_gain":0,"player_choice":"Damaged","damage_taken":7,"max_hp_gain":0,"max_hp_loss":0,"event_name":"Wheel of Change","floor":2,"gold_loss":0},{"damage_healed":0,"gold_gain":0,"cards_transformed":["Strike_G"],"player_choice":"Change","damage_taken":0,"max_hp_gain":0,"max_hp_loss":0,"event_name":"Living Wall","floor":8,"gold_loss":0,"cards_obtained":["Acrobatics"]},{"damage_healed":0,"gold_gain":75,"player_choice":"Gather Gold","damage_taken":11,"max_hp_gain":0,"max_hp_loss":0,"event_name":"World of Goop","floor":12,"gold_loss":0},{"damage_healed":0,"gold_gain":0,"player_choice":"Obtained Relic","damage_taken":0,"relics_obtained":["Smiling Mask"],"max_hp_gain":0,"max_hp_loss":0,"event_name":"Addict","floor":20,"gold_loss":85},{"damage_healed":0,"gold_gain":0,"player_choice":"Ignored","damage_taken":0,"max_hp_gain":0,"max_hp_loss":0,"event_name":"Vampires","floor":22,"gold_loss":0},{"cards_removed":["Strike_G"],"damage_healed":0,"gold_gain":0,"player_choice":"Elegance","damage_taken":0,"max_hp_gain":0,"max_hp_loss":0,"event_name":"Back to Basics","floor":31,"gold_loss":0}],"is_beta":false,"boss_relics":[{"not_picked":["WristBlade","Busted Crown"],"picked":"HoveringKite"}],"items_purged_floors":[13,27],"is_endless":false,"potions_floor_spawned":[3,4,7,10,16,24,29,30],"killed_by":"Automaton","ascension_level":0}}