{"host":"wvaiab5ya9pyia0u","time":1608666248,"event":{"mods":["2.2 Compatiblity","Aspiration","Bard","BaseMod","Bestiary","BetterRewards","Challenge The Spire","Colored Powertips","Conspire","Custom Start","DeckTracker","Hermit","Highlight Path","Hubris","Humility","Infinite Spire","Mimic Mod","Minty Spire (QoL Compilation)","Practice Mode","Quick Restart","Rare Cards Sparkle","Replay The Spire","Reworked Bosses","SacredBarkPlus","Shop Mod","Spicy Shops","StSLib","The Blue Laboratory","The Construct","The Cursed","The Disciple","The Factory","The Hierophant","The Jungle","The Mystic","The Runesmith","The Servant 0.9.4","TheBandit","Thieving Mod","Wandering Minibosses","everything is the same but u backflip on backflip","slay the spire mod where everything is the same but ironclad has a cowboy hat"],"gold_per_floor":[112,112,16,29,48,75,75,75,75,75,75,89,103,87,87,187,187,152,163,266,289,289,289,314,264,294,294,294,294,325,346,346,451,451,476,5,26,26,54,54,54],"floor_reached":40,"playtime":3477,"items_purged":["hermit:Defend_Hermit"],"score":440,"play_id":"ecb352e2-095e-40e0-bf29-dd4ed4d9385b","local_time":"20201222204408","is_ascension_mode":false,"campfire_choices":[{"data":"hermit:Determination","floor":8.0,"key":"SMITH"},{"data":"hermit:Ricochet","floor":10.0,"key":"SMITH"},{"floor":15.0,"key":"REST"},{"floor":23.0,"key":"REST"},{"floor":29.0,"key":"REST"}],"circlet_count":0,"master_deck":["hermit:Strike_Hermit","hermit:Strike_Hermit","hermit:Defend_Hermit","hermit:Defend_Hermit","hermit:Defend_Hermit","hermit:Snapshot","hermit:Covet","hermit:Vantage+1","LockedBlood","hermit:Ricochet+1","hermit:Dive","hermit:Determination+1","hermit:HoleUp+1","Force Field","hermit:EyeOfTheStorm+1","LockedMercury","Creative AI","hierophant:Doubloon","TheCursedMod:Torture","Turbo+1","bard:Accelerando","LockedTornado","Runesmith:MakeshiftArmor","infinitespire:Collect","TheCursedMod:VitalStrike","hermit:Enervate","Heavy Blade+1","ReplayTheSpireMod:Doomed","Injury","infinitespire:UltimateForm","Setup+1"],"relics":["aspiration:Nostalgia","m_MercuryCore","hubris:Backtick","PrismaticShard","wanderingMiniBosses:ThiefScarf","hermit:Momento","infinitespire:ShieldingShard","infinitespire:Beetle Shell","Replay:WaspNest","construct:ClawGrip","aspiration:Lifesprig","Replay:Lucky Slots","TungstenRod","Replay:Multitool"],"acts_visited":["Exordium","Exordium","TheBeyond"],"potions_floor_usage":[30,40],"damage_taken":[{"damage":1.0,"enemies":"Cultist","floor":1.0,"turns":3.0},{"damage":4.0,"enemies":"conspire:RoseBush","floor":4.0,"turns":3.0},{"damage":0.0,"enemies":"Small Slimes","floor":5.0,"turns":2.0},{"damage":39.0,"enemies":"Lagavulin","floor":6.0,"turns":7.0},{"damage":4.0,"enemies":"Gremlin Gang","floor":12.0,"turns":5.0},{"damage":2.0,"enemies":"Looter","floor":13.0,"turns":3.0},{"damage":12.0,"enemies":"Lots of Slimes","floor":14.0,"turns":6.0},{"damage":23.0,"enemies":"Slime Boss","floor":16.0,"turns":14.0},{"damage":17.0,"enemies":"theJungle:Flameango_and_Byrd","floor":18.0,"turns":11.0},{"damage":22.0,"enemies":"Shell Parasite","floor":19.0,"turns":13.0},{"damage":13.0,"enemies":"theJungle:Snecko_Cultist_And_Trap","floor":20.0,"turns":8.0},{"damage":28.0,"enemies":"theJungle:Lyon","floor":21.0,"turns":7.0},{"damage":31.0,"enemies":"theJungle:2_Snecko_Cultists","floor":24.0,"turns":12.0},{"damage":5.0,"enemies":"theJungle:SlimyTreeVines","floor":26.0,"turns":17.0},{"damage":11,"enemies":"theJungle:SlimyTreeVines","floor":30,"turns":9},{"damage":13,"enemies":"theJungle:SlimyTreeVines","floor":31,"turns":7},{"damage":23,"enemies":"theJungle:QueenSpyder","floor":33,"turns":13},{"damage":15,"enemies":"3 Shapes","floor":35,"turns":6},{"damage":50,"enemies":"3 Darklings","floor":37,"turns":8},{"damage":0,"enemies":"Sphere and 2 Shapes","floor":39,"turns":1},{"damage":37,"enemies":"Jaw Worm Horde","floor":40,"turns":2}],"seed_played":"5765623792007598036","potions_obtained":[{"floor":1.0,"key":"DuplicationPotion"},{"floor":6.0,"key":"blueLaboratory:BottledHope"},{"floor":12.0,"key":"blueLaboratory:BubblePotion"},{"floor":14.0,"key":"Elixir"},{"floor":18.0,"key":"GamblersBrew"},{"floor":31,"key":"construct:ShiftPotion"}],"is_trial":false,"path_per_floor":["M","?","$","M","M","E","?","R","T","R","?","M","M","M","R","B",null,"M","M","M","M","?","R","M","?","MIM","?","AVR","R","MIM","M","R","B",null,"M","$","M","?","M","M"],"character_chosen":"HERMIT","items_purchased":["LockedBlood","hermit:Ricochet","aspiration:Lifesprig","hermit:Enervate","Replay:Lucky Slots"],"campfire_rested":3,"item_purchase_floors":[3,3,36,36,36],"current_hp_per_floor":[74,74,74,71,73,40,40,40,40,40,40,42,44,38,60,43,75,64,48,41,19,19,41,16,16,17,17,17,39,40,39,61,47,75,69,69,25,25,25,0,0],"gold":54,"neow_bonus":"NOSTALGIA","is_daily":false,"chose_seed":false,"campfire_upgraded":2,"win_rate":0.0,"timestamp":1608666248,"path_taken":["M","?","$","M","?","E","?","R","T","R","?","M","M","M","R","BOSS","M","?","M","M","?","R","?","?","MIM","?","AVR","R","?","M","R","BOSS","M","$","M","?","M","M"],"items_purchased_type":["Card","Card","Relic","Card","Relic"],"build_version":"2020-12-13","purchased_purges":1,"victory":false,"max_hp_per_floor":[75,75,75,75,75,75,75,75,75,75,75,75,75,75,75,75,75,75,75,75,75,75,75,75,75,75,75,75,75,75,75,75,75,75,75,75,75,75,75,75,75],"card_choices":[{"not_picked":["hermit:HoleUp","hermit:Coalescence"],"picked":"hermit:Vantage","floor":1.0},{"not_picked":["hermit:Coalescence","Fragmentalize"],"picked":"hermit:Dive","floor":4.0},{"not_picked":["hermit:Horror","hermit:Coalescence"],"picked":"hermit:Determination","floor":5.0},{"not_picked":["Self Repair","hermit:Manifest"],"picked":"hermit:HoleUp","floor":6.0},{"not_picked":["hermit:CalledShot","hermit:Desperado"],"picked":"Force Field","floor":12.0},{"not_picked":["hermit:Purgatory","hermit:GhostlyPresence"],"picked":"hermit:EyeOfTheStorm","floor":13.0},{"not_picked":["hermit:Manifest","hermit:Spite"],"picked":"LockedMercury","floor":14.0},{"not_picked":["hermit:FatalDesire","hermit:Purgatory"],"picked":"Creative AI","floor":16.0},{"not_picked":["TheCursedMod:RapidMovement","hermit:BodyArmor"],"picked":"hierophant:Doubloon","floor":18.0},{"not_picked":["TheCursedMod:SpitefulPray","wariomod:BlastDash"],"picked":"TheCursedMod:Torture","floor":19.0},{"not_picked":["FollowUp","mysticmod:Daze"],"picked":"Turbo+1","floor":20.0},{"not_picked":["Cuckoo+1","wariomod:Bomblaster"],"picked":"bard:Accelerando","floor":21.0},{"not_picked":["TheCursedMod:Obscuration","hermit:Combo","Headbutt"],"picked":"SKIP","floor":24.0},{"not_picked":["Good Instincts","Chaos"],"picked":"Runesmith:MakeshiftArmor","floor":26.0},{"not_picked":["construct:Accumulate","CrunchTime+1","Battle Trance"],"picked":"SKIP","floor":31},{"not_picked":["Clash+1","EscortCommand","TheCursedMod:VitalStrike"],"picked":"SKIP","floor":35},{"not_picked":["Clash+1","EscortCommand"],"picked":"TheCursedMod:VitalStrike","floor":35},{"not_picked":["Nirvana+1","hermit:Roulette+1"],"picked":"Heavy Blade+1","floor":37},{"not_picked":["infinitespire:Oblivion","hubris:Fate"],"picked":"infinitespire:UltimateForm","floor":38},{"not_picked":["TheCursedMod:HellsGateOpen","construct:Synchronize"],"picked":"Setup+1","floor":39}],"player_experience":191919,"relics_obtained":[{"floor":6.0,"key":"infinitespire:Beetle Shell"},{"floor":9.0,"key":"infinitespire:ShieldingShard"},{"floor":20.0,"key":"wanderingMiniBosses:ThiefScarf"},{"floor":20.0,"key":"hermit:Momento"},{"floor":20.0,"key":"infinitespire:ShieldingShard"},{"floor":20.0,"key":"infinitespire:Beetle Shell"},{"floor":26.0,"key":"Replay:WaspNest"}],"event_choices":[{"damage_healed":0.0,"max_hp_gain":0.0,"max_hp_loss":0.0,"gold_gain":0.0,"event_name":"Upgrade Shrine","player_choice":"Upgraded","floor":2.0,"gold_loss":0.0,"damage_taken":0.0,"cards_upgraded":["hermit:Vantage"]},{"cards_removed":["hermit:Strike_Hermit"],"damage_healed":0.0,"max_hp_gain":0.0,"max_hp_loss":0.0,"gold_gain":0.0,"event_name":"Purifier","player_choice":"Purged","floor":11.0,"gold_loss":0.0,"damage_taken":0.0},{"damage_healed":0.0,"max_hp_gain":0.0,"max_hp_loss":0.0,"gold_gain":0.0,"cards_transformed":["hermit:Strike_Hermit"],"event_name":"Transmorgrifier","player_choice":"Transformed","floor":22.0,"gold_loss":0.0,"damage_taken":0.0,"cards_obtained":["LockedTornado"]}],"is_beta":false,"boss_relics":[{"not_picked":["conspire:SpecialSausage","aspiration:RunesmithSkillbook"],"picked":"hubris:Backtick"},{"not_picked":["Pandora\u0027s Box","Calling Bell"],"picked":"construct:ClawGrip"}],"items_purged_floors":[36],"is_endless":false,"potions_floor_spawned":[1,6,12,14,18,19,31,35,39],"killed_by":"Jaw Worm Horde","ascension_level":0}}