{"host":"csap8gk29nkluet0","time":1608625063,"event":{"mods":["Ascension Reborn","BaseMod","Downfall","Minty Spire (QoL Compilation)","Quick Restart","READ ME - Guardian Mod","StSLib","The Servant 0.9.4"],"gold_per_floor":[99,99,99,99,99,99,99,99,130,146,146,146,157,186,199,199,199,199],"floor_reached":16,"playtime":863,"items_purged":[],"score":96,"play_id":"bf667202-0ced-4d92-99fd-7da5639abb55","local_time":"20201222161743","is_ascension_mode":true,"campfire_choices":[{"data":"Slimebound:CorrosiveSpit","floor":1.0,"key":"SMITH"},{"floor":6.0,"key":"RECALL"}],"circlet_count":0,"master_deck":["Slimebound:Strike_Slimebound","Slimebound:Strike_Slimebound","Slimebound:Tackle","Slimebound:Defend_Slimebound","Slimebound:Defend_Slimebound","Slimebound:Defend_Slimebound","Slimebound:Defend_Slimebound","Slimebound:Split","Slimebound:CorrosiveSpit+1","Slimebound:LeadByExample","Slimebound:SplitMire+1","Slimebound:Schlurp+1","Slimebound:GrowthPunch","Slimebound:SlimeSpikes+1","Slimebound:MinionMaster","Slimebound:AcidTongue"],"relics":["Slimebound:AbsorbEndCombat","downfall:HeartsMalice","Toxic Egg 2","Slimebound:ScrapOozeRelic","Odd Mushroom"],"acts_visited":["Exordium"],"potions_floor_usage":[16,16],"damage_taken":[{"damage":0.0,"enemies":"Jaw Worm","floor":2.0,"turns":1.0},{"damage":0.0,"enemies":"Small Slimes","floor":3.0,"turns":1.0},{"damage":0.0,"enemies":"Cultist","floor":8.0,"turns":1.0},{"damage":33.0,"enemies":"Gremlin Nob","floor":9.0,"turns":4.0},{"damage":10.0,"enemies":"2 Fungi Beasts","floor":10.0,"turns":3.0},{"damage":18.0,"enemies":"Blue Slaver","floor":13.0,"turns":2.0},{"damage":25.0,"enemies":"The Mushroom Lair","floor":14.0,"turns":4.0},{"damage":21.0,"enemies":"Exordium Thugs","floor":15.0,"turns":4.0},{"damage":34,"enemies":"downfall:Silent","floor":16,"turns":4}],"seed_played":"-5885677208430574689","potions_obtained":[{"floor":9.0,"key":"Strength Potion"},{"floor":10.0,"key":"SmokeBomb"},{"floor":13.0,"key":"ColorlessPotion"},{"floor":14.0,"key":"SneckoOil"}],"is_trial":false,"path_per_floor":["R","M","M","?","?","R","T","M","E","M","?","?","M","?","M","B"],"character_chosen":"SLIMEBOUND","items_purchased":[],"campfire_rested":0,"item_purchase_floors":[],"current_hp_per_floor":[60,60,60,60,60,60,60,60,41,43,43,43,39,26,17,0,0,0],"gold":199,"neow_bonus":"THREE_ENEMY_KILL","is_daily":false,"chose_seed":false,"campfire_upgraded":1,"win_rate":0.0,"timestamp":1608625063,"path_taken":["R","M","M","?","?","R","T","M","E","M","?","?","?","?","M","BOSS"],"items_purchased_type":[],"build_version":"2020-12-13","purchased_purges":0,"victory":false,"max_hp_per_floor":[60,60,60,60,60,60,60,60,60,60,60,60,60,60,60,60,60,60],"card_choices":[{"not_picked":["Slimebound:Prepare","Slimebound:HauntingLick","Slimebound:Nibble"],"picked":"SKIP","floor":2.0},{"not_picked":["Slimebound:ViciousTackle","Slimebound:SplitLeeching"],"picked":"Slimebound:LeadByExample","floor":3.0},{"not_picked":["Slimebound:LeadByExample","Slimebound:LeechEnergy"],"picked":"Slimebound:SplitMire+1","floor":8.0},{"not_picked":["Slimebound:SplitBruiser+1","Slimebound:MegaLick+1"],"picked":"Slimebound:Schlurp+1","floor":9.0},{"not_picked":["Slimebound:LivingWall+1","Slimebound:FlameTackle"],"picked":"Slimebound:GrowthPunch","floor":10.0},{"not_picked":["Slimebound:SpikyOuterGoop","Slimebound:PressTheAttack"],"picked":"Slimebound:SlimeSpikes+1","floor":13.0},{"not_picked":["Slimebound:PressTheAttack","Slimebound:FinishingTackle"],"picked":"Slimebound:MinionMaster","floor":14.0},{"not_picked":["Slimebound:RollThrough","Slimebound:Schlurp+1"],"picked":"Slimebound:AcidTongue","floor":15.0}],"player_experience":111639,"relics_obtained":[{"floor":7.0,"key":"Toxic Egg 2"},{"floor":9.0,"key":"Bag of Marbles"},{"floor":14.0,"key":"Odd Mushroom"}],"event_choices":[{"cards_removed":["Slimebound:Strike_Slimebound"],"damage_healed":0.0,"max_hp_gain":0.0,"max_hp_loss":0.0,"gold_gain":0.0,"event_name":"Purifier","player_choice":"Purged","floor":12.0,"gold_loss":0.0,"damage_taken":0.0},{"damage_healed":0.0,"max_hp_gain":0.0,"max_hp_loss":0.0,"gold_gain":0.0,"event_name":"Mushrooms","player_choice":"Fought Mushrooms","floor":14.0,"gold_loss":0.0,"damage_taken":0.0}],"is_beta":false,"boss_relics":[],"items_purged_floors":[],"is_endless":false,"potions_floor_spawned":[9,10,13,14],"killed_by":"downfall:Silent","ascension_level":0}}