{"host":"9dfaar78vv55a585","time":1608616655,"event":{"mods":["Aspiration","BaseMod","Better Third Choice","BetterRewards","Conspire","DeckTracker","Energized Spire","Glutton Mod","Halation","Hermit","Hubris","Infinite Spire","Lobotomy","LobotomyExtend","Mad Scientist","Minty Spire (QoL Compilation)","Permanent Neow","Potionbrewer","Replay The Spire","Shop Mod","Spicy Shops","Spikes Relics","StSLib","SuperFastMode","Trackpad","vexMod"],"gold_per_floor":[118,131,131,131,150,178,178,207,207,207,224,238,148,148,148,252,252,265,290,38,50,50,50],"floor_reached":22,"playtime":1012,"items_purged":[],"score":294,"play_id":"04effe24-f58f-457d-8fc2-9c50c84e0ebb","local_time":"20201222055735","is_ascension_mode":false,"campfire_choices":[{"floor":7,"key":"REST"},{"floor":10,"key":"REST"},{"floor":15,"key":"REST"}],"circlet_count":0,"master_deck":["hermit:Strike_Hermit","hermit:Strike_Hermit","hermit:Strike_Hermit","hermit:Strike_Hermit","hermit:Defend_Hermit","hermit:Defend_Hermit","hermit:Defend_Hermit","hermit:Snapshot","hermit:Covet","hermit:Showdown","hermit:SprayPray","hermit:Glare","Decay","hermit:FinalCanter","hermit:GoldenBullet","hermit:Quickdraw","hermit:Determination+1","hermit:Magnum","hermit:Malice"],"relics":["hermit:Momento","Unceasing Top","aspiration:FetidBarrel","Pet Ghost","hubris:Towel","vexMod:DeviousBotling","Red Mask","vexMod:Cooldron","Shovel"],"acts_visited":["Exordium","TheCity"],"potions_floor_usage":[19],"damage_taken":[{"damage":0,"enemies":"Cultist","floor":1,"turns":3},{"damage":0,"enemies":"2 Louse","floor":2,"turns":2},{"damage":4,"enemies":"conspire:RoseBush","floor":5,"turns":2},{"damage":44,"enemies":"Lagavulin","floor":6,"turns":6},{"damage":38,"enemies":"3 Sentries","floor":8,"turns":10},{"damage":6,"enemies":"Large Slime","floor":11,"turns":2},{"damage":4,"enemies":"Blue Slaver","floor":12,"turns":2},{"damage":19,"enemies":"Slime Boss","floor":16,"turns":7},{"damage":6,"enemies":"Chosen","floor":18,"turns":4},{"damage":51,"enemies":"Masked Bandits","floor":19,"turns":4},{"damage":14,"enemies":"2 Thieves","floor":21,"turns":4},{"damage":4,"enemies":"Snake Plant","floor":22,"turns":2}],"seed_played":"-3707539323753711452","potions_obtained":[{"floor":1,"key":"potionbrewer:QuicksilverPotion"},{"floor":6,"key":"FearPotion"},{"floor":8,"key":"BlessingOfTheForge"},{"floor":12,"key":"potionbrewer:BarricadePotion"},{"floor":19,"key":"potionbrewer:FreezingPotion"}],"is_trial":false,"path_per_floor":["M","M","?","?","M","E","R","E","T","R","M","M","$","?","R","B",null,"M","?","$","M","M"],"character_chosen":"HERMIT","items_purchased":["hermit:Determination+1","vexMod:Cooldron","Shovel"],"campfire_rested":3,"item_purchase_floors":[13,20,20],"current_hp_per_floor":[75,75,75,75,71,27,49,11,11,33,27,23,23,23,45,26,75,69,18,18,4,0,0],"gold":50,"neow_bonus":"","is_daily":false,"chose_seed":false,"campfire_upgraded":0,"win_rate":0.0,"timestamp":1608616655,"path_taken":["M","?","?","?","M","E","R","E","T","R","M","?","$","?","R","BOSS","M","?","$","M","M"],"items_purchased_type":["Card","Relic","Relic"],"build_version":"2020-12-13","purchased_purges":0,"victory":false,"max_hp_per_floor":[75,75,75,75,75,75,75,75,75,75,75,75,75,75,75,75,75,75,75,75,75,75,75],"card_choices":[{"not_picked":["hermit:Snipe","hermit:Ricochet"],"picked":"hermit:SprayPray","floor":1},{"not_picked":["hermit:Desperado","hermit:LuckOfTheDraw"],"picked":"hermit:Glare","floor":2},{"not_picked":["hermit:DeadMansHand","hermit:WideOpen","hermit:Dive"],"picked":"SKIP","floor":5},{"not_picked":["hermit:GoldenBullet","hermit:HighCaliber"],"picked":"hermit:FinalCanter","floor":6},{"not_picked":["hermit:WideOpen","hermit:ItchyTrigger"],"picked":"hermit:GoldenBullet","floor":8},{"not_picked":["hermit:Determination","hermit:WideOpen"],"picked":"hermit:Quickdraw","floor":11},{"not_picked":["hermit:Misfire","hermit:TakeCover","hermit:Ricochet"],"picked":"SKIP","floor":12},{"not_picked":["hermit:FatalDesire","hermit:Adapt"],"picked":"hermit:Magnum","floor":16},{"not_picked":["hermit:Midnight","hermit:Vantage","hermit:Glare"],"picked":"SKIP","floor":18},{"not_picked":["hermit:Glare","hermit:Snipe"],"picked":"hermit:Malice","floor":19},{"not_picked":["hermit:ItchyTrigger","hermit:Deadeye","hermit:BodyArmor"],"picked":"SKIP","floor":21}],"player_experience":80175,"relics_obtained":[{"floor":6,"key":"Unceasing Top"},{"floor":8,"key":"aspiration:FetidBarrel"},{"floor":9,"key":"Pet Ghost"},{"floor":19,"key":"Red Mask"}],"event_choices":[{"damage_healed":0,"gold_gain":0,"player_choice":"Leave","damage_taken":0,"max_hp_gain":0,"max_hp_loss":0,"event_name":"conspire:Investor","floor":3,"gold_loss":0},{"damage_healed":0,"gold_gain":0,"player_choice":"Cursed","damage_taken":0,"max_hp_gain":0,"max_hp_loss":0,"event_name":"Wheel of Change","floor":4,"gold_loss":0,"cards_obtained":["Decay"]},{"damage_healed":0,"gold_gain":0,"player_choice":"Fought Bandits","damage_taken":0,"max_hp_gain":0,"max_hp_loss":0,"event_name":"Masked Bandits","floor":19,"gold_loss":0}],"is_beta":false,"boss_relics":[{"not_picked":["Ring of Chaos","halation:ForbiddenBikini"],"picked":"vexMod:DeviousBotling"}],"items_purged_floors":[],"is_endless":false,"potions_floor_spawned":[1,6,8,12,18,19],"killed_by":"Snake Plant","ascension_level":0}}