{"host":"17xjy7b7ubl548g2","time":1608611969,"event":{"mods":["2.2 Compatiblity","Act Like it!","Aspiration","Astrologer","Bard","BaseMod","Bestiary","Challenge The Spire","ChefMod","Colored Map","Conspire","Elementarium","Energized Spire","GifTheSpireLib","Halation","Hallownest","Hermit","Hubris","Infinite Spire","Jedi Mod","Jorbs\u0027s Wanderer Trilogy","Marisa（霧雨　魔理沙）","Marked Mod","Minty Spire (QoL Compilation)","Pale of the Ancients","Permanent Neow","Puzzle Mod","Replay The Spire","Robot Space Explorer","Spicy Shops","StSLib","Stuff the Spire","The Blue Laboratory","The Bug Knight","The Construct","The Disciple","The Hayseed","The Hierophant","The Runesmith","The Sage"],"gold_per_floor":[113,129,162,162,174,174,206,206,233,247,1,1,1,13,13,92,92,111,137,156,174,14,14,14,14],"floor_reached":24,"playtime":2879,"items_purged":["Strike_B"],"score":353,"play_id":"bcd796da-904c-488a-8aee-7c4ea5f5e439","local_time":"20201221233929","is_ascension_mode":true,"campfire_choices":[{"data":"BasicCrystalCard","floor":6,"key":"SMITH"},{"data":"Consume","floor":8,"key":"SMITH"},{"data":"Deadly Poison","floor":13,"key":"SMITH"},{"floor":15,"key":"REST"},{"data":"Tempest","floor":23,"key":"SMITH"}],"circlet_count":0,"master_deck":["AscendersBane","Strike_B","Strike_B","Strike_B","Defend_B","Defend_B","Defend_B","Defend_B","Dualcast","BasicCrystalCard+1","Auto Shields+1","Cold Snap+1","Ball Lightning","Consume+1","Steam","Conserve Battery","Deadly Poison+1","jedi:BurstFrost","Tempest+1","jedi:BurstFrost","Conserve Battery","Panic Button","ReplayTheSpireMod:Calculation Training"],"relics":["ReplayFunnel","infinitespire:Lucky Rock","Guide Book","Ring of the Snake","Inserter","Prayer Wheel","Elementarium:GoldenMirage","Replay:Wax Seal"],"acts_visited":["Exordium","Exordium"],"potions_floor_usage":[3,16,19,24],"damage_taken":[{"damage":0,"enemies":"2 Louse","floor":1,"turns":2},{"damage":0,"enemies":"conspire:RoseBush","floor":2,"turns":3},{"damage":9,"enemies":"conspire:MimicChest","floor":3,"turns":5},{"damage":1,"enemies":"Jaw Worm","floor":5,"turns":4},{"damage":29,"enemies":"HollowMod:MossKnight","floor":7,"turns":9},{"damage":1,"enemies":"Red Slaver","floor":10,"turns":4},{"damage":2,"enemies":"2 Fungi Beasts","floor":14,"turns":4},{"damage":1,"enemies":"Fading Forest","floor":16,"turns":11},{"damage":11,"enemies":"Elementarium:VoidCorruption","floor":18,"turns":9},{"damage":20,"enemies":"Elementarium:GOLDEN_STATUES","floor":19,"turns":5},{"damage":4,"enemies":"Elementarium:Cyclone","floor":20,"turns":5},{"damage":26,"enemies":"Elementarium:RubyGolem","floor":21,"turns":5},{"damage":28,"enemies":"Elementarium:ElementalPortal","floor":24,"turns":9}],"seed_played":"4591865970736545289","potions_obtained":[{"floor":1,"key":"SpeedPotion"},{"floor":2,"key":"blueLaboratory:PolymorphPotion"},{"floor":14,"key":"blueLaboratory:NullPotion"},{"floor":16,"key":"jedi:StrikingPotion"},{"floor":18,"key":"blueLaboratory:FruitPreserves"},{"floor":19,"key":"blueLaboratory:HeartbeatPotion"},{"floor":20,"key":"blueLaboratory:ForbiddenFruitJuice"}],"is_trial":false,"path_per_floor":["M","M","?","?","M","R","E","R","T","M","$","?","R","M","R","B",null,"M","?","M","M","$","R","E"],"character_chosen":"DEFECT","items_purchased":["Conserve Battery","Guide Book","Replay:Wax Seal"],"campfire_rested":1,"item_purchase_floors":[11,11,22],"current_hp_per_floor":[64,64,55,55,54,54,25,25,25,24,24,24,24,22,43,50,66,55,35,31,5,5,5,25,25],"gold":14,"neow_bonus":"THREE_CARDS","is_daily":false,"chose_seed":false,"campfire_upgraded":4,"win_rate":0.0,"timestamp":1608611969,"path_taken":["M","M","?","?","M","R","E","R","T","M","$","?","R","?","R","BOSS","M","?","M","M","$","R","E"],"items_purchased_type":["Card","Relic","Relic"],"build_version":"2020-12-13","purchased_purges":1,"victory":false,"max_hp_per_floor":[71,71,71,71,71,71,71,71,71,71,71,71,71,71,71,71,71,71,71,71,71,71,71,71,71],"card_choices":[{"not_picked":["Blizzard","jedi:blockon"],"picked":"BasicCrystalCard","floor":0},{"not_picked":["White Noise","StuffTheSpire:LoadUp"],"picked":"Auto Shields","floor":1},{"not_picked":["Redo","FTL"],"picked":"Cold Snap","floor":2},{"not_picked":["Glacier","Compile Driver"],"picked":"Ball Lightning","floor":5},{"not_picked":["Steam Power","Leap"],"picked":"Consume","floor":7},{"not_picked":["Chill","Beam Cell"],"picked":"Steam","floor":10},{"not_picked":["Melter","jedi:sharpshooter"],"picked":"jedi:BurstFrost","floor":14},{"not_picked":["Meteor Strike","jedi:meditation"],"picked":"ReplayTheSpireMod:Fabricate Wheel","floor":16},{"not_picked":["Turbo","Beam Cell"],"picked":"Tempest","floor":18},{"not_picked":["StuffTheSpire:LoadUp+1","ReplaySort"],"picked":"jedi:BurstFrost","floor":18},{"not_picked":["Turbo","Go for the Eyes"],"picked":"Conserve Battery","floor":19},{"not_picked":["Static Discharge","StuffTheSpire:GlassShard"],"picked":"Panic Button","floor":20},{"not_picked":["StuffTheSpire:Plugnplay+1","Sweeping Beam","Lockon"],"picked":"SKIP","floor":20},{"not_picked":["Hello World","Doom and Gloom"],"picked":"ReplayTheSpireMod:Calculation Training","floor":21},{"not_picked":["Streamline","Stack","ReplayTheSpireMod:Fabricate Wheel"],"picked":"SKIP","floor":21}],"player_experience":1599389,"relics_obtained":[{"floor":3,"key":"ReplayFunnel"},{"floor":7,"key":"infinitespire:Lucky Rock"},{"floor":19,"key":"Elementarium:GoldenMirage"}],"event_choices":[{"damage_healed":0,"gold_gain":0,"player_choice":"Fight","damage_taken":0,"max_hp_gain":0,"max_hp_loss":0,"event_name":"Elementarium:GoldenStatues","floor":19,"gold_loss":0}],"is_beta":false,"boss_relics":[{"not_picked":["halation:HeavySnake","Runesmith:UraniumAnvil"],"picked":"Inserter"}],"items_purged_floors":[22],"is_endless":false,"potions_floor_spawned":[1,2,14,16,18,19,20],"killed_by":"Elementarium:ElementalPortal","ascension_level":16}}