{"host":"e8rlfedn69rz2s07","time":1608659008,"event":{"mods":["Act Like it!","BaseMod","Conspire","Hubris","Infinite Spire","Minty Spire (QoL Compilation)","Permanent Neow","Relic Stats","Replay The Spire","Shop Mod","StSLib","The Jungle"],"gold_per_floor":[109,109,126,141,159,159,186,186,266,266,279,306,356,369,369,446,446,456,456,456,5,5,39,58,71,71,96,96,131,131,131,131,207,207,226,258,258,275,275,275,175,201,201,228,228,403,431,448,448,448,448,448,448,448,0,0],"floor_reached":55,"playtime":3425,"items_purged":["Strike_G","Strike_G+1","Writhe","Strike_G+1","Strike_G+1"],"score":2363,"play_id":"6e6708bb-4992-4e83-809b-2d7f53315264","local_time":"20201222194328","is_ascension_mode":true,"campfire_choices":[{"data":"A Thousand Cuts","floor":6.0,"key":"SMITH"},{"floor":8.0,"key":"REST"},{"data":"Phantasmal Killer","floor":10.0,"key":"SMITH"},{"data":"Storm of Steel","floor":15.0,"key":"SMITH"},{"data":"Acrobatics","floor":30.0,"key":"SMITH"},{"floor":32.0,"key":"REST"},{"data":"After Image","floor":40,"key":"SMITH"},{"floor":45,"key":"REST"},{"floor":49,"key":"RECALL"},{"data":"ReplayTheSpireMod:Speed Training","floor":53,"key":"SMITH"}],"circlet_count":0,"master_deck":["AscendersBane","Strike_G+1","Defend_G+1","Defend_G+1","Defend_G+1","Defend_G+1","Defend_G+1","Survivor","Neutralize","A Thousand Cuts+1","Backstab","Flying Knee","Blade Dance","Phantasmal Killer+1","Storm of Steel+1","Blade Dance","Acrobatics","Cloak And Dagger","After Image+1","Backflip","ReplayTheSpireMod:Scrap Shanks","conspire:DoublingDagger","PiercingWail","Cloak And Dagger","Acrobatics+1","Phantasmal Killer","infinitespire:Execution","Tools of the Trade","Blade Dance+1","Draining Mist+1","Replay:Fractal Strike","Cloak And Dagger","ReplayTheSpireMod:Speed Training+1"],"relics":["Ring of the Snake","Tough Bandages","Quantum Egg","conspire:RoyalGoblet","Lee\u0027s Waffle","Replay:WaspNest","infinitespire:Bottled Soul","hubris:PeanutButter","conspire:DeflatedDodgeball","Ice Cream","SlaversCollar","hubris:Zylophone","Replay:Bottled Snecko","Gremlin Horn","Bag of Preparation","Replay:Baseball","hubris:NiceRug","Omamori","Vampiric Spirits","TwistedFunnel","conspire:DeflatedDodgeball"],"acts_visited":["Exordium","TheCity","TheBeyond","TheEnding"],"potions_floor_usage":[48,55,55],"damage_taken":[{"damage":3.0,"enemies":"2 Louse","floor":1.0,"turns":5.0},{"damage":0.0,"enemies":"Small Slimes","floor":3.0,"turns":5.0},{"damage":0.0,"enemies":"Cultist","floor":4.0,"turns":4.0},{"damage":9.0,"enemies":"2 Fungi Beasts","floor":5.0,"turns":4.0},{"damage":32.0,"enemies":"3 Sentries","floor":7.0,"turns":6.0},{"damage":0.0,"enemies":"Large Slime","floor":11.0,"turns":2.0},{"damage":20.0,"enemies":"Lagavulin","floor":12.0,"turns":6.0},{"damage":0.0,"enemies":"3 Louse","floor":14.0,"turns":2.0},{"damage":43.0,"enemies":"Hexaghost","floor":16.0,"turns":11.0},{"damage":21.0,"enemies":"Spheric Guardian","floor":18.0,"turns":4.0},{"damage":6.0,"enemies":"conspire:Head Lice","floor":23.0,"turns":7.0},{"damage":5.0,"enemies":"3 Byrds","floor":24.0,"turns":3.0},{"damage":0.0,"enemies":"Centurion and Healer","floor":25.0,"turns":5.0},{"damage":14.0,"enemies":"Nightmare","floor":27.0,"turns":7.0},{"damage":0.0,"enemies":"conspire:Head Lice","floor":29.0,"turns":7.0},{"damage":36.0,"enemies":"Collector","floor":33.0,"turns":7.0},{"damage":0,"enemies":"Orb Walker","floor":35,"turns":3},{"damage":47,"enemies":"conspire:MimicChest","floor":36,"turns":7},{"damage":0,"enemies":"3 Shapes","floor":38,"turns":5},{"damage":0,"enemies":"Nemesis","floor":42,"turns":2},{"damage":6,"enemies":"Nightmare","floor":44,"turns":9},{"damage":0,"enemies":"hubris:Merchant","floor":46,"turns":5},{"damage":0,"enemies":"Giant Head","floor":47,"turns":3},{"damage":0,"enemies":"Writhing Mass","floor":48,"turns":7},{"damage":0,"enemies":"Awakened One","floor":50,"turns":13},{"damage":0,"enemies":"hubris:GrandSnecko","floor":51,"turns":6},{"damage":76,"enemies":"Shield and Spear","floor":55,"turns":13}],"seed_played":"-1384641140708472982","potions_obtained":[{"floor":1.0,"key":"Dexterity Potion"},{"floor":12.0,"key":"BlessingOfTheForge"},{"floor":14.0,"key":"conspire:TimeTravelPotion"},{"floor":23.0,"key":"Reflective Coating"},{"floor":24.0,"key":"Toxic Potion"},{"floor":35,"key":"Dexterity Potion"},{"floor":36,"key":"SkillPotion"},{"floor":42,"key":"Block Potion"},{"floor":46,"key":"PowerPotion"},{"floor":48,"key":"Fruit Juice"}],"is_trial":false,"path_per_floor":["M","?","M","M","M","R","E","R","T","R","M","E","?","M","R","B",null,"M","?","?","$","?","E","M","M","T","NM","AVR","E","R","?","R","B",null,"M","?","?","M","AVR","R","$","E","T","NM","R","$","E","M","R","B","B",null,"R","$","E"],"character_chosen":"THE_SILENT","items_purchased":["Lee\u0027s Waffle","Backflip","ReplayTheSpireMod:Scrap Shanks","conspire:DoublingDagger"],"campfire_rested":3,"item_purchase_floors":[21,21,21,21],"current_hp_per_floor":[56,56,56,56,47,47,15,34,34,34,34,14,14,14,14,33,58,37,37,37,73,73,67,62,62,62,48,48,48,48,30,51,15,59,59,12,27,27,27,27,27,27,27,21,42,42,45,45,45,47,49,67,67,67,0,0],"gold":0,"neow_bonus":"ONE_RANDOM_RARE_CARD","is_daily":false,"chose_seed":false,"campfire_upgraded":6,"win_rate":0.0,"timestamp":1608659008,"path_taken":["M","?","M","M","M","R","E","R","T","R","M","E","?","M","R","BOSS","M","?","?","$","?","E","M","M","T","NM","AVR","E","R","?","R","BOSS","BOSS","M","?","?","M","AVR","R","$","E","T","NM","R","$","E","M","R","BOSS","BOSS","R","$","E"],"items_purchased_type":["Relic","Card","Card","Card"],"build_version":"2020-12-13","purchased_purges":5,"victory":false,"max_hp_per_floor":[66,66,66,66,66,66,66,66,66,66,66,66,66,66,66,66,66,66,66,66,73,73,73,73,73,73,73,73,73,73,73,73,73,73,73,73,73,73,73,73,73,73,73,73,73,73,73,73,73,73,73,73,73,73,78,78],"relic_stats":{"Tough Bandages":[444],"Lee\u0027s Waffle":36,"Gremlin Horn":[8,8],"counters":[27,158],"Bag of Preparation":[14],"obtain_stats":[{"Ice Cream":29,"TwistedFunnel":46,"Lee\u0027s Waffle":21,"conspire:RoyalGoblet":17,"Gremlin Horn":42,"Vampiric Spirits":46,"ReplayTheSpireMod:Ring of Sloth":2,"Quantum Egg":12,"Replay:WaspNest":23,"Bag of Preparation":43,"Omamori":46,"hubris:Zylophone":36,"SlaversCollar":34,"Tough Bandages":7,"Replay:Baseball":44,"infinitespire:Bottled Soul":26,"hubris:PeanutButter":27,"Replay:Bottled Snecko":39,"conspire:DeflatedDodgeball":28,"Ring of the Snake":0,"hubris:NiceRug":46},{"Ice Cream":15,"TwistedFunnel":22,"Lee\u0027s Waffle":10,"conspire:RoyalGoblet":9,"Gremlin Horn":20,"Vampiric Spirits":22,"ReplayTheSpireMod:Ring of Sloth":1,"Quantum Egg":7,"Replay:WaspNest":11,"Bag of Preparation":20,"Omamori":22,"hubris:Zylophone":18,"SlaversCollar":16,"Tough Bandages":5,"Replay:Baseball":21,"infinitespire:Bottled Soul":13,"hubris:PeanutButter":14,"Replay:Bottled Snecko":19,"conspire:DeflatedDodgeball":14,"Ring of the Snake":0,"hubris:NiceRug":22},{"Ice Cream":78,"TwistedFunnel":116,"Lee\u0027s Waffle":49,"conspire:RoyalGoblet":45,"Gremlin Horn":102,"Vampiric Spirits":116,"ReplayTheSpireMod:Ring of Sloth":5,"Quantum Egg":32,"Replay:WaspNest":56,"Bag of Preparation":102,"Omamori":116,"hubris:Zylophone":95,"SlaversCollar":85,"Tough Bandages":24,"Replay:Baseball":111,"infinitespire:Bottled Soul":64,"hubris:PeanutButter":71,"Replay:Bottled Snecko":100,"conspire:DeflatedDodgeball":71,"Ring of the Snake":0,"hubris:NiceRug":116}],"Ring of the Snake":[54]},"card_choices":[{"not_picked":["Underhanded Strike","hubris:TrickCloak"],"picked":"Backstab","floor":1.0},{"not_picked":["Cloak And Dagger","Sucker Punch"],"picked":"Flying Knee","floor":3.0},{"not_picked":["Dodge and Roll","Outmaneuver"],"picked":"Blade Dance","floor":4.0},{"not_picked":["Bane","Sucker Punch"],"picked":"Phantasmal Killer","floor":5.0},{"not_picked":["Unload","Deadly Poison"],"picked":"Storm of Steel","floor":7.0},{"not_picked":["Flying Knee","hubris:SlightOfHand"],"picked":"Blade Dance","floor":11.0},{"not_picked":["Caltrops","Dagger Spray"],"picked":"Acrobatics","floor":12.0},{"not_picked":["Deadly Poison","Dagger Throw"],"picked":"Cloak And Dagger","floor":14.0},{"not_picked":["Burst","Die Die Die"],"picked":"After Image","floor":16.0},{"not_picked":["Outmaneuver+1","Flying Knee","Bane"],"picked":"SKIP","floor":18.0},{"not_picked":["Toxin Wave","Slice"],"picked":"PiercingWail","floor":23.0},{"not_picked":["Bane","Underhanded Strike+1","Catalyst+1"],"picked":"SKIP","floor":24.0},{"not_picked":["Heel Hook","Deadly Poison"],"picked":"Cloak And Dagger","floor":25.0},{"not_picked":["Dagger Throw","Outmaneuver"],"picked":"Acrobatics","floor":27.0},{"not_picked":["hubris:SlightOfHand","Concentrate"],"picked":"Phantasmal Killer","floor":29.0},{"not_picked":["hubris:InfiniteBlow","infinitespire:Gouge"],"picked":"infinitespire:Execution","floor":31.0},{"not_picked":["After Image","Wraith Form v2"],"picked":"Tools of the Trade","floor":33},{"not_picked":["Flying Knee","Quick Slash"],"picked":"Blade Dance+1","floor":35},{"not_picked":["ReplayTheSpireMod:Exploit Weakness","Quick Slash"],"picked":"Draining Mist+1","floor":38},{"not_picked":["hubris:TrickCloak","hubris:SlightOfHand","Dagger Throw+1"],"picked":"SKIP","floor":42},{"not_picked":["infinitespire:DeathsTouch","hubris:Fate"],"picked":"Replay:Fractal Strike","floor":44},{"not_picked":["Deadly Poison","Dodge and Roll+1"],"picked":"Cloak And Dagger","floor":44},{"not_picked":["Dagger Throw"],"picked":"SKIP","floor":46},{"not_picked":["Heel Hook"],"picked":"SKIP","floor":46},{"not_picked":["Replay:Poison Smokescreen+1"],"picked":"SKIP","floor":46},{"not_picked":["Tactician"],"picked":"SKIP","floor":46},{"not_picked":["Noxious Fumes"],"picked":"SKIP","floor":46},{"not_picked":["PanicButton"],"picked":"SKIP","floor":46},{"not_picked":["Midas Touch"],"picked":"SKIP","floor":46},{"not_picked":["Escape Plan","Flechettes+1","Finisher+1"],"picked":"SKIP","floor":47},{"not_picked":["Choke","Prepared+1"],"picked":"ReplayTheSpireMod:Speed Training","floor":48}],"player_experience":911383,"relics_obtained":[{"floor":2.0,"key":"ReplayTheSpireMod:Ring of Sloth"},{"floor":7.0,"key":"Tough Bandages"},{"floor":12.0,"key":"Quantum Egg"},{"floor":23.0,"key":"Replay:WaspNest"},{"floor":26.0,"key":"infinitespire:Bottled Soul"},{"floor":27.0,"key":"hubris:PeanutButter"},{"floor":29.0,"key":"Ice Cream"},{"floor":36,"key":"hubris:Zylophone"},{"floor":42,"key":"Gremlin Horn"},{"floor":43,"key":"Bag of Preparation"},{"floor":44,"key":"Replay:Baseball"},{"floor":46,"key":"Omamori"},{"floor":46,"key":"Vampiric Spirits"},{"floor":46,"key":"TwistedFunnel"},{"floor":47,"key":"conspire:DeflatedDodgeball"}],"event_choices":[{"damage_healed":0.0,"max_hp_gain":0.0,"max_hp_loss":0.0,"gold_gain":50.0,"event_name":"Golden Shrine","player_choice":"Pray","floor":13.0,"gold_loss":0.0,"damage_taken":0.0},{"damage_healed":0.0,"max_hp_gain":0.0,"max_hp_loss":0.0,"gold_gain":0.0,"event_name":"Vampires","player_choice":"Ignored","floor":19.0,"gold_loss":0.0,"damage_taken":0.0},{"damage_healed":0.0,"max_hp_gain":0.0,"max_hp_loss":0.0,"gold_gain":0.0,"event_name":"Ghosts","player_choice":"Ignored","floor":20.0,"gold_loss":0.0,"damage_taken":0.0},{"damage_healed":0.0,"max_hp_gain":0.0,"max_hp_loss":0.0,"gold_gain":0.0,"event_name":"Back to Basics","player_choice":"Simplicity","floor":22.0,"gold_loss":0.0,"damage_taken":0.0,"cards_upgraded":["Strike_G","Strike_G","Strike_G","Strike_G","Defend_G","Defend_G","Defend_G","Defend_G","Defend_G"]},{"damage_healed":15,"gold_gain":0,"player_choice":"Writhe","damage_taken":0,"max_hp_gain":0,"max_hp_loss":0,"event_name":"Winding Halls","floor":37,"gold_loss":0,"cards_obtained":["Writhe"]}],"is_beta":false,"boss_relics":[{"not_picked":["hubris:GrandSneckoEye","hubris:Stopwatch"],"picked":"conspire:RoyalGoblet"},{"not_picked":["conspire:SeveredTorchhead","Pandora\u0027s Box"],"picked":"SlaversCollar"}],"items_purged_floors":[21,28,39,41,46],"is_endless":false,"potions_floor_spawned":[1,12,14,23,24,35,36,42,48],"killed_by":"Shield and Spear","ascension_level":20}}