{"host":"0tg1gncob7yth7j0","time":1608661136,"event":{"mods":["BaseMod","Best Route Mod","Block Reminder","Disable Question Mark Monsters","Gold Saver","Minty Spire (QoL Compilation)","SacredBarkPlus","StSLib","Transform Curses"],"gold_per_floor":[772,791,791,815,399,399,250,288,314,314,314,359,236,255,255,344,344,383,404,404,448,302,302,327,327,327,341,341,64,78,102,102,193,193,212,237,260,260,593,593,641,641,666,666,666,680,680,131,131,131],"floor_reached":51,"playtime":2752,"items_purged":[],"score":1098,"play_id":"032168da-30a0-4aba-b16d-447e099da33c","local_time":"20201222131856","is_ascension_mode":true,"campfire_choices":[{"data":"Eruption","floor":6,"key":"SMITH"},{"data":"Vigilance","floor":10,"key":"SMITH"},{"data":"Wallop","floor":15,"key":"SMITH"},{"data":"ClearTheMind","floor":23,"key":"SMITH"},{"data":"Adaptation","floor":28,"key":"SMITH"},{"floor":32,"key":"REST"},{"floor":40,"key":"REST"},{"data":"SashWhip","floor":42,"key":"SMITH"},{"floor":44,"key":"REST"},{"data":"Protect","floor":47,"key":"SMITH"},{"data":"Vault","floor":49,"key":"SMITH"}],"circlet_count":0,"master_deck":["AscendersBane","Strike_P","Strike_P+1","Strike_P+1","Strike_P","Defend_P","Defend_P","Defend_P","Defend_P","Eruption+1","Vigilance+1","Halt","TalkToTheHand","Crescendo+1","Wallop+1","Consecrate","FearNoEvil","LessonLearned+1","Adaptation+1","Halt+1","CutThroughFate","ClearTheMind+1","SashWhip+1","Halt","Judgement+1","Tantrum+1","Protect+1","EmptyFist","Vault+1"],"relics":["HolyWater","NeowsBlessing","Vajra","Lee\u0027s Waffle","Mercury Hourglass","Toolbox","Mummified Hand","Regal Pillow","Oddly Smooth Stone","Red Mask","PreservedInsect","Happy Flower","Busted Crown","Strawberry","Bronze Scales","TeardropLocket","Art of War"],"acts_visited":["Exordium","TheCity","TheBeyond"],"potions_floor_usage":[16,21,33,37,38,48,50,50],"damage_taken":[{"damage":0,"enemies":"Cultist","floor":1,"turns":1},{"damage":0,"enemies":"Jaw Worm","floor":2,"turns":1},{"damage":0,"enemies":"Lagavulin","floor":8,"turns":1},{"damage":0,"enemies":"Small Slimes","floor":12,"turns":3},{"damage":2,"enemies":"3 Louse","floor":14,"turns":2},{"damage":47,"enemies":"Hexaghost","floor":16,"turns":12},{"damage":2,"enemies":"Chosen","floor":18,"turns":4},{"damage":0,"enemies":"Spheric Guardian","floor":19,"turns":2},{"damage":10,"enemies":"Masked Bandits","floor":21,"turns":3},{"damage":4,"enemies":"Centurion and Healer","floor":24,"turns":5},{"damage":0,"enemies":"Cultist and Chosen","floor":27,"turns":3},{"damage":5,"enemies":"Snake Plant","floor":30,"turns":4},{"damage":0,"enemies":"Centurion and Healer","floor":31,"turns":3},{"damage":62,"enemies":"Collector","floor":33,"turns":12},{"damage":5,"enemies":"3 Darklings","floor":35,"turns":3},{"damage":12,"enemies":"3 Shapes","floor":36,"turns":5},{"damage":24,"enemies":"Transient","floor":37,"turns":5},{"damage":0,"enemies":"Sphere and 2 Shapes","floor":38,"turns":1},{"damage":1,"enemies":"Spire Growth","floor":46,"turns":4},{"damage":77,"enemies":"Awakened One","floor":50,"turns":13}],"seed_played":"4762498780099581812","potions_obtained":[{"floor":1,"key":"SkillPotion"},{"floor":8,"key":"SmokeBomb"},{"floor":19,"key":"Explosive Potion"},{"floor":30,"key":"Ancient Potion"},{"floor":31,"key":"Dexterity Potion"},{"floor":36,"key":"AttackPotion"},{"floor":46,"key":"Block Potion"}],"is_trial":false,"path_per_floor":["M","M","?","T","$","R","$","E","T","R","?","M","$","M","R","B",null,"M","M","?","?","$","R","M","?","T","M","R","$","M","M","R","B",null,"M","M","M","M","?","R","T","R","T","R","?","M","R","$","R","B",null],"character_chosen":"WATCHER","items_purchased":["Lee\u0027s Waffle","Mercury Hourglass","Toolbox","Wallop","Consecrate","ClearTheMind","SashWhip","Halt","Tantrum","Happy Flower","Protect","TeardropLocket","Art of War","Fruit Juice","Block Potion"],"campfire_rested":3,"item_purchase_floors":[5,5,7,13,13,22,22,22,29,29,29,48,48,48,48],"current_hp_per_floor":[65,65,47,47,79,79,79,79,79,79,79,79,79,77,77,30,67,65,65,65,55,55,55,51,51,51,51,51,51,46,46,79,17,64,59,47,23,23,23,61,68,68,68,86,86,85,85,90,90,13],"gold":131,"neow_bonus":"THREE_ENEMY_KILL","is_daily":false,"chose_seed":false,"campfire_upgraded":8,"win_rate":0.0,"timestamp":1608661136,"path_taken":["M","M","?","?","$","R","$","E","T","R","?","M","$","M","R","BOSS","M","M","?","?","$","R","M","?","T","M","R","$","M","M","R","BOSS","M","M","M","M","?","R","?","R","T","R","?","M","R","$","R","BOSS"],"items_purchased_type":["Relic","Relic","Relic","Card","Card","Card","Card","Card","Card","Relic","Card","Relic","Relic","Potion","Potion"],"build_version":"2020-12-13","purchased_purges":0,"victory":true,"max_hp_per_floor":[72,72,72,72,79,79,79,79,79,79,79,79,79,79,79,79,79,79,79,79,79,79,79,79,79,79,79,79,79,79,79,79,79,79,79,79,79,79,79,79,86,86,86,86,86,86,86,91,91,91],"card_choices":[{"not_picked":["FlurryOfBlows","WreathOfFlame"],"picked":"Halt","floor":1},{"not_picked":["Pray","MentalFortress"],"picked":"TalkToTheHand","floor":2},{"not_picked":["Evaluate","Conclude"],"picked":"Crescendo","floor":8},{"not_picked":["FollowUp","Fasting2","Wireheading"],"picked":"SKIP","floor":12},{"not_picked":["Prostrate","FlurryOfBlows"],"picked":"FearNoEvil","floor":14},{"not_picked":["Ragnarok","Scrawl"],"picked":"LessonLearned","floor":16},{"not_picked":["ClearTheMind","SashWhip"],"picked":"Adaptation","floor":18},{"not_picked":["LikeWater+1","FollowUp"],"picked":"Halt","floor":19},{"not_picked":["FearNoEvil","FlyingSleeves"],"picked":"CutThroughFate","floor":21},{"not_picked":["BowlingBash","CutThroughFate","FollowUp"],"picked":"SKIP","floor":24},{"not_picked":["PathToVictory","CutThroughFate"],"picked":"Judgement","floor":27},{"not_picked":["ThirdEye","Halt","Nirvana"],"picked":"SKIP","floor":30},{"not_picked":["FlyingSleeves","Crescendo"],"picked":"EmptyFist","floor":31},{"not_picked":["DevaForm","Devotion"],"picked":"Vault","floor":33},{"not_picked":["Collect"],"picked":"SKIP","floor":35},{"not_picked":["ThirdEye"],"picked":"SKIP","floor":36},{"not_picked":["FlurryOfBlows"],"picked":"SKIP","floor":37},{"not_picked":["FearNoEvil+1"],"picked":"SKIP","floor":46}],"player_experience":3607853,"relics_obtained":[{"floor":4,"key":"Vajra"},{"floor":8,"key":"Mummified Hand"},{"floor":9,"key":"Regal Pillow"},{"floor":21,"key":"Red Mask"},{"floor":26,"key":"PreservedInsect"},{"floor":41,"key":"Strawberry"},{"floor":43,"key":"Bronze Scales"}],"event_choices":[{"damage_healed":0,"gold_gain":0,"player_choice":"Take Damage","damage_taken":18,"relics_obtained":["Golden Idol"],"max_hp_gain":0,"max_hp_loss":0,"event_name":"Golden Idol","floor":3,"gold_loss":0},{"damage_healed":0,"gold_gain":0,"player_choice":"Grow","damage_taken":0,"max_hp_gain":0,"max_hp_loss":0,"event_name":"Living Wall","floor":11,"gold_loss":0,"cards_upgraded":["Crescendo"]},{"damage_healed":0,"gold_gain":0,"player_choice":"Opened","damage_taken":0,"relics_obtained":["Oddly Smooth Stone"],"max_hp_gain":0,"max_hp_loss":0,"event_name":"The Mausoleum","floor":20,"gold_loss":0},{"damage_healed":0,"gold_gain":0,"player_choice":"Fought Bandits","damage_taken":0,"max_hp_gain":0,"max_hp_loss":0,"event_name":"Masked Bandits","floor":21,"gold_loss":0},{"damage_healed":0,"gold_gain":0,"player_choice":"Ignored","damage_taken":0,"max_hp_gain":0,"max_hp_loss":0,"event_name":"Cursed Tome","floor":25,"gold_loss":0},{"damage_healed":0,"gold_gain":333,"player_choice":"Gave Idol","damage_taken":0,"max_hp_gain":0,"max_hp_loss":0,"event_name":"The Moai Head","floor":39,"relics_lost":["Golden Idol"],"gold_loss":0},{"damage_healed":0,"gold_gain":0,"player_choice":"Ignored","damage_taken":0,"max_hp_gain":0,"max_hp_loss":0,"event_name":"Mysterious Sphere","floor":45,"gold_loss":0}],"is_beta":false,"boss_relics":[{"not_picked":["Calling Bell","Coffee Dripper"],"picked":"HolyWater"},{"not_picked":["Astrolabe","Cursed Key"],"picked":"Busted Crown"}],"items_purged_floors":[],"is_endless":false,"potions_floor_spawned":[1,8,12,19,30,31,36,46],"ascension_level":13}}