{"host":"5gc11emcm5chfr5t","time":1608668026,"event":{"mods":["2.2 Compatiblity","AchievementEnabler","BaseMod","Bestiary","Better Note","Colored Map","Colored Powertips","Downfall","Googly Eyes","Minty Spire (QoL Compilation)","Rare Cards Sparkle","StSLib"],"gold_per_floor":[139,139,214,231,242,274,294,294,366,386,397,407,432,451,451,527,527,540,53,87,87,131,131,139,139],"floor_reached":24,"playtime":1092,"items_purged":[],"score":404,"play_id":"86e6ca58-81f1-4282-9afd-03ba39c576f2","local_time":"20201222151346","is_ascension_mode":true,"campfire_choices":[{"floor":8,"key":"REST"},{"floor":15,"key":"REST"},{"floor":23,"key":"RECALL"}],"circlet_count":0,"master_deck":["AscendersBane","sneckomod:Strike","sneckomod:Strike","sneckomod:Strike","sneckomod:Defend","sneckomod:Defend","sneckomod:Defend","sneckomod:TailWhip","sneckomod:SnekBite","sneckomod:Unknown","sneckomod:Unknown","sneckomod:QuickMove","Regret","sneckomod:SerpentIdol","sneckomod:UnknownClassPURPLE","sneckomod:WideSting","sneckomod:QuickBite","sneckomod:UnknownClassBLUE","sneckomod:Cheat","sneckomod:UnknownDexterity","sneckomod:IronFang","sneckomod:WideSting","sneckomod:Unknown3Cost","CurseOfTheBell","sneckomod:SlitherStrike","sneckomod:UnknownRarePower","sneckomod:GlitteringGambit","sneckomod:Unknown0Cost","sneckomod:Unknown2Cost"],"relics":["Snecko Eye","Thread and Needle","Anchor","Odd Mushroom","Calling Bell","Centennial Puzzle","StrikeDummy","Girya","sneckomod:SleevedAce","Nloth\u0027s Gift"],"acts_visited":["Exordium","TheCity"],"potions_floor_usage":[7,10,11,11,11,12,13,16,22],"damage_taken":[{"damage":0,"enemies":"Small Slimes","floor":1,"turns":3},{"damage":0,"enemies":"2 Louse","floor":4,"turns":1},{"damage":8,"enemies":"Cultist","floor":5,"turns":3},{"damage":50,"enemies":"Lagavulin","floor":6,"turns":7},{"damage":14,"enemies":"Large Slime","floor":7,"turns":4},{"damage":10,"enemies":"3 Louse","floor":10,"turns":3},{"damage":1,"enemies":"Exordium Thugs","floor":11,"turns":3},{"damage":0,"enemies":"Lots of Slimes","floor":12,"turns":2},{"damage":2,"enemies":"The Mushroom Lair","floor":13,"turns":2},{"damage":8,"enemies":"Large Slime","floor":14,"turns":5},{"damage":45,"enemies":"Slime Boss","floor":16,"turns":10},{"damage":20,"enemies":"3 Byrds","floor":18,"turns":5},{"damage":0,"enemies":"Shell Parasite","floor":20,"turns":4},{"damage":23,"enemies":"Shelled Parasite and Fungi","floor":22,"turns":4},{"damage":74,"enemies":"Gremlin Leader","floor":24,"turns":7}],"seed_played":"-4615354171655627171","potions_obtained":[{"floor":4,"key":"FairyPotion"},{"floor":6,"key":"LiquidMemories"},{"floor":10,"key":"EntropicBrew"},{"floor":11,"key":"EntropicBrew"},{"floor":13,"key":"Block Potion"},{"floor":18,"key":"PowerPotion"}],"is_trial":false,"path_per_floor":["M","?","?","M","M","E","M","R","T","M","M","M","?","M","R","B",null,"M","$","M","?","M","R","E"],"character_chosen":"THE_SNECKO","items_purchased":["sneckomod:UnknownRarePower","sneckomod:SleevedAce","sneckomod:GlitteringGambit"],"campfire_rested":2,"item_purchase_floors":[19,19,19],"current_hp_per_floor":[75,75,64,64,56,6,18,42,52,45,44,44,42,34,62,17,76,56,56,56,56,62,62,0,0],"gold":139,"neow_bonus":"BOSS_RELIC","is_daily":false,"chose_seed":false,"campfire_upgraded":0,"win_rate":0.0,"timestamp":1608668026,"path_taken":["M","?","?","M","M","E","M","R","T","M","M","M","?","M","R","BOSS","M","$","M","?","?","R","E"],"items_purchased_type":["Card","Relic","Card"],"build_version":"2020-12-13","purchased_purges":0,"victory":false,"max_hp_per_floor":[83,83,83,83,83,83,83,83,93,96,96,96,96,96,96,96,96,96,96,96,96,96,96,96,96],"card_choices":[{"not_picked":["sneckomod:WideSting","sneckomod:DiceCrush"],"picked":"sneckomod:QuickMove","floor":1},{"not_picked":["sneckomod:WideSting","sneckomod:QuickMove"],"picked":"sneckomod:SerpentIdol","floor":4},{"not_picked":["sneckomod:Nope","sneckomod:DiceBlock"],"picked":"sneckomod:UnknownClassPURPLE","floor":5},{"not_picked":["sneckomod:UnknownCommonSkill","sneckomod:UnknownBlock"],"picked":"sneckomod:WideSting","floor":6},{"not_picked":["sneckomod:SnekBeam","sneckomod:RainOfDice"],"picked":"sneckomod:QuickBite","floor":7},{"not_picked":["sneckomod:IronFang","sneckomod:Unknown1Cost"],"picked":"sneckomod:UnknownClassBLUE","floor":10},{"not_picked":["sneckomod:Nope","sneckomod:DiceCrush"],"picked":"sneckomod:Cheat","floor":11},{"not_picked":["sneckomod:UnknownClassBLUE","sneckomod:SerpentIdol"],"picked":"sneckomod:UnknownDexterity","floor":12},{"not_picked":["sneckomod:UnknownCommonSkill","sneckomod:DiceCrush"],"picked":"sneckomod:IronFang","floor":13},{"not_picked":["sneckomod:PureSnecko","sneckomod:MixItUp"],"picked":"sneckomod:WideSting","floor":14},{"not_picked":["sneckomod:UnlimitedRolls","sneckomod:SoulExchange"],"picked":"sneckomod:Unknown3Cost","floor":16},{"not_picked":["sneckomod:UnknownUncommonAttack","sneckomod:QuickMove"],"picked":"sneckomod:SlitherStrike","floor":18},{"not_picked":["sneckomod:Nope","sneckomod:IronFang+1"],"picked":"sneckomod:Unknown0Cost","floor":20},{"not_picked":["sneckomod:UnknownStrike","sneckomod:UnknownCommonSkill"],"picked":"sneckomod:Unknown2Cost","floor":22}],"player_experience":477721,"relics_obtained":[{"floor":6,"key":"Anchor"},{"floor":9,"key":"Pear"},{"floor":13,"key":"Odd Mushroom"},{"floor":17,"key":"Centennial Puzzle"},{"floor":17,"key":"StrikeDummy"},{"floor":17,"key":"Girya"}],"event_choices":[{"damage_healed":0,"gold_gain":0,"player_choice":"Box","damage_taken":0,"relics_obtained":["Thread and Needle"],"max_hp_gain":0,"max_hp_loss":0,"event_name":"Big Fish","floor":2,"gold_loss":0,"cards_obtained":["Regret"]},{"damage_healed":0,"gold_gain":75,"player_choice":"Gather Gold","damage_taken":11,"max_hp_gain":0,"max_hp_loss":0,"event_name":"World of Goop","floor":3,"gold_loss":0},{"damage_healed":0,"gold_gain":0,"player_choice":"Fought Mushrooms","damage_taken":0,"max_hp_gain":0,"max_hp_loss":0,"event_name":"Mushrooms","floor":13,"gold_loss":0},{"damage_healed":0,"gold_gain":0,"player_choice":"Traded Relic","damage_taken":0,"relics_obtained":["Nloth\u0027s Gift"],"max_hp_gain":0,"max_hp_loss":0,"event_name":"N\u0027loth","floor":21,"relics_lost":["Pear"],"gold_loss":0}],"is_beta":false,"boss_relics":[{"not_picked":["Empty Cage","Cursed Key"],"picked":"Calling Bell"}],"items_purged_floors":[],"is_endless":false,"potions_floor_spawned":[4,6,10,11,13,18],"killed_by":"Gremlin Leader","ascension_level":20}}