{"host":"tgxjhppmfnb48qou","time":1608631718,"event":{"mods":["Aspiration","BaseMod","Better Altar","Better Note","Better Sensory Stone","Better Silent Start","Better Skull","Better Third Choice","CapriCore","Conspire","Curses Come First","Energized Spire","GifTheSpireLib","Gremlin Skip","Hubris","Infinite Spire","Minty Spire (QoL Compilation)","Permanent Neow","Quick Restart","Replay The Spire","Spicy Shops","StSLib","The Marked","vexMod"],"gold_per_floor":[115,128,85,101,101,130,146,146,146,71,102,122,22,38,38,138,138,138,138],"floor_reached":18,"playtime":656,"items_purged":["theMarked:Strike","theMarked:Strike"],"score":172,"play_id":"14398baa-d431-4c0b-a9eb-1ec77e87e1e9","local_time":"20201222030838","is_ascension_mode":false,"campfire_choices":[],"circlet_count":0,"master_deck":["theMarked:SoldierOfQuellstein","theMarked:Electrify","theMarked:ReduceFriction","theMarked:PowerFlow","theMarked:PowerFlow","theMarked:Reabsorb","theMarked:Polarize+1","theMarked:WardOff","theMarked:SummonStrength","theMarked:ResourceFulStrike","theMarked:ElectricStrings","theMarked:TakeCover","theMarked:Electrocute","theMarked:BanishingStrike","theMarked:ChainLightning","theMarked:DeterminationOfTheMarked"],"relics":["theMarked:ArtifactOfAir","aspiration:Nostalgia","Sizzling Blood","betterThird:SlimedRelic","Counterbalance","PreservedInsect","Boot","Pandora\u0027s Box"],"acts_visited":["Exordium","TheCity"],"potions_floor_usage":[6,6,17],"damage_taken":[{"damage":0,"enemies":"2 Louse","floor":1,"turns":3},{"damage":0,"enemies":"Small Slimes","floor":2,"turns":3},{"damage":1,"enemies":"Cultist","floor":4,"turns":3},{"damage":10,"enemies":"Gremlin Nob","floor":6,"turns":3},{"damage":4,"enemies":"Exordium Thugs","floor":7,"turns":4},{"damage":7,"enemies":"Lagavulin","floor":11,"turns":4},{"damage":0,"enemies":"Red Slaver","floor":12,"turns":3},{"damage":0,"enemies":"Looter","floor":14,"turns":2},{"damage":21,"enemies":"Hexaghost","floor":16,"turns":4},{"damage":0,"enemies":"3 Byrds","floor":18,"turns":2}],"seed_played":"7178233075773215482","potions_obtained":[{"floor":1,"key":"FearPotion"},{"floor":4,"key":"PowerPotion"},{"floor":6,"key":"Strength Potion"},{"floor":11,"key":"AttackPotion"},{"floor":16,"key":"Fruit Juice"}],"is_trial":false,"path_per_floor":["M","M","?","M","?","E","M","?","T","$","E","M","$","M","R","B",null,"M"],"character_chosen":"THE_DEFAULT","items_purchased":[],"campfire_rested":0,"item_purchase_floors":[],"current_hp_per_floor":[74,74,63,66,66,60,60,60,60,60,57,61,61,65,74,57,79,79,79],"gold":138,"neow_bonus":"NOSTALGIA","is_daily":false,"chose_seed":false,"campfire_upgraded":0,"win_rate":0.0,"timestamp":1608631718,"path_taken":["M","M","?","M","?","E","M","?","T","$","E","?","?","M","R","BOSS","M"],"items_purchased_type":[],"build_version":"2020-12-13","purchased_purges":2,"victory":false,"max_hp_per_floor":[74,74,74,74,74,74,74,74,74,74,74,74,74,74,74,74,79,79,79],"card_choices":[{"not_picked":["theMarked:SwordAndMagic","theMarked:Parkour"],"picked":"theMarked:Electrify","floor":1},{"not_picked":["theMarked:BanishingStrike","theMarked:ElectricStrings","theMarked:Frustration"],"picked":"SKIP","floor":2},{"not_picked":["theMarked:TurnInvisible","theMarked:Parkour"],"picked":"theMarked:ReduceFriction","floor":4},{"not_picked":["theMarked:DeterminationOfTheMarked","theMarked:Overcharge"],"picked":"theMarked:PowerFlow","floor":6},{"not_picked":["theMarked:Aftermath","theMarked:StartUp"],"picked":"theMarked:PowerFlow","floor":7},{"not_picked":["theMarked:TwofoldDefense","theMarked:ElectricStrings"],"picked":"theMarked:Reabsorb","floor":11},{"not_picked":["theMarked:SelfDefenseTraining","theMarked:Improvise"],"picked":"theMarked:Polarize","floor":12},{"not_picked":["theMarked:SwordAndMagic","theMarked:PowerFlow"],"picked":"theMarked:WardOff","floor":14},{"not_picked":["theMarked:SoldierForm","theMarked:UnarmedFury"],"picked":"theMarked:SummonStrength","floor":16}],"player_experience":34399,"relics_obtained":[{"floor":5,"key":"Counterbalance"},{"floor":6,"key":"PreservedInsect"},{"floor":11,"key":"Boot"}],"event_choices":[{"damage_healed":0,"gold_gain":0,"player_choice":"Slimed","damage_taken":11,"max_hp_gain":0,"max_hp_loss":0,"event_name":"betterThird:BetterGoop","floor":3,"gold_loss":43},{"cards_removed":["theMarked:Strike"],"damage_healed":0,"gold_gain":0,"player_choice":"Give","damage_taken":0,"max_hp_gain":0,"max_hp_loss":0,"event_name":"betterNote:BetterNote","floor":8,"gold_loss":0,"cards_obtained":["Writhe"]}],"is_beta":false,"boss_relics":[{"not_picked":["Tiny House","Abe\u0027s Treasure"],"picked":"Pandora\u0027s Box"}],"items_purged_floors":[10,13],"is_endless":false,"potions_floor_spawned":[1,4,6,11,16],"killed_by":"3 Byrds","ascension_level":0}}