{"host":"c5ucz4hafm6sui6t","time":1608628937,"event":{"mods":["Act Like it!","BaseMod","Downfall","Friendly Minions","Gensokyo","Hallownest","Hermit","Hubris","Kiyohime£¨Çå¼§£©","Marisa£¨ìFÓê¡¡Ä§ÀíÉ³£©","Minty Spire (QoL Compilation)","Reimu£¨²©ÀöÁéÃÎ£©","Replay The Spire","RumiaBox-Â¶Ã×æ«µÄÉñÃØºÐ×Ó","Shop Mod","StSLib","The Bug Knight","The Servant 0.9.4","[IsaacMod]ÒÔÈö¼âËþ","¡¾¹¦ÄÜMod¡¿»ìãçÖ®»·ÐÞ¸´²¹¶¡"],"gold_per_floor":[113,113,113,125,125,157,157,170,194,210,227,243,270,370,370,473,473,485,500,540,540,550,550,562,472,498,408,408,436,436,463,463,582,582,610,710,734,13,13,50,50,98,98,129,129,161,193,211,211,215,215,215,117,151,151],"floor_reached":56,"playtime":3032,"items_purged":["Doubt","Strike_G","EpicFetus+1"],"score":1134,"play_id":"e3572673-5516-47e8-985e-56bf780d60b4","local_time":"20201222172217","is_ascension_mode":false,"campfire_choices":[{"floor":7.0,"key":"RECALL"},{"floor":15.0,"key":"REST"},{"data":"Catalyst","floor":23.0,"key":"SMITH"},{"data":"Noxious Fumes","floor":28.0,"key":"SMITH"},{"floor":30.0,"key":"REST"},{"data":"ReplayTheSpireMod:Necrosis","floor":32.0,"key":"SMITH"},{"data":"Setup","floor":41.0,"key":"SMITH"},{"data":"Night Terror","floor":52.0,"key":"SMITH"}],"circlet_count":0,"master_deck":["Strike_G","Strike_G","Defend_G","Defend_G","Defend_G","Defend_G","Defend_G","Survivor","Neutralize+1","Setup+1","Footwork","Dodge and Roll","Backstab","ReplayTheSpireMod:Necrosis+1","Acrobatics","Dagger Throw","Dash","Replay:Bag of Tricks","Acrobatics+1","Catalyst+1","PiercingWail+1","Acrobatics","Noxious Fumes+1","Bane","Deadly Poison+1","Outmaneuver+1","Night Terror+1","Well Laid Plans","Deflect+1","Prepared+1","Deadly Poison","Poisoned Stab+1","Quick Slash","Backflip","Draining Mist","Deflect+1","Slice","Dodge and Roll"],"relics":["Ring of the Snake","HushsDoor","NeowsBlessing","Baka","ReplayTheSpireMod:Ring of Exchange","ReplayTheSpireMod:Ring of Addiction","SacredBark","Snake Skull","SSSystem","Hallownest:StagBellRelic1","MerchantsRug","RedLine:ReiMu","GuppysPaw","Ornamental Fan","TheBible","Void"],"acts_visited":["Exordium","Exordium","TheBeyond","TheEnding"],"potions_floor_usage":[55,55],"damage_taken":[{"damage":0.0,"enemies":"2 Louse","floor":1.0,"turns":1.0},{"damage":0.0,"enemies":"Small Slimes","floor":4.0,"turns":1.0},{"damage":0.0,"enemies":"Lagavulin","floor":6.0,"turns":1.0},{"damage":0.0,"enemies":"Jaw Worm","floor":8.0,"turns":5.0},{"damage":6.0,"enemies":"Blue Slaver","floor":10.0,"turns":6.0},{"damage":0.0,"enemies":"Large Slime","floor":11.0,"turns":2.0},{"damage":2.0,"enemies":"Exordium Thugs","floor":12.0,"turns":2.0},{"damage":0.0,"enemies":"Gremlin Nob","floor":13.0,"turns":2.0},{"damage":21.0,"enemies":"Fading Forest","floor":16.0,"turns":10.0},{"damage":0.0,"enemies":"Hallownest:2_Mistakes","floor":18.0,"turns":6.0},{"damage":2.0,"enemies":"Hallownest:Guard_and_Sentry","floor":19.0,"turns":3.0},{"damage":5.0,"enemies":"Hallownest:Glutton_and_Coward","floor":20.0,"turns":5.0},{"damage":6.0,"enemies":"Hallownest:Warrior_and_Youth","floor":22.0,"turns":4.0},{"damage":15.0,"enemies":"Hallownest:2_Husk_Sentries","floor":24.0,"turns":7.0},{"damage":22.0,"enemies":"Hallownest:eliteWatcherKnight","floor":29.0,"turns":11.0},{"damage":2.0,"enemies":"Hallownest:Nosk","floor":31.0,"turns":4.0},{"damage":37.0,"enemies":"Hallownest:BossMantisLord","floor":33.0,"turns":7.0},{"damage":0.0,"enemies":"3 Shapes","floor":35.0,"turns":6.0},{"damage":0.0,"enemies":"Orb Walker","floor":37.0,"turns":3.0},{"damage":14.0,"enemies":"Giant Head","floor":40.0,"turns":3.0},{"damage":9.0,"enemies":"Nemesis","floor":42.0,"turns":3.0},{"damage":0.0,"enemies":"Writhing Mass","floor":44.0,"turns":3.0},{"damage":0.0,"enemies":"3 Darklings","floor":46.0,"turns":3.0},{"damage":5.0,"enemies":"4 Shapes","floor":47.0,"turns":2.0},{"damage":3.0,"enemies":"Spire Growth","floor":48.0,"turns":5.0},{"damage":8.0,"enemies":"Replay:Hell Engine","floor":50.0,"turns":2.0},{"damage":107.0,"enemies":"Shield and Spear","floor":54.0,"turns":6.0},{"damage":2,"enemies":"The Heart","floor":55,"turns":8}],"seed_played":"2998938687380466340","potions_obtained":[{"floor":3.0,"key":"Weak Potion"},{"floor":3.0,"key":"AttackPotion"},{"floor":3.0,"key":"BlessingOfTheForge"},{"floor":6.0,"key":"PowerPotion"},{"floor":10.0,"key":"SteroidPotion"},{"floor":12.0,"key":"SkillPotion"},{"floor":13.0,"key":"GhostInAJar"},{"floor":16.0,"key":"EssenceOfSteel"},{"floor":18.0,"key":"DuplicationPotion"},{"floor":19.0,"key":"SpeedPotion"},{"floor":20.0,"key":"LifebloodPotion"},{"floor":22.0,"key":"hexamod:EctoCoolerPotion"},{"floor":29.0,"key":"Dexterity Potion"},{"floor":31.0,"key":"Block Potion"},{"floor":33.0,"key":"Death Potion"},{"floor":35.0,"key":"FearPotion"},{"floor":37.0,"key":"Explosive Potion"},{"floor":40.0,"key":"SneckoOil"},{"floor":42.0,"key":"GhostInAJar"},{"floor":44.0,"key":"LifebloodPotion"},{"floor":46.0,"key":"Languid Potion"},{"floor":47.0,"key":"FairyPotion"},{"floor":48.0,"key":"Elixir"},{"floor":54.0,"key":"Weak Potion"}],"is_trial":false,"path_per_floor":["M","?","?","M","?","E","R","M","T","M","M","M","E","?","R","B",null,"M","M","M","?","M","R","M","?","T","$","R","E","R","E","R","B",null,"M","?","M","$","$","E","R","E","T","M","?","M","M","M","R","B",null,"R","$","E","B",null],"character_chosen":"THE_SILENT","items_purchased":["MerchantsRug","Noxious Fumes","Bane","AttackPotion","RedLine:ReiMu","Deadly Poison","ColorlessPotion","Dexterity Potion","Slice"],"campfire_rested":2,"item_purchase_floors":[27,27,27,27,38,38,38,53,53],"current_hp_per_floor":[70,63,63,63,42,42,42,42,42,36,36,34,34,34,54,33,63,63,61,56,56,50,50,62,62,61,61,61,39,57,55,55,18,61,61,61,61,61,61,47,47,38,38,38,38,38,33,30,61,40,68,68,68,45,42],"gold":151,"neow_bonus":"THREE_ENEMY_KILL","is_daily":false,"chose_seed":false,"campfire_upgraded":5,"win_rate":0.0,"timestamp":1608628937,"path_taken":["M","?","?","M","?","E","R","M","T","M","M","?","E","?","R","BOSS","M","M","M","?","M","R","M","?","T","$","R","E","R","E","R","BOSS","M","?","M","?","$","E","R","E","T","M","?","M","M","M","R","BOSS","R","$","E","BOSS"],"items_purchased_type":["Relic","Card","Card","Potion","Relic","Card","Potion","Potion","Card"],"build_version":"2020-12-13","purchased_purges":3,"victory":true,"max_hp_per_floor":[70,70,70,70,70,70,70,70,70,68,68,68,68,68,68,68,63,63,63,63,63,63,63,63,63,61,61,61,61,61,61,61,61,61,61,61,61,61,61,61,61,61,61,61,61,61,61,61,61,68,68,68,68,66,42],"card_choices":[{"not_picked":[],"picked":"EpicFetus","floor":0.0},{"not_picked":["hubris:SlightOfHand","Distraction"],"picked":"Setup","floor":1.0},{"not_picked":["Cloak And Dagger","Sucker Punch"],"picked":"Bomb","floor":4.0},{"not_picked":["Bane","ReplayTheSpireMod:Exploit Weakness"],"picked":"Footwork","floor":6.0},{"not_picked":["Dagger Spray","Poisoned Stab"],"picked":"Dodge and Roll","floor":8.0},{"not_picked":["Expertise","Bane"],"picked":"Backstab","floor":10.0},{"not_picked":["Hidden Blade","Dodge and Roll"],"picked":"ReplayTheSpireMod:Necrosis","floor":11.0},{"not_picked":["Caltrops","Setup"],"picked":"Acrobatics","floor":12.0},{"not_picked":["Endless Agony","Deflect"],"picked":"Dagger Throw","floor":13.0},{"not_picked":["Sucker Punch","Choke"],"picked":"Dash","floor":14.0},{"not_picked":["Glass Knife","ReplayTheSpireMod:Necrosis"],"picked":"Replay:Bag of Tricks","floor":16.0},{"not_picked":["Dash+1","Slice"],"picked":"Acrobatics+1","floor":18.0},{"not_picked":["Underhanded Strike","Finisher"],"picked":"Catalyst","floor":19.0},{"not_picked":["Dagger Spray+1","Calculated Gamble","Sucker Punch"],"picked":"SKIP","floor":20.0},{"not_picked":["ReplayTheSpireMod:Shiv Toss","Hidden Blade"],"picked":"PiercingWail+1","floor":22.0},{"not_picked":["Venomology","Slice+1"],"picked":"Acrobatics","floor":24.0},{"not_picked":["Phantasmal Killer","hubris:SlightOfHand"],"picked":"Deadly Poison+1","floor":29.0},{"not_picked":["Quick Slash","Hidden Blade"],"picked":"Outmaneuver+1","floor":31.0},{"not_picked":["Poison Darts","Replay:Bag of Tricks"],"picked":"Night Terror","floor":33.0},{"not_picked":["Cloak And Dagger+1","Dash"],"picked":"Well Laid Plans","floor":35.0},{"not_picked":["Masterful Stab","Dagger Spray+1"],"picked":"Deflect+1","floor":36.0},{"not_picked":["Flying Knee+1","Dodge and Roll"],"picked":"Prepared+1","floor":37.0},{"not_picked":["Hidden Blade+1","Masterful Stab"],"picked":"Poisoned Stab+1","floor":40.0},{"not_picked":["Glass Knife","Prepared"],"picked":"Quick Slash","floor":42.0},{"not_picked":["Fluid Movement+1","Slice+1"],"picked":"Backflip","floor":44.0},{"not_picked":["Hidden Blade","Dagger Spray+1"],"picked":"Draining Mist","floor":46.0},{"not_picked":["Sucker Punch+1","Infinite Blades"],"picked":"Deflect+1","floor":47.0},{"not_picked":["Slice+1","hubris:SlightOfHand","Blade Dance"],"picked":"SKIP","floor":48.0},{"not_picked":["ReplayTheSpireMod:Scrap Shanks+1","hubris:Counter+1"],"picked":"Dodge and Roll","floor":54.0}],"player_experience":97005,"relics_obtained":[{"floor":1.0,"key":"Baka"},{"floor":3.0,"key":"ReplayTheSpireMod:Ring of Exchange"},{"floor":3.0,"key":"ReplayTheSpireMod:Ring of Addiction"},{"floor":3.0,"key":"White Beast Statue"},{"floor":3.0,"key":"SacredBark"},{"floor":6.0,"key":"Omamori"},{"floor":9.0,"key":"Snake Skull"},{"floor":13.0,"key":"Replay:Kaleidoscope"},{"floor":29.0,"key":"Tea:ReiMu"},{"floor":31.0,"key":"Replay:Bandana"},{"floor":40.0,"key":"GuppysPaw"},{"floor":42.0,"key":"Ornamental Fan"},{"floor":43.0,"key":"TheBible"},{"floor":54.0,"key":"Void"}],"event_choices":[{"cards_removed":["Strike_G"],"damage_healed":0.0,"max_hp_gain":0.0,"max_hp_loss":0.0,"gold_gain":0.0,"event_name":"Golden Wing","player_choice":"Card Removal","floor":2.0,"gold_loss":0.0,"damage_taken":7.0},{"damage_healed":0.0,"max_hp_gain":0.0,"max_hp_loss":0.0,"gold_gain":0.0,"event_name":"Shining Light","player_choice":"Entered Light","floor":5.0,"gold_loss":0.0,"damage_taken":14.0,"cards_upgraded":["EpicFetus","Neutralize"]},{"cards_removed":["Strike_G"],"damage_healed":0.0,"max_hp_gain":0.0,"max_hp_loss":0.0,"gold_gain":0.0,"event_name":"Purifier","player_choice":"Purged","floor":45.0,"gold_loss":0.0,"damage_taken":0.0},{"damage_healed":31.0,"max_hp_gain":0.0,"max_hp_loss":0.0,"gold_gain":0.0,"event_name":"Wheel of Change","player_choice":"Full Heal","floor":49.0,"gold_loss":0.0,"damage_taken":0.0}],"is_beta":false,"boss_relics":[{"not_picked":["TentaclePot:ReiMu","hubris:HerbalPaste"],"picked":"Replay:Ancient Bell"},{"not_picked":["PreservedInsect","Smiling Mask"],"picked":"SSSystem"},{"not_picked":["DoctorsRemote","Pear"],"picked":"DeadEye"},{"not_picked":[]},{"not_picked":["ChampionBelt","NineVolt"],"picked":"ChewingGum"},{"not_picked":[]}],"items_purged_floors":[17,27,53],"is_endless":false,"potions_floor_spawned":[4,6,8,10,11,12,13,16,18,19,20,22,24,29,31,33,35,37,40,42,44,46,47,48,54],"ascension_level":0}}