{"host":"vtakxgab1vu2j1nx","time":1608601280,"event":{"mods":["AchievementEnabler","BaseMod","Colored Map","Minty Spire (QoL Compilation)","Quick Restart","SuperFastMode"],"gold_per_floor":[112,125,125,125,144,144,163,163,163,178,221,221,256,118,118,241,241,259,273,372,372,372,372,372],"floor_reached":23,"playtime":541,"items_purged":[],"score":311,"play_id":"2be0d0ac-92a9-4b60-b981-e475b39a8d1b","local_time":"20201221204120","is_ascension_mode":true,"campfire_choices":[{"data":"Slice","floor":6.0,"key":"SMITH"},{"data":"Terror","floor":8.0,"key":"SMITH"},{"floor":12.0,"key":"REST"},{"floor":15.0,"key":"REST"}],"circlet_count":0,"master_deck":["Strike_G","Strike_G","Strike_G","Strike_G","Strike_G","Defend_G","Defend_G","Defend_G","Defend_G","Defend_G","Survivor","Neutralize+1","Terror+1","Slice+1","Injury","Outmaneuver","Backflip","Flying Knee","Dagger Spray","Cloak And Dagger","Cloak And Dagger","Bandage Up","Doppelganger","CurseOfTheBell","Predator","Sucker Punch+1"],"relics":["WristBlade","Golden Idol","Potion Belt","Sundial","White Beast Statue","Calling Bell","Toy Ornithopter","Kunai","Ice Cream","Juzu Bracelet"],"acts_visited":["Exordium","TheCity"],"potions_floor_usage":[23],"damage_taken":[{"damage":0.0,"enemies":"Small Slimes","floor":1.0,"turns":4.0},{"damage":1.0,"enemies":"Cultist","floor":2.0,"turns":4.0},{"damage":2.0,"enemies":"Jaw Worm","floor":5.0,"turns":3.0},{"damage":6.0,"enemies":"Large Slime","floor":7.0,"turns":6.0},{"damage":22.0,"enemies":"Exordium Thugs","floor":10.0,"turns":6.0},{"damage":8.0,"enemies":"Gremlin Nob","floor":11.0,"turns":4.0},{"damage":34.0,"enemies":"3 Sentries","floor":13.0,"turns":9.0},{"damage":0.0,"enemies":"Slime Boss","floor":16.0,"turns":3.0},{"damage":15.0,"enemies":"Chosen","floor":18.0,"turns":6.0},{"damage":17.0,"enemies":"3 Byrds","floor":19.0,"turns":6.0},{"damage":55,"enemies":"Slavers","floor":23,"turns":4}],"seed_played":"-112693466924262660","potions_obtained":[{"floor":1.0,"key":"SteroidPotion"},{"floor":2.0,"key":"Ancient Potion"},{"floor":16.0,"key":"CultistPotion"},{"floor":18.0,"key":"SpeedPotion"},{"floor":19.0,"key":"Swift Potion"}],"is_trial":false,"path_per_floor":["M","M","?","?","M","R","M","R","T","M","E","R","E","$","R","B",null,"M","M","?","?","?","E"],"character_chosen":"THE_SILENT","items_purchased":["Cloak And Dagger","Bandage Up"],"campfire_rested":2,"item_purchase_floors":[14,14],"current_hp_per_floor":[70,69,69,69,67,67,61,61,61,39,31,52,18,18,39,39,62,51,43,43,66,66,15,15],"gold":372,"neow_bonus":"BOSS_RELIC","is_daily":false,"chose_seed":false,"campfire_upgraded":2,"win_rate":0.0,"timestamp":1608601280,"path_taken":["M","M","?","?","M","R","M","R","T","M","E","R","E","$","R","BOSS","M","M","?","?","?","E"],"items_purchased_type":["Card","Card"],"build_version":"2020-12-13","purchased_purges":0,"victory":false,"max_hp_per_floor":[70,70,70,70,70,70,70,70,70,70,70,70,70,70,70,70,70,70,70,70,70,70,70,70],"card_choices":[{"not_picked":["Concentrate","Distraction"],"picked":"Terror","floor":1.0},{"not_picked":["Backflip","Eviscerate"],"picked":"Slice","floor":2.0},{"not_picked":["Setup","Deadly Poison"],"picked":"Outmaneuver","floor":5.0},{"not_picked":["Deflect","Skewer"],"picked":"Backflip","floor":7.0},{"not_picked":["Dagger Throw","Heel Hook"],"picked":"Flying Knee","floor":10.0},{"not_picked":["Deadly Poison","Quick Slash"],"picked":"Dagger Spray","floor":11.0},{"not_picked":["Dodge and Roll","Prepared"],"picked":"Cloak And Dagger","floor":13.0},{"not_picked":["Unload","Malaise"],"picked":"Doppelganger","floor":16.0},{"not_picked":["Choke","Outmaneuver"],"picked":"Predator","floor":18.0},{"not_picked":["Choke","Terror"],"picked":"Sucker Punch+1","floor":19.0}],"player_experience":184948,"relics_obtained":[{"floor":9.0,"key":"Potion Belt"},{"floor":11.0,"key":"Sundial"},{"floor":13.0,"key":"White Beast Statue"},{"floor":17.0,"key":"Toy Ornithopter"},{"floor":17.0,"key":"Kunai"},{"floor":17.0,"key":"Ice Cream"}],"event_choices":[{"damage_healed":0.0,"max_hp_gain":0.0,"max_hp_loss":0.0,"gold_gain":0.0,"event_name":"Living Wall","player_choice":"Grow","floor":3.0,"gold_loss":0.0,"damage_taken":0.0,"cards_upgraded":["Neutralize"]},{"damage_healed":0.0,"max_hp_gain":0.0,"max_hp_loss":0.0,"gold_gain":0.0,"event_name":"Golden Idol","player_choice":"Take Wound","floor":4.0,"gold_loss":0.0,"damage_taken":0.0,"relics_obtained":["Golden Idol"],"cards_obtained":["Injury"]},{"damage_healed":0.0,"max_hp_gain":0.0,"max_hp_loss":0.0,"gold_gain":99.0,"event_name":"Nest","player_choice":"Stole From Cult","floor":20.0,"gold_loss":0.0,"damage_taken":0.0},{"damage_healed":23.0,"max_hp_gain":0.0,"max_hp_loss":0.0,"gold_gain":0.0,"event_name":"The Library","player_choice":"Heal","floor":21.0,"gold_loss":0.0,"damage_taken":0.0},{"damage_healed":0.0,"max_hp_gain":0.0,"max_hp_loss":0.0,"gold_gain":0.0,"event_name":"WeMeetAgain","player_choice":"Gave Potion","floor":22.0,"gold_loss":0.0,"damage_taken":0.0,"relics_obtained":["Juzu Bracelet"]}],"is_beta":false,"boss_relics":[{"not_picked":["Ectoplasm","Runic Pyramid"],"picked":"Calling Bell"}],"items_purged_floors":[],"is_endless":false,"potions_floor_spawned":[1,2,16,18,19],"killed_by":"Slavers","ascension_level":5}}