{"host":"pjgcdp3h1plnbocs","time":1608659870,"event":{"mods":["AchievementEnabler","BaseMod","Colored Map","Highlight Path","Minty Spire (QoL Compilation)"],"gold_per_floor":[109,127,127,139,154,487,487,515,515,529,539,539,85,95,95,197,197,210,227,227,227],"floor_reached":20,"playtime":801,"items_purged":["Strike_P"],"score":188,"play_id":"14fb9ddd-ee4e-4370-a32f-b68866cb65fd","local_time":"20201222185750","is_ascension_mode":false,"campfire_choices":[{"floor":7.0,"key":"REST"},{"data":"Defend_P","floor":15,"key":"PURGE"}],"circlet_count":0,"master_deck":["Strike_P","Strike_P","Defend_P","Defend_P","Eruption","Vigilance","Adaptation","SashWhip","Worship","FearNoEvil","FollowUp","Adaptation","Indignation","Protect","Prostrate+1","Prostrate"],"relics":["PureWater","Gambling Chip","Old Coin","Blood Vial","Kunai","Peace Pipe"],"acts_visited":["Exordium","TheCity"],"potions_floor_usage":[16,16,19],"damage_taken":[{"damage":0.0,"enemies":"Small Slimes","floor":1.0,"turns":4.0},{"damage":0.0,"enemies":"Cultist","floor":2.0,"turns":3.0},{"damage":0.0,"enemies":"Jaw Worm","floor":4.0,"turns":3.0},{"damage":27.0,"enemies":"Gremlin Gang","floor":5.0,"turns":7.0},{"damage":10.0,"enemies":"Gremlin Nob","floor":6.0,"turns":4.0},{"damage":22.0,"enemies":"Lagavulin","floor":8.0,"turns":6.0},{"damage":0.0,"enemies":"Exordium Wildlife","floor":10.0,"turns":1.0},{"damage":0,"enemies":"3 Louse","floor":11,"turns":3},{"damage":4,"enemies":"Looter","floor":14,"turns":3},{"damage":14,"enemies":"The Guardian","floor":16,"turns":8},{"damage":9,"enemies":"Chosen","floor":18,"turns":5},{"damage":20,"enemies":"2 Thieves","floor":19,"turns":3},{"damage":51,"enemies":"Snecko","floor":20,"turns":4}],"seed_played":"-6254166730089847532","potions_obtained":[{"floor":4.0,"key":"GamblersBrew"},{"floor":5.0,"key":"Swift Potion"},{"floor":10.0,"key":"Strength Potion"},{"floor":11,"key":"FearPotion"},{"floor":14,"key":"DistilledChaos"}],"is_trial":false,"path_per_floor":["M","M","?","M","M","E","R","E","T","M","M","?","$","M","R","B",null,"M","M","M"],"character_chosen":"WATCHER","items_purchased":["Peace Pipe","Indignation"],"campfire_rested":1,"item_purchase_floors":[13,13],"current_hp_per_floor":[51,51,51,51,24,14,35,13,13,15,17,17,17,15,15,3,72,63,45,0,0],"gold":227,"neow_bonus":"ONE_RARE_RELIC","is_daily":false,"chose_seed":false,"campfire_upgraded":0,"win_rate":0.0,"timestamp":1608659870,"path_taken":["M","M","?","M","M","E","R","E","T","M","?","?","$","M","R","BOSS","M","?","M"],"items_purchased_type":["Relic","Card"],"build_version":"2020-12-13","purchased_purges":1,"victory":false,"max_hp_per_floor":[72,72,72,72,72,72,72,72,72,72,72,72,72,72,72,72,72,72,72,72,72],"card_choices":[{"not_picked":["FlyingSleeves","BowlingBash"],"picked":"Adaptation","floor":1.0},{"not_picked":["PathToVictory","Evaluate"],"picked":"SashWhip","floor":2.0},{"not_picked":["SignatureMove","Evaluate","Sanctity"],"picked":"SKIP","floor":4.0},{"not_picked":["ConjureBlade","EmptyBody"],"picked":"FearNoEvil","floor":5.0},{"not_picked":["FlyingSleeves","CutThroughFate","CrushJoints"],"picked":"SKIP","floor":6.0},{"not_picked":["EmptyBody","Crescendo"],"picked":"FollowUp","floor":8.0},{"not_picked":["SashWhip","PathToVictory","Sanctity"],"picked":"SKIP","floor":10.0},{"not_picked":["WheelKick","FlyingSleeves","ReachHeaven"],"picked":"SKIP","floor":11},{"not_picked":["Evaluate","Crescendo"],"picked":"Protect","floor":14},{"not_picked":["SandsOfTime","PathToVictory"],"picked":"Prostrate+1","floor":18},{"not_picked":["BattleHymn+1","ReachHeaven"],"picked":"Prostrate","floor":19}],"player_experience":136898,"relics_obtained":[{"floor":6.0,"key":"Old Coin"},{"floor":8.0,"key":"Blood Vial"},{"floor":9.0,"key":"Kunai"}],"event_choices":[{"damage_healed":0.0,"max_hp_gain":0.0,"max_hp_loss":0.0,"gold_gain":0.0,"cards_transformed":["Strike_P"],"event_name":"Transmorgrifier","player_choice":"Transformed","floor":3.0,"gold_loss":0.0,"damage_taken":0.0,"cards_obtained":["Worship"]},{"damage_healed":0,"gold_gain":0,"cards_transformed":["Defend_P"],"player_choice":"Transformed","damage_taken":0,"max_hp_gain":0,"max_hp_loss":0,"event_name":"Transmorgrifier","floor":12,"gold_loss":0,"cards_obtained":["Adaptation"]}],"is_beta":false,"boss_relics":[{"not_picked":["Fusion Hammer","Coffee Dripper","Busted Crown"]}],"items_purged_floors":[13],"is_endless":false,"potions_floor_spawned":[4,5,10,11,14],"killed_by":"Snecko","ascension_level":0}}