{"host":"dwyzfvnzfcqffr30","time":1608640084,"event":{"mods":["2.2 Compatiblity","Act Like it!","BaseMod","Beaked The Cultist","Better Altar","Better Match","Better Note","Better Sensory Stone","Better Skull","Better Third Choice","Clockwork Mod","Colored Map","Colored Powertips","Conspire","Downfall","Elementarium","GifTheSpireLib","Halation","Hermit","Hubris","Infinite Spire","Ironclad Rager","Jedi Mod","Menagerie","Mimic Mod","Minty Spire (QoL Compilation)","Permanent Neow","Random Character Button","Replay The Spire","Spicy Shops","StSLib","Stuff the Spire","The Construct","The Disciple","The Druid","The Marked","TheFirefly","Trackpad","vexMod"],"gold_per_floor":[417,431,431,431,443,555,555,691,746,898,898,9,9,9,9,120,120,171,198,198,123,123,227,242,242,242,1,141,141,141,29,29,140,140,176,6,6,6,6,154,190,190,190,322,322,322,322,470,470,470,470,470,647,1418,1418],"floor_reached":56,"playtime":5987,"items_purged":["StuffTheSpire:CuriosityCurse","Strike_Br+1","Strike_Br+1"],"score":1581,"play_id":"b38cd49d-b304-4b4b-a64b-43ae5b415305","local_time":"20201222042804","is_ascension_mode":false,"campfire_choices":[{"floor":7,"key":"RECALL"},{"floor":11,"key":"REST"},{"floor":15,"key":"REST"},{"data":"Strike_Br+1","floor":25,"key":"PURGE"},{"data":"Strike_Br+1","floor":32,"key":"PURGE"},{"floor":45,"key":"REST"},{"floor":49,"key":"REST"},{"data":"StuffTheSpire:BrainWave","floor":52,"key":"SMITH"}],"circlet_count":0,"master_deck":["infinitespire:UltimateForm+1","Defend_Br+1","Defend_Br+1","Defend_Br+1","Defend_Br+1","SecondHand+1","PatternShift+1","MasterReality+1","LockedBlood+1","BlueShift+1","Menagerie:BeastSpirit+1","WindUp+1","LockedMawBank+1","ExoVibe+22","HandsUpB+1","Flay+1","Analog+1","LockedThread+1","Goo+29","Keepsakes+1","ReplayTheSpireMod:Book of Names+1","EscortCommand+1","WatchCommand+1","LockedPlans+1","StuffTheSpire:BrainWave+1","SlimeSpray+1","Engulf+1","Accelerando+1"],"relics":["Chronometer","Bottled Tornado","Quantum Egg","Frozen Egg 2","Toxic Egg 2","Molten Egg 2","Juzu Bracelet","StuffTheSpire:TintedRock","hubris:EvacipatedBox","hubris:FruitBowl","hubris:ToyBattleship","Peace Pipe","Dead Branch","Lantern","infinitespire:Lucky Rock","MealTicket","CaptainsWheel","StuffTheSpire:TintedRock","ReplayTheSpireMod:Lightbulb","Replay:Bronze Core","SlipperyGoo","Blue Doll","halation:QuantumPhysicsTextbook","Membership Card","infinitespire:Golems Mask","Oddly Smooth Stone","conspire:Boomerang","Philosopher\u0027s Stone","Vajra","Elementarium:ElementariumTrophy","SacredBark","jedi:matchstick","halation:EternalFortune","trackpad:RapidFire","conspire:GiftBox","hubris:Icosahedron","trackpad:RapidFire","Centennial Puzzle","Mercury Hourglass","Boot","halation:PromiseList","hubris:NiceRug","jedi:fakemustache","trackpad:PetRock","halation:WeightlessCrab"],"acts_visited":["Menagerie:Menagerie","Elementarium:Elementarium","TheBeyond","TheEnding"],"potions_floor_usage":[8,8,16,18,23,24,28,28,33,44,50,55,55],"damage_taken":[{"damage":8,"enemies":"Menagerie:MonstrousExperiment","floor":1,"turns":4},{"damage":1,"enemies":"Menagerie:WhisperingWraith","floor":2,"turns":4},{"damage":1,"enemies":"Menagerie:2_RABBITS","floor":5,"turns":5},{"damage":9,"enemies":"Menagerie:VoidReaper","floor":6,"turns":8},{"damage":0,"enemies":"Menagerie:MaskedSummoner","floor":8,"turns":9},{"damage":0,"enemies":"Menagerie:RedMage","floor":9,"turns":8},{"damage":22,"enemies":"Menagerie:VoidReaper","floor":10,"turns":7},{"damage":10,"enemies":"Menagerie:AVATARS","floor":16,"turns":6},{"damage":10,"enemies":"Elementarium:MUD_AND_TAR_GOLEMS","floor":18,"turns":7},{"damage":0,"enemies":"Elementarium:2_ELEMENTALS","floor":19,"turns":5},{"damage":0,"enemies":"Elementarium:ElementalPortal","floor":23,"turns":8},{"damage":0,"enemies":"Elementarium:RubyGolem","floor":24,"turns":1},{"damage":7,"enemies":"Elementarium:FIRE_NOBILITY","floor":28,"turns":6},{"damage":19,"enemies":"Elementarium:GoldenDragon","floor":33,"turns":6},{"damage":6,"enemies":"3 Darklings","floor":35,"turns":5},{"damage":45,"enemies":"Reptomancer","floor":40,"turns":6},{"damage":12,"enemies":"3 Shapes","floor":41,"turns":5},{"damage":0,"enemies":"Nemesis","floor":44,"turns":3},{"damage":0,"enemies":"Giant Head","floor":48,"turns":6},{"damage":5,"enemies":"Time Eater","floor":50,"turns":6},{"damage":0,"enemies":"hubris:Merchant","floor":53,"turns":3},{"damage":12,"enemies":"Shield and Spear","floor":54,"turns":7},{"damage":47,"enemies":"The Heart","floor":55,"turns":6}],"seed_played":"-8503065663633765370","potions_obtained":[{"floor":0,"key":"SpeedPotion"},{"floor":0,"key":"Reflective Coating"},{"floor":0,"key":"jedi:holywater"},{"floor":16,"key":"Swift Potion"},{"floor":19,"key":"SkillPotion"},{"floor":23,"key":"jedi:StrikingPotion"},{"floor":41,"key":"AttackPotion"}],"is_trial":false,"path_per_floor":["M","M","?","?","M","E","R","E","MIM","E","R","$","?","?","R","B",null,"M","M","?","?","?","E","M","R","T","$","E","AVR","?","$","R","B",null,"M","$","?","?","AVR","E","M","?","T","E","R","?","?","E","R","B",null,"R","$","E","B",null],"character_chosen":"CHRONO_CLASS","items_purchased":["Lantern","infinitespire:Lucky Rock","MealTicket","CaptainsWheel","PowerPotion","Membership Card","infinitespire:Golems Mask","Explosive Potion","Keepsakes+1","infinitespire:BlackPotion","jedi:matchstick","Elixir","Boot","halation:PromiseList","ColorlessPotion"],"campfire_rested":4,"item_purchase_floors":[12,12,12,12,12,27,27,27,31,31,36,36,53,53,53],"current_hp_per_floor":[57,62,61,61,61,61,61,61,61,48,61,61,32,32,50,52,61,57,61,61,61,61,61,61,61,61,61,61,61,46,61,61,54,61,55,61,65,65,65,26,20,20,20,20,39,39,24,34,52,59,60,60,60,54,13],"gold":1418,"neow_bonus":"THREE_SMALL_POTIONS","is_daily":false,"chose_seed":false,"campfire_upgraded":1,"win_rate":0.0,"timestamp":1608640084,"path_taken":["M","M","?","?","M","E","R","E","MIM","E","R","$","?","?","R","BOSS","M","M","?","?","?","E","M","R","T","$","E","AVR","?","?","R","BOSS","M","?","?","?","AVR","E","M","?","T","E","R","?","?","E","R","BOSS","R","$","E","BOSS"],"items_purchased_type":["Relic","Relic","Relic","Relic","Potion","Relic","Relic","Potion","Card","Potion","Relic","Potion","Relic","Relic","Potion"],"build_version":"2020-12-13","purchased_purges":3,"victory":true,"max_hp_per_floor":[65,65,61,61,61,61,61,61,61,61,61,61,61,61,61,61,61,61,61,61,61,61,61,61,61,61,61,61,61,61,61,61,61,61,61,61,65,65,65,65,65,65,65,65,65,56,56,60,60,60,60,60,60,60,60],"card_choices":[{"not_picked":["Parity+1","Tempo+1"],"picked":"LockedBlood+1","floor":1},{"not_picked":["Facsimile+1","Cuckoo+1"],"picked":"BlueShift+1","floor":2},{"not_picked":["LockedPlans+1","Backlash+1"],"picked":"WindUp+1","floor":5},{"not_picked":["FormalWear+1","WatchCommand+1"],"picked":"LockedMawBank+1","floor":6},{"not_picked":["LockedWarPaint+1","LockedBlood+1"],"picked":"ExoVibe+1","floor":8},{"not_picked":["RageCommand+1","PrimeTime+1"],"picked":"HandsUpB+1","floor":9},{"not_picked":["Facsimile+1","BeatsPerMinute+1","BlueShift+1"],"picked":"SKIP","floor":10},{"not_picked":["LockedBell+1","OracleForm+1"],"picked":"Flay+1","floor":16},{"not_picked":["Recurrance+1","PrimeTime+1"],"picked":"Analog+1","floor":18},{"not_picked":["SlimeSpray+1","ExoVibe+1"],"picked":"LockedThread+1","floor":19},{"not_picked":["LockedScales+1","ReapSow+1","DaylightSavings+1"],"picked":"SKIP","floor":23},{"not_picked":["DaylightSavings+1","LockedUrn+1","PrimeTime+1"],"picked":"SKIP","floor":24},{"not_picked":["LockedWarPaint+1","LockedBlood+1","BlueShift+1"],"picked":"SKIP","floor":28},{"not_picked":["BiteCommand+1","ReapSow+1"],"picked":"LockedMercury+1","floor":35},{"not_picked":["Break+1","LockedWarPaint+1"],"picked":"EscortCommand+1","floor":40},{"not_picked":["LockedMedicine+1","BiteCommand+1"],"picked":"WatchCommand+1","floor":41},{"not_picked":["LockedBell+1","LockedAstrolabe+1"],"picked":"LockedPlans+1","floor":44},{"not_picked":["WindUp+1","EscortCommand+1","BackFourSeconds+1"],"picked":"SKIP","floor":48},{"not_picked":[],"picked":"SlimeSpray+1","floor":53},{"not_picked":["WindUp+1"],"picked":"SKIP","floor":53},{"not_picked":["Echoward+1"],"picked":"SKIP","floor":53},{"not_picked":["Tempo+1"],"picked":"SKIP","floor":53},{"not_picked":["LockedTornado+1"],"picked":"SKIP","floor":53},{"not_picked":["Replay:SS_fish_1+1"],"picked":"SKIP","floor":53},{"not_picked":["Mayhem+1"],"picked":"SKIP","floor":53},{"not_picked":["MasterKey+1","Cuckoo+1"],"picked":"Engulf+1","floor":54}],"player_experience":2314077,"relics_obtained":[{"floor":8,"key":"Peace Pipe"},{"floor":10,"key":"Dead Branch"},{"floor":23,"key":"Blue Doll"},{"floor":26,"key":"halation:QuantumPhysicsTextbook"},{"floor":28,"key":"Oddly Smooth Stone"},{"floor":40,"key":"conspire:GiftBox"},{"floor":43,"key":"trackpad:RapidFire"},{"floor":44,"key":"Centennial Puzzle"},{"floor":48,"key":"halation:EternalFortune"},{"floor":53,"key":"jedi:fakemustache"},{"floor":53,"key":"trackpad:PetRock"},{"floor":54,"key":"halation:WeightlessCrab"}],"event_choices":[{"damage_healed":0,"gold_gain":0,"player_choice":"Simplicity","damage_taken":0,"max_hp_gain":0,"max_hp_loss":8,"event_name":"betterThird:BetterWriting","floor":0,"gold_loss":0},{"damage_healed":0,"gold_gain":0,"player_choice":"Knelt","damage_taken":0,"max_hp_gain":0,"max_hp_loss":3,"event_name":"Menagerie:BeastSpiritShrine","floor":3,"gold_loss":0,"cards_obtained":["Menagerie:BeastSpirit"]},{"damage_healed":0,"gold_gain":0,"player_choice":"RE RE ","damage_taken":33,"relics_obtained":["StuffTheSpire:TintedRock","ReplayTheSpireMod:Lightbulb"],"max_hp_gain":0,"max_hp_loss":0,"event_name":"betterSkull:BetterSkull","floor":13,"gold_loss":0,"cards_upgraded":[]},{"damage_healed":0,"gold_gain":0,"player_choice":"Ignored","damage_taken":0,"max_hp_gain":0,"max_hp_loss":0,"event_name":"Menagerie:MagesHand","floor":14,"gold_loss":0},{"damage_healed":0,"gold_gain":0,"player_choice":"3","damage_taken":0,"max_hp_gain":0,"max_hp_loss":0,"event_name":"betterMatch:BetterMatch","floor":21,"gold_loss":0,"cards_obtained":[]},{"damage_healed":0,"gold_gain":0,"player_choice":"RE ","damage_taken":17,"relics_obtained":["Vajra"],"max_hp_gain":0,"max_hp_loss":0,"event_name":"betterSkull:BetterSkull","floor":30,"gold_loss":0,"cards_upgraded":[]}],"is_beta":false,"boss_relics":[{"not_picked":["Astrolabe","halation:Risk","vexMod:DeviousBotling"],"picked":"Replay:Bronze Core"},{"not_picked":["vexMod:RockOfEvil","jedi:paperlyon","halation:Prosthetics"],"picked":"SacredBark"}],"items_purged_floors":[12,12,29],"is_endless":false,"potions_floor_spawned":[6,16,19,23,41,44],"ascension_level":0}}