{"host":"1sep654oresgee70","time":1608677133,"event":{"mods":["2.2 Compatiblity","Aspiration","BaseMod","Better Altar","Better Match","Better Note","Better Sensory Stone","Better Skull","Better Third Choice","Better Vampires","Better-Laid Plans","BetterRewards","Block Reminder","Conspire","Curses Come First","Displayed Cursed Tome","Gold Saver","Hubris","Infinite Spire","Minty Spire (QoL Compilation)","Potion Indicator Mod","Quick Restart","Red Circlet Mod","Replay The Spire","Shop Mod","Spicy Shops","StSLib","The Blue Laboratory","Thieving Mod","Transform Curses","Unceasing Turn Reminder","UnlockEverythingMod"],"gold_per_floor":[385,400,415,415,340,370,370,385,385,400,415,430,430,445,445,545,545,560,560,575,590,605,605,605,545,595,625,640,670,685,700,700,800,800,815,830,830,830],"floor_reached":37,"playtime":1938,"items_purged":[],"score":444,"play_id":"963855ad-1b98-4c19-819c-e9287c07f856","local_time":"20201222234533","daily_mods":["Allstar","Diverse","DeadlyEvents"],"is_ascension_mode":false,"campfire_choices":[{"floor":7.0,"key":"REST"},{"floor":15.0,"key":"REST"},{"floor":23.0,"key":"REST"},{"floor":32.0,"key":"REST"}],"circlet_count":0,"master_deck":["Strike_B","Strike_B","Strike_B","Strike_B","Defend_B+1","Defend_B","Defend_B","Defend_B","Zap","Dualcast","Good Instincts","hubris:Insight","Dark Shackles","Secret Weapon","Midas Touch","ThirdEye","Deadly Poison","Footwork","Havoc+1","Consecrate","FlyingSleeves","Clothesline","Second Wind","Chill","Seeing Red","Creative AI","CutThroughFate","Leap","Conserve Battery","Doom and Gloom","infinitespire:DeathsTouch","hubris:Fate","infinitespire:FutureSight","ReplayTheSpireMod:Black Plague","Sunder+1","Thunderclap","ReplayTheSpireMod:Corrosion Curse","Redo","Flying Knee","Pride","Limit Break","Glacier","Adrenaline"],"relics":["Cracked Core","hubris:TenFootPole","hubris:GlazedTorus","Question Card","ChewingGum","hubris:Towel","ReplayTheSpireMod:TigerMarble","conspire:RoyalGoblet","Vajra","hubris:MysteriousPyramids","infinitespire:Freezer","Snecko Heart"],"acts_visited":["Exordium","TheCity","TheBeyond"],"potions_floor_usage":[37],"damage_taken":[{"damage":1.0,"enemies":"Jaw Worm","floor":1.0,"turns":4.0},{"damage":0.0,"enemies":"2 Louse","floor":2.0,"turns":3.0},{"damage":5.0,"enemies":"Cultist","floor":3.0,"turns":4.0},{"damage":27.0,"enemies":"Lagavulin","floor":6.0,"turns":7.0},{"damage":1.0,"enemies":"2 Fungi Beasts","floor":8.0,"turns":4.0},{"damage":0.0,"enemies":"3 Louse","floor":10.0,"turns":3.0},{"damage":2.0,"enemies":"Looter","floor":11.0,"turns":2.0},{"damage":6.0,"enemies":"2 Fungi Beasts","floor":12.0,"turns":3.0},{"damage":6.0,"enemies":"Exordium Thugs","floor":14.0,"turns":5.0},{"damage":21.0,"enemies":"Hexaghost","floor":16.0,"turns":8.0},{"damage":5.0,"enemies":"Shell Parasite","floor":18.0,"turns":8.0},{"damage":10.0,"enemies":"3 Byrds","floor":20.0,"turns":5.0},{"damage":2.0,"enemies":"Centurion and Healer","floor":21.0,"turns":8.0},{"damage":8.0,"enemies":"Snake Plant","floor":22.0,"turns":6.0},{"damage":18.0,"enemies":"Nightmare","floor":27.0,"turns":6.0},{"damage":32.0,"enemies":"Sentry and Sphere","floor":28.0,"turns":5.0},{"damage":6.0,"enemies":"Gremlin Leader","floor":29.0,"turns":5.0},{"damage":5.0,"enemies":"Centurion and Healer","floor":30.0,"turns":5.0},{"damage":5.0,"enemies":"Snecko","floor":31.0,"turns":5.0},{"damage":35.0,"enemies":"hubris:MusketHawk","floor":33.0,"turns":8.0},{"damage":34.0,"enemies":"3 Shapes","floor":35.0,"turns":6.0},{"damage":7,"enemies":"3 Darklings","floor":36,"turns":3},{"damage":43,"enemies":"Spire Growth","floor":37,"turns":4}],"seed_played":"-7682526130134428503","potions_obtained":[{"floor":6.0,"key":"blueLaboratory:FruitPunch"},{"floor":8.0,"key":"blueLaboratory:BiasPotion"},{"floor":11.0,"key":"blueLaboratory:AbyssPotion"},{"floor":14.0,"key":"blueLaboratory:ImpenetrablePotion"},{"floor":16.0,"key":"blueLaboratory:SavagePotion"},{"floor":22.0,"key":"Explosive Potion"},{"floor":27.0,"key":"blueLaboratory:FruitPunch"},{"floor":28.0,"key":"blueLaboratory:SystemWipe"},{"floor":31.0,"key":"blueLaboratory:ExaltedPotion"},{"floor":35.0,"key":"blueLaboratory:BiasPotion"},{"floor":36,"key":"ColorlessPotion"}],"is_trial":false,"path_per_floor":["M","M","M","?","?","E","R","M","T","M","M","M","?","M","R","B",null,"M","?","M","M","M","R","AVR","?","T","NM","M","E","M","M","R","B",null,"M","M","M"],"character_chosen":"DEFECT","items_purchased":[],"campfire_rested":4,"item_purchase_floors":[],"current_hp_per_floor":[74,74,69,69,69,42,64,63,63,63,63,57,57,51,74,53,77,72,72,62,60,52,75,75,75,75,57,27,36,31,41,64,29,79,45,38,0,0],"gold":830,"neow_bonus":"","is_daily":true,"chose_seed":false,"campfire_upgraded":0,"win_rate":0.0,"timestamp":1608677133,"path_taken":["M","M","M","?","?","E","R","M","T","M","M","M","?","?","R","BOSS","M","?","M","M","M","R","AVR","?","T","NM","M","?","M","M","R","BOSS","M","?","?"],"items_purchased_type":[],"build_version":"2020-12-13","purchased_purges":0,"victory":false,"max_hp_per_floor":[75,75,75,75,75,75,75,75,75,75,77,77,77,77,77,77,77,77,77,77,77,77,77,77,77,77,77,79,79,79,79,79,79,79,79,79,79,79],"card_choices":[{"not_picked":["Reprogram","hubris:CleavingFinish"],"picked":"ThirdEye","floor":1.0},{"not_picked":["Wild Strike","Well Laid Plans"],"picked":"Deadly Poison","floor":2.0},{"not_picked":["Replay:ManipulateFuture","ForeignInfluence"],"picked":"Footwork","floor":3.0},{"not_picked":["JustLucky+1","Gash+1"],"picked":"Havoc+1","floor":5.0},{"not_picked":["ReplayTheSpireMod:Muscle Training","aspiration:Lunge"],"picked":"Consecrate","floor":6.0},{"not_picked":["Nirvana","Run Through"],"picked":"FlyingSleeves","floor":8.0},{"not_picked":["EmptyMind","ForeignInfluence","Crescendo"],"picked":"Clothesline","floor":10.0},{"not_picked":["Iron Wave","FlyingSleeves","Dropkick"],"picked":"Second Wind","floor":11.0},{"not_picked":["EmptyBody","ReplayTheSpireMod:The Works","Consecrate"],"picked":"Chill","floor":12.0},{"not_picked":["JustLucky","BasicCrystalCard","ReplayTheSpireMod:Repulse"],"picked":"Seeing Red","floor":14.0},{"not_picked":["hubris:Prefetch","Brutality","Malaise"],"picked":"Creative AI","floor":16.0},{"not_picked":["Study+1","Warcry","Sweeping Beam"],"picked":"CutThroughFate","floor":18.0},{"not_picked":["Rampage+1","Prepared","FlyingSleeves"],"picked":"Leap","floor":20.0},{"not_picked":["Clash+1","CutThroughFate","Protect"],"picked":"Conserve Battery","floor":21.0},{"not_picked":["Ball Lightning","Chaos","Replay:Battleflow"],"picked":"Doom and Gloom","floor":22.0},{"not_picked":["Heavy Blade","Endless Agony","Hidden Blade"],"picked":"Sunder+1","floor":27.0},{"not_picked":["Beam Cell","JustLucky","MasterReality"],"picked":"Thunderclap","floor":28.0},{"not_picked":["Offering","Armaments","Crescendo+1"],"picked":"ReplayTheSpireMod:Corrosion Curse","floor":29.0},{"not_picked":["Grand Finale","Headbutt","Gash"],"picked":"Redo","floor":30.0},{"not_picked":["ReplayTheSpireMod:Strike From Hell","Sword Boomerang+1","Abandon+1"],"picked":"Flying Knee","floor":31.0},{"not_picked":["Double Tap","Demonic Infusion","Feed"],"picked":"Limit Break","floor":33.0},{"not_picked":["Pommel Strike+1","Replay:Cycle","Headbutt"],"picked":"Glacier","floor":35.0},{"not_picked":["Conserve Battery+1","hubris:SlightOfHand","ReplayTheSpireMod:Strike From Hell"],"picked":"Adrenaline","floor":36}],"player_experience":2365872,"relics_obtained":[{"floor":4.0,"key":"hubris:TenFootPole"},{"floor":6.0,"key":"hubris:GlazedTorus"},{"floor":9.0,"key":"Question Card"},{"floor":26.0,"key":"Vajra"},{"floor":27.0,"key":"hubris:MysteriousPyramids"},{"floor":29.0,"key":"infinitespire:Freezer"}],"event_choices":[{"damage_healed":0.0,"max_hp_gain":0.0,"max_hp_loss":0.0,"gold_gain":0.0,"event_name":"betterMatch:BetterMatch","player_choice":"2","floor":5.0,"gold_loss":0.0,"damage_taken":0.0,"cards_obtained":["betterMatch:CommonCard"]}],"is_beta":false,"boss_relics":[{"not_picked":["Kintsugi","aspiration:FutureDiary"],"picked":"ChewingGum"},{"not_picked":["hubris:Backtick","Black Star"],"picked":"Snecko Heart"}],"items_purged_floors":[],"is_endless":true,"potions_floor_spawned":[6,8,11,14,16,22,27,28,31,35,36],"killed_by":"Spire Growth","ascension_level":0}}