{"host":"na09lpbrez4gbfiz","time":1608676706,"event":{"mods":["Act Like it!","BaseMod","BetterRewards","Colored Map","Colored Powertips","DeckTracker","Googly Eyes","Highlight Path","Minty Spire (QoL Compilation)","Quick Restart","Spicy Shops","StSLib","SuperFastMode","Synergy Search"],"gold_per_floor":[113,125,19,19,32,63,63,63,63,63,102,155,178,25,25,155,155,170,193,193,49,73,73,86,86,86,107,107,107,148,22,22,143,143,164,164,227,296,321,357,357,392,392,392,0,0,24,63,63,63,63],"floor_reached":50,"playtime":1556,"items_purged":["Strike_R"],"score":1058,"play_id":"d4de050a-a741-4e56-9707-2eb198dbf9e4","local_time":"20201222233826","is_ascension_mode":true,"campfire_choices":[{"data":"Sever Soul","floor":7.0,"key":"SMITH"},{"floor":10.0,"key":"DIG"},{"floor":15.0,"key":"REST"},{"floor":23.0,"key":"DIG"},{"floor":25.0,"key":"REST"},{"floor":29.0,"key":"REST"},{"floor":32.0,"key":"REST"},{"floor":41.0,"key":"REST"},{"floor":44,"key":"DIG"},{"floor":46,"key":"REST"},{"floor":49,"key":"REST"}],"circlet_count":0,"master_deck":["Strike_R","Strike_R","Strike_R","Strike_R+1","Defend_R","Defend_R","Defend_R","Defend_R","Bash+1","Inflame","Flex","Sever Soul+1","Injury","Uppercut","Metallicize","Bludgeon","Cleave","Fiend Fire","Seeing Red+1","Seeing Red+1","Bloodletting+1","Carnage+1"],"relics":["Burning Blood","Whetstone","Mango","Golden Idol","Pear","Shovel","Gambling Chip","Bottled Lightning","Omamori","Velvet Choker","WarpedTongs","Membership Card","The Courier","White Beast Statue","MawBank","PreservedInsect","Tiny Chest","Mark of Pain","Pocketwatch","Peace Pipe","Juzu Bracelet","Bag of Marbles","InkBottle","Meat on the Bone","Oddly Smooth Stone","Red Mask","Letter Opener"],"acts_visited":["Exordium","TheCity","TheBeyond"],"potions_floor_usage":[42,50,50,50],"damage_taken":[{"damage":2.0,"enemies":"Jaw Worm","floor":1.0,"turns":4.0},{"damage":8.0,"enemies":"2 Louse","floor":2.0,"turns":3.0},{"damage":0.0,"enemies":"Small Slimes","floor":5.0,"turns":3.0},{"damage":24.0,"enemies":"Lagavulin","floor":6.0,"turns":5.0},{"damage":23.0,"enemies":"3 Sentries","floor":11.0,"turns":7.0},{"damage":11.0,"enemies":"Looter","floor":13.0,"turns":2.0},{"damage":30.0,"enemies":"The Guardian","floor":16.0,"turns":8.0},{"damage":40.0,"enemies":"3 Byrds","floor":18.0,"turns":6.0},{"damage":17.0,"enemies":"Spheric Guardian","floor":19.0,"turns":4.0},{"damage":12.0,"enemies":"Chosen and Byrds","floor":22.0,"turns":3.0},{"damage":18.0,"enemies":"Snecko","floor":24.0,"turns":3.0},{"damage":18.0,"enemies":"Shelled Parasite and Fungi","floor":27.0,"turns":4.0},{"damage":44.0,"enemies":"Gremlin Leader","floor":30.0,"turns":4.0},{"damage":82.0,"enemies":"Champ","floor":33.0,"turns":11.0},{"damage":17.0,"enemies":"Orb Walker","floor":35.0,"turns":3.0},{"damage":28.0,"enemies":"Mind Bloom Boss Battle","floor":37.0,"turns":5.0},{"damage":42.0,"enemies":"2 Orb Walkers","floor":38.0,"turns":4.0},{"damage":11.0,"enemies":"Nemesis","floor":40.0,"turns":3.0},{"damage":4,"enemies":"Reptomancer","floor":42,"turns":3},{"damage":48,"enemies":"3 Darklings","floor":47,"turns":5},{"damage":36,"enemies":"Giant Head","floor":48,"turns":6},{"damage":78,"enemies":"Time Eater","floor":50,"turns":7}],"seed_played":"-4075886431958740283","potions_obtained":[{"floor":1.0,"key":"PowerPotion"},{"floor":2.0,"key":"Ancient Potion"},{"floor":11.0,"key":"CultistPotion"},{"floor":16.0,"key":"FearPotion"},{"floor":18.0,"key":"PowerPotion"},{"floor":27.0,"key":"SteroidPotion"},{"floor":30.0,"key":"Swift Potion"},{"floor":33.0,"key":"AttackPotion"},{"floor":35.0,"key":"Ancient Potion"},{"floor":37.0,"key":"Strength Potion"},{"floor":38.0,"key":"Dexterity Potion"},{"floor":40.0,"key":"GamblersBrew"},{"floor":42,"key":"Energy Potion"},{"floor":47,"key":"Ancient Potion"},{"floor":48,"key":"LiquidBronze"}],"is_trial":false,"path_per_floor":["M","M","$","?","M","E","R","?","T","R","E","?","M","$","R","B",null,"M","M","?","$","M","R","M","R","T","M","?","R","E","$","R","B",null,"M","?","?","?","T","E","R","E","T","R","?","R","M","E","R","B"],"character_chosen":"IRONCLAD","items_purchased":["Whetstone","Inflame","Sever Soul","Omamori","Membership Card","PreservedInsect","Regen Potion","Tiny Chest","SteroidPotion"],"campfire_rested":7,"item_purchase_floors":[0,0,3,14,21,31,31,31,31],"current_hp_per_floor":[67,65,65,65,71,63,63,68,68,68,51,51,46,46,78,54,95,61,50,50,50,44,44,32,64,64,52,52,84,46,46,78,17,86,75,75,53,17,17,12,44,46,46,46,46,78,48,30,62,0,0],"gold":63,"neow_bonus":"","is_daily":false,"chose_seed":false,"campfire_upgraded":1,"win_rate":0.0,"timestamp":1608676706,"path_taken":["M","M","$","?","M","E","R","?","T","R","E","?","M","$","R","BOSS","M","M","?","$","M","R","?","R","T","M","?","R","E","$","R","BOSS","M","?","?","?","?","E","R","E","T","R","?","R","M","E","R","BOSS"],"items_purchased_type":["Relic","Card","Card","Relic","Relic","Relic","Potion","Relic","Potion"],"build_version":"2020-12-13","purchased_purges":1,"victory":false,"max_hp_per_floor":[94,94,94,94,94,104,104,109,109,109,109,109,109,109,109,109,109,109,109,109,109,109,109,109,109,109,109,109,109,109,109,109,109,109,109,109,109,109,109,109,109,109,109,109,109,109,109,109,109,109,109],"card_choices":[{"not_picked":["Dropkick","Clothesline"],"picked":"Flex","floor":1.0},{"not_picked":["Dropkick","Wild Strike","Thunderclap"],"picked":"SKIP","floor":2.0},{"not_picked":["Sever Soul","Anger"],"picked":"Uppercut","floor":5.0},{"not_picked":["Pommel Strike","Cleave"],"picked":"Metallicize","floor":6.0},{"not_picked":["Headbutt","Burning Pact","Sword Boomerang"],"picked":"SKIP","floor":11.0},{"not_picked":["Pummel","Spot Weakness","Demon Form"],"picked":"SKIP","floor":13.0},{"not_picked":["Juggernaut","Corruption"],"picked":"Bludgeon","floor":16.0},{"not_picked":["Spot Weakness","Perfected Strike"],"picked":"Cleave","floor":18.0},{"not_picked":["Shrug It Off","Clash+1","Thunderclap"],"picked":"SKIP","floor":19.0},{"not_picked":["Dropkick","Sword Boomerang+1","Wild Strike+1"],"picked":"SKIP","floor":22.0},{"not_picked":["Dropkick","Sword Boomerang+1","Wild Strike+1"],"picked":"SKIP","floor":22.0},{"not_picked":["Combust","Clothesline+1","Dropkick"],"picked":"SKIP","floor":24.0},{"not_picked":["Thunderclap","Pommel Strike","Anger"],"picked":"SKIP","floor":27.0},{"not_picked":["Clothesline+1","Anger","Sword Boomerang"],"picked":"SKIP","floor":30.0},{"not_picked":["Barricade","Bludgeon"],"picked":"Fiend Fire","floor":33.0},{"not_picked":["Wild Strike","Dropkick+1","Armaments"],"picked":"SKIP","floor":35.0},{"not_picked":["Searing Blow+1","Metallicize+1"],"picked":"Seeing Red+1","floor":37.0},{"not_picked":["Clothesline","Pummel+1"],"picked":"Seeing Red+1","floor":38.0},{"not_picked":["Shrug It Off","Combust","Pommel Strike"],"picked":"SKIP","floor":40.0},{"not_picked":["Shockwave+1","Clothesline+1"],"picked":"Bloodletting+1","floor":42},{"not_picked":["Flex","Entrench","Uppercut"],"picked":"SKIP","floor":47},{"not_picked":["Thunderclap+1","Iron Wave"],"picked":"Carnage+1","floor":48}],"player_experience":232414,"relics_obtained":[{"floor":6.0,"key":"Pear"},{"floor":9.0,"key":"Shovel"},{"floor":10.0,"key":"Gambling Chip"},{"floor":11.0,"key":"Bottled Lightning"},{"floor":23.0,"key":"The Courier"},{"floor":26.0,"key":"White Beast Statue"},{"floor":30.0,"key":"MawBank"},{"floor":37.0,"key":"Pocketwatch"},{"floor":38.0,"key":"Peace Pipe"},{"floor":39.0,"key":"Juzu Bracelet"},{"floor":40.0,"key":"Bag of Marbles"},{"floor":42,"key":"InkBottle"},{"floor":43,"key":"Meat on the Bone"},{"floor":44,"key":"Oddly Smooth Stone"},{"floor":48,"key":"Letter Opener"}],"event_choices":[{"damage_healed":0.0,"max_hp_gain":0.0,"max_hp_loss":0.0,"gold_gain":0.0,"event_name":"Golden Idol","player_choice":"Take Wound","floor":4.0,"gold_loss":0.0,"damage_taken":0.0,"relics_obtained":["Golden Idol"],"cards_obtained":["Injury"]},{"damage_healed":0.0,"max_hp_gain":5.0,"max_hp_loss":0.0,"gold_gain":0.0,"event_name":"Big Fish","player_choice":"Donut","floor":8.0,"gold_loss":0.0,"damage_taken":0.0},{"damage_healed":0.0,"max_hp_gain":0.0,"max_hp_loss":0.0,"gold_gain":53.0,"event_name":"Golden Wing","player_choice":"Gained Gold","floor":12.0,"gold_loss":0.0,"damage_taken":0.0},{"damage_healed":0.0,"max_hp_gain":0.0,"max_hp_loss":0.0,"gold_gain":0.0,"event_name":"Accursed Blacksmith","player_choice":"Rummage","floor":20.0,"gold_loss":0.0,"damage_taken":0.0,"relics_obtained":["WarpedTongs"],"cards_obtained":["Pain"]},{"damage_healed":0.0,"max_hp_gain":0.0,"max_hp_loss":0.0,"gold_gain":0.0,"event_name":"Ghosts","player_choice":"Ignored","floor":28.0,"gold_loss":0.0,"damage_taken":0.0},{"damage_healed":0.0,"max_hp_gain":0.0,"max_hp_loss":0.0,"gold_gain":0.0,"event_name":"SensoryStone","player_choice":"Memory 1","floor":36.0,"gold_loss":0.0,"damage_taken":0.0},{"damage_healed":0.0,"max_hp_gain":0.0,"max_hp_loss":0.0,"gold_gain":0.0,"event_name":"MindBloom","player_choice":"Fight","floor":37.0,"gold_loss":0.0,"damage_taken":0.0},{"damage_healed":0.0,"max_hp_gain":0.0,"max_hp_loss":0.0,"gold_gain":0.0,"event_name":"Mysterious Sphere","player_choice":"Fight","floor":38.0,"gold_loss":0.0,"damage_taken":0.0},{"damage_healed":0,"gold_gain":0,"player_choice":"Paid","damage_taken":0,"relics_obtained":["Red Mask"],"max_hp_gain":0,"max_hp_loss":0,"event_name":"Tomb of Lord Red Mask","floor":45,"gold_loss":392}],"is_beta":false,"boss_relics":[{"not_picked":["Pandora\u0027s Box","Sozu"],"picked":"Velvet Choker"},{"not_picked":["Empty Cage","Fusion Hammer"],"picked":"Mark of Pain"}],"items_purged_floors":[0],"is_endless":false,"potions_floor_spawned":[1,2,11,16,18,27,30,33,35,37,38,40,42,47,48],"killed_by":"Time Eater","ascension_level":8}}