{"host":"4bjf3jtd8i13astb","time":1608599673,"event":{"mods":["AchievementEnabler","BaseMod","Colored Map","Colored Powertips","Highlight Path","Minty Spire (QoL Compilation)","StSLib"],"gold_per_floor":[18,36,36,36,53,53,67,67,67,67,83,83,96,129,129,202,202,213,213,65,76,76,76,93,123,147,147,160,160,194,0,0,74,74,90,90,90],"floor_reached":36,"playtime":1576,"items_purged":["Bash"],"score":705,"play_id":"da526eda-7c47-4400-ae6a-eb8b76c99370","local_time":"20201221201433","is_ascension_mode":true,"campfire_choices":[{"data":"Juggernaut","floor":6,"key":"SMITH"},{"data":"True Grit","floor":8,"key":"SMITH"},{"data":"Body Slam","floor":10,"key":"SMITH"},{"data":"Entrench","floor":12,"key":"SMITH"},{"data":"True Grit","floor":15,"key":"SMITH"},{"data":"Barricade","floor":23,"key":"SMITH"},{"floor":27,"key":"REST"},{"floor":29,"key":"REST"},{"floor":32,"key":"REST"}],"circlet_count":0,"master_deck":["AscendersBane","Strike_R","Strike_R","Strike_R","Strike_R","Strike_R","Defend_R","Defend_R","Defend_R","Defend_R","Juggernaut+1","Metallicize","Entrench+1","Body Slam+1","True Grit+1","Ghostly Armor","True Grit+1","Barricade+1","Metallicize","Body Slam","Body Slam","Power Through"],"relics":["Burning Blood","Question Card","MealTicket","Philosopher\u0027s Stone","Eternal Feather","Ginger","Bag of Preparation","Matryoshka","Coffee Dripper"],"acts_visited":["Exordium","TheCity","TheBeyond"],"potions_floor_usage":[11,14,16,18,21,36],"damage_taken":[{"damage":7,"enemies":"Jaw Worm","floor":1,"turns":5},{"damage":9,"enemies":"Small Slimes","floor":2,"turns":4},{"damage":0,"enemies":"Cultist","floor":5,"turns":4},{"damage":10,"enemies":"Blue Slaver","floor":7,"turns":4},{"damage":15,"enemies":"Exordium Wildlife","floor":11,"turns":4},{"damage":4,"enemies":"Red Slaver","floor":13,"turns":5},{"damage":16,"enemies":"3 Sentries","floor":14,"turns":8},{"damage":26,"enemies":"The Guardian","floor":16,"turns":9},{"damage":25,"enemies":"2 Thieves","floor":18,"turns":4},{"damage":38,"enemies":"3 Byrds","floor":21,"turns":4},{"damage":18,"enemies":"Snecko","floor":24,"turns":6},{"damage":62,"enemies":"Gremlin Leader","floor":25,"turns":8},{"damage":46,"enemies":"Sentry and Sphere","floor":28,"turns":8},{"damage":32,"enemies":"Book of Stabbing","floor":30,"turns":5},{"damage":18,"enemies":"Champ","floor":33,"turns":10},{"damage":0,"enemies":"Orb Walker","floor":35,"turns":3},{"damage":110,"enemies":"2 Orb Walkers","floor":36,"turns":6}],"seed_played":"-1416453355540750609","potions_obtained":[{"floor":1,"key":"BlessingOfTheForge"},{"floor":2,"key":"PowerPotion"},{"floor":11,"key":"SteroidPotion"},{"floor":14,"key":"Swift Potion"},{"floor":16,"key":"ColorlessPotion"},{"floor":21,"key":"Explosive Potion"},{"floor":28,"key":"FairyPotion"}],"is_trial":false,"path_per_floor":["M","M","?","?","M","R","M","R","T","R","M","R","M","E","R","B",null,"M","?","$","M","?","R","M","E","T","R","M","R","E","?","R","B",null,"M","?"],"character_chosen":"IRONCLAD","items_purchased":["Metallicize"],"campfire_rested":3,"item_purchase_floors":[20],"current_hp_per_floor":[71,68,68,68,74,74,70,70,70,70,61,61,63,53,53,33,68,49,49,64,32,80,80,68,12,12,48,8,44,18,18,54,42,71,77,0,0],"gold":90,"neow_bonus":"THREE_RARE_CARDS","is_daily":false,"chose_seed":false,"campfire_upgraded":6,"win_rate":0.0,"timestamp":1608599673,"path_taken":["M","M","?","?","M","R","M","R","T","R","M","R","?","E","R","BOSS","M","?","$","M","?","R","?","E","T","R","M","R","E","?","R","BOSS","M","?"],"items_purchased_type":["Card"],"build_version":"2020-12-13","purchased_purges":1,"victory":false,"max_hp_per_floor":[80,80,80,80,80,80,80,80,80,80,80,80,80,80,80,80,80,80,80,80,80,80,80,80,80,80,80,80,80,80,80,80,80,80,80,80,80],"card_choices":[{"not_picked":["Fiend Fire","Feed"],"picked":"Juggernaut","floor":0},{"not_picked":["Ghostly Armor","Uppercut"],"picked":"Metallicize","floor":1},{"not_picked":["Perfected Strike","Whirlwind"],"picked":"Entrench","floor":2},{"not_picked":["Sever Soul","Flex","Twin Strike"],"picked":"Body Slam","floor":5},{"not_picked":["Cleave","Heavy Blade","Iron Wave"],"picked":"True Grit","floor":7},{"not_picked":["Dark Embrace","Anger","Blood for Blood"],"picked":"Ghostly Armor","floor":11},{"not_picked":["Ghostly Armor","Headbutt","Iron Wave"],"picked":"True Grit","floor":13},{"not_picked":["Thunderclap","Uppercut","Seeing Red","Clash"],"picked":"SKIP","floor":14},{"not_picked":["Double Tap","Feed","Offering"],"picked":"Barricade","floor":16},{"not_picked":["Carnage","Rampage","Dual Wield","Iron Wave"],"picked":"SKIP","floor":18},{"not_picked":["True Grit+1","Pommel Strike","Reckless Charge"],"picked":"Body Slam","floor":21},{"not_picked":["Anger+1","Power Through","Rampage"],"picked":"Body Slam","floor":24},{"not_picked":["Rampage","Corruption","Thunderclap","Dual Wield"],"picked":"SKIP","floor":25},{"not_picked":["Combust","Flex","Evolve+1","Second Wind"],"picked":"SKIP","floor":28},{"not_picked":["Iron Wave+1","Wild Strike","Disarm"],"picked":"Power Through","floor":30},{"not_picked":["True Grit","Whirlwind","Flex+1","Perfected Strike+1"],"picked":"SKIP","floor":35}],"player_experience":1219051,"relics_obtained":[{"floor":14,"key":"MealTicket"},{"floor":25,"key":"Ginger"},{"floor":26,"key":"Bag of Preparation"},{"floor":30,"key":"Matryoshka"}],"event_choices":[{"damage_healed":0,"gold_gain":0,"player_choice":"Box","damage_taken":0,"relics_obtained":["Question Card"],"max_hp_gain":0,"max_hp_loss":0,"event_name":"Big Fish","floor":3,"gold_loss":0,"cards_obtained":["Regret"]},{"cards_removed":["Regret"],"damage_healed":0,"gold_gain":0,"player_choice":"Removed Curses","damage_taken":0,"max_hp_gain":0,"max_hp_loss":0,"event_name":"Fountain of Cleansing","floor":4,"gold_loss":0},{"damage_healed":0,"gold_gain":0,"player_choice":"Opened","damage_taken":0,"relics_obtained":["Eternal Feather"],"max_hp_gain":0,"max_hp_loss":0,"event_name":"The Mausoleum","floor":19,"gold_loss":0},{"damage_healed":48,"gold_gain":0,"player_choice":"Full Heal","damage_taken":0,"max_hp_gain":0,"max_hp_loss":0,"event_name":"Wheel of Change","floor":22,"gold_loss":0},{"damage_healed":0,"gold_gain":0,"player_choice":"Paid Fearfully","damage_taken":0,"max_hp_gain":0,"max_hp_loss":0,"event_name":"Masked Bandits","floor":31,"gold_loss":194},{"damage_healed":0,"gold_gain":0,"player_choice":"Fight","damage_taken":0,"max_hp_gain":0,"max_hp_loss":0,"event_name":"Mysterious Sphere","floor":36,"gold_loss":0}],"is_beta":false,"boss_relics":[{"not_picked":["Runic Dome","SacredBark"],"picked":"Philosopher\u0027s Stone"},{"not_picked":["Mark of Pain","Astrolabe"],"picked":"Coffee Dripper"}],"items_purged_floors":[20],"is_endless":false,"potions_floor_spawned":[1,2,11,14,16,21,28,30],"killed_by":"2 Orb Walkers","ascension_level":13}}