{"host":"v4tuy5ykrbdcm9o9","time":1608680883,"event":{"mods":["BaseMod","Duelist Mod","Minty Spire (QoL Compilation)","Replay The Spire","StSLib"],"gold_per_floor":[114,133,153,171,171,202,220,220,247,260,260,290,310,273,273,378,378,395,395,409,425,425,425,440,470,470,470,503,516,545,5,5,104,104,115,115,128,146,165,195,195,0,48,76,86,118,130,142,142,142,142],"floor_reached":50,"playtime":9779,"items_purged":[],"score":1204,"play_id":"cbc67a53-4b7b-42a0-8cff-ff9a85f994cf","local_time":"20201222184803","is_ascension_mode":true,"campfire_choices":[{"floor":11,"key":"REST"},{"data":"Endless Agony","floor":15,"key":"SMITH"},{"data":"Terror","floor":23,"key":"SMITH"},{"floor":32,"key":"REST"},{"floor":41,"key":"REST"},{"data":"Burst","floor":49,"key":"SMITH"}],"circlet_count":0,"master_deck":["Strike_G","Strike_G","Strike_G","Strike_G","Strike_G+1","Defend_G","Defend_G","Defend_G","Defend_G","Defend_G","Survivor","Neutralize+1","ReplayTheSpireMod:From All Sides","Deadly Poison","Poisoned Stab","Blur","Cloak And Dagger","Bane","Endless Agony+1","Terror+1","Backflip","Backflip","Unload","Bouncing Flask+1","ReplayTheSpireMod:Speed Training+1","Ghostly+1","Ghostly","Ghostly","Ghostly","Ghostly","Bane+1","Outmaneuver","Quick Slash+1","Underhanded Strike","Corpse Explosion","Well Laid Plans","Well Laid Plans","Burst+1","Dagger Throw","Underhanded Strike+1","All Out Attack+1","theDuelist:CurseAnubis","Hidden Blade+1","Hidden Blade+1","ReplayTheSpireMod:Scrap Shanks+1","Flying Knee+1","Outmaneuver+1"],"relics":["Ring of the Snake","Ninja Scroll","PreservedInsect","Potion Belt","Black Star","MutagenicStrength","War Paint","Garlic","Paper Crane","ReplayTheSpireMod:TigerMarble","Bottled Flame","Vajra","Darkstone Periapt","Matryoshka","Happy Flower","Cursed Key","Prayer Wheel","Replay:Kaleidoscope","Red Mask","Dream Catcher","Bag of Preparation","Sundial","Ornamental Fan","Whetstone","Replay:Baseball"],"acts_visited":["Exordium","TheCity","TheBeyond"],"potions_floor_usage":[6,6,16,16,16,21,29,30,33,33,33,50,50,50,50],"damage_taken":[{"damage":1,"enemies":"Jaw Worm","floor":1,"turns":3},{"damage":0,"enemies":"2 Louse","floor":2,"turns":4},{"damage":3,"enemies":"Small Slimes","floor":3,"turns":3},{"damage":0,"enemies":"2 Fungi Beasts","floor":4,"turns":4},{"damage":14,"enemies":"3 Sentries","floor":6,"turns":14},{"damage":0,"enemies":"Large Slime","floor":7,"turns":6},{"damage":0,"enemies":"Red Slaver","floor":10,"turns":3},{"damage":0,"enemies":"Gremlin Nob","floor":12,"turns":2},{"damage":0,"enemies":"Exordium Thugs","floor":13,"turns":3},{"damage":57,"enemies":"Fading Forest","floor":16,"turns":11},{"damage":3,"enemies":"Chosen","floor":18,"turns":7},{"damage":0,"enemies":"2 Thieves","floor":20,"turns":5},{"damage":11,"enemies":"Chosen and Byrds","floor":21,"turns":8},{"damage":1,"enemies":"Shelled Parasite and Fungi","floor":24,"turns":6},{"damage":8,"enemies":"Book of Stabbing","floor":25,"turns":6},{"damage":2,"enemies":"theDuelist:KaibaA2","floor":28,"turns":6},{"damage":0,"enemies":"Snake Plant","floor":29,"turns":2},{"damage":0,"enemies":"Slavers","floor":30,"turns":4},{"damage":43,"enemies":"Pondfish","floor":33,"turns":13},{"damage":2,"enemies":"3 Shapes","floor":35,"turns":3},{"damage":8,"enemies":"3 Darklings","floor":37,"turns":5},{"damage":0,"enemies":"Jaw Worm Horde","floor":38,"turns":4},{"damage":4,"enemies":"Spire Growth","floor":39,"turns":6},{"damage":0,"enemies":"Giant Head","floor":40,"turns":7},{"damage":0,"enemies":"Reptomancer","floor":44,"turns":3},{"damage":0,"enemies":"3 Darklings","floor":45,"turns":6},{"damage":0,"enemies":"Nemesis","floor":46,"turns":3},{"damage":0,"enemies":"Sphere and 2 Shapes","floor":47,"turns":2},{"damage":0,"enemies":"Spire Growth","floor":48,"turns":3},{"damage":52,"enemies":"Awakened One","floor":50,"turns":12}],"seed_played":"1733572010705467608","potions_obtained":[{"floor":2,"key":"Dexterity Potion"},{"floor":3,"key":"Block Potion"},{"floor":6,"key":"Weak Potion"},{"floor":12,"key":"Energy Potion"},{"floor":13,"key":"Strength Potion"},{"floor":16,"key":"Poison Potion"},{"floor":18,"key":"Elixir"},{"floor":20,"key":"Fire Potion"},{"floor":25,"key":"Strength Potion"},{"floor":28,"key":"Toxic Potion"},{"floor":29,"key":"Poison Potion"},{"floor":37,"key":"DistilledChaos"},{"floor":38,"key":"Block Potion"},{"floor":45,"key":"Explosive Potion"},{"floor":46,"key":"SmokeBomb"},{"floor":48,"key":"Block Potion"}],"is_trial":false,"path_per_floor":["M","M","M","M","?","E","M","?","T","M","R","E","M","?","R","B",null,"M","?","M","M","?","R","M","E","T","?","E","M","E","$","R","B",null,"M","?","M","M","M","E","R","?","T","E","M","E","M","M","R","B"],"character_chosen":"THE_SILENT","items_purchased":["Corpse Explosion","FairyPotion","Happy Flower","Well Laid Plans","GamblersBrew"],"campfire_rested":3,"item_purchase_floors":[31,31,31,31,31],"current_hp_per_floor":[69,69,66,66,66,52,52,52,52,52,70,70,70,70,70,13,56,53,53,53,42,35,35,34,26,26,26,24,24,24,24,34,1,27,25,35,27,27,23,23,33,33,39,39,39,39,39,39,39,0,0],"gold":142,"neow_bonus":"ONE_RANDOM_RARE_CARD","is_daily":false,"chose_seed":false,"campfire_upgraded":3,"win_rate":0.0,"timestamp":1608680883,"path_taken":["M","M","M","M","?","E","M","?","T","M","R","E","M","?","R","BOSS","M","?","M","M","?","R","M","E","T","?","E","M","E","$","R","BOSS","M","?","M","M","?","E","R","?","T","E","M","E","M","M","R","BOSS"],"items_purchased_type":["Card","Potion","Relic","Card","Potion"],"build_version":"2020-12-13","purchased_purges":0,"victory":false,"max_hp_per_floor":[70,70,70,70,70,70,70,70,70,70,70,70,70,70,70,70,70,70,70,70,70,35,35,35,35,35,35,35,35,35,35,35,35,35,35,35,35,35,35,35,35,35,41,41,41,41,41,41,41,41,41],"card_choices":[{"not_picked":["Dodge and Roll","Hidden Blade"],"picked":"Deadly Poison","floor":1},{"not_picked":["Caltrops","ReplayTheSpireMod:Speed Training"],"picked":"Poisoned Stab","floor":2},{"not_picked":["PiercingWail","Sucker Punch"],"picked":"Blur","floor":3},{"not_picked":["Blur","Setup"],"picked":"Cloak And Dagger","floor":4},{"not_picked":["Skewer","Backstab"],"picked":"Bane","floor":6},{"not_picked":["Eviscerate","Expertise"],"picked":"Endless Agony","floor":7},{"not_picked":["Hidden Blade","Replay:Poison Smokescreen"],"picked":"Terror","floor":10},{"not_picked":["Poisoned Stab","Unload"],"picked":"Backflip","floor":12},{"not_picked":["PiercingWail","Sucker Punch"],"picked":"Backflip","floor":13},{"not_picked":["Atom Bomb","Glass Knife"],"picked":"Unload","floor":16},{"not_picked":["Setup","Hidden Blade"],"picked":"Bouncing Flask+1","floor":18},{"not_picked":["Setup+1","Acrobatics"],"picked":"ReplayTheSpireMod:Speed Training+1","floor":20},{"not_picked":["Bane","Malaise"],"picked":"Reflex","floor":21},{"not_picked":["Dagger Spray","PiercingWail"],"picked":"Bane+1","floor":24},{"not_picked":["Prepared","Night Terror"],"picked":"Outmaneuver","floor":25},{"not_picked":["Backflip","Dodge and Roll","Sucker Punch+1"],"picked":"SKIP","floor":28},{"not_picked":["PiercingWail+1","Outmaneuver"],"picked":"Quick Slash","floor":29},{"not_picked":["Setup","Deadly Poison"],"picked":"Underhanded Strike","floor":30},{"not_picked":["Malaise","Wraith Form v2"],"picked":"Burst","floor":33},{"not_picked":["Caltrops","Draining Mist","Backflip"],"picked":"SKIP","floor":35},{"not_picked":["Cloak And Dagger+1","Slice+1"],"picked":"Dagger Throw","floor":37},{"not_picked":["Dagger Spray","Dagger Throw","Backflip"],"picked":"SKIP","floor":38},{"not_picked":["Slice","Doppelganger"],"picked":"Underhanded Strike+1","floor":39},{"not_picked":["Poisoned Stab","Reflex+1"],"picked":"All Out Attack+1","floor":40},{"not_picked":["All Out Attack","PiercingWail"],"picked":"Hidden Blade+1","floor":44},{"not_picked":["Quick Slash","Toxin Wave"],"picked":"Hidden Blade+1","floor":45},{"not_picked":["Blade Dance","ReplayTheSpireMod:Exploit Weakness","Deadly Poison"],"picked":"SKIP","floor":45},{"not_picked":["Backstab","Hidden Blade+1"],"picked":"ReplayTheSpireMod:Scrap Shanks+1","floor":46},{"not_picked":["Dagger Throw+1","Distraction"],"picked":"Flying Knee+1","floor":47},{"not_picked":["Quick Slash","Wraith Form v2","Bane"],"picked":"SKIP","floor":47},{"not_picked":["Quick Slash+1","Underhanded Strike+1"],"picked":"Outmaneuver+1","floor":48},{"not_picked":["Prepared","Slice+1","Replay:Poison Smokescreen+1"],"picked":"SKIP","floor":48}],"player_experience":419235,"relics_obtained":[{"floor":6,"key":"Ninja Scroll"},{"floor":9,"key":"PreservedInsect"},{"floor":12,"key":"Potion Belt"},{"floor":25,"key":"War Paint"},{"floor":25,"key":"Garlic"},{"floor":26,"key":"Paper Crane"},{"floor":27,"key":"ReplayTheSpireMod:TigerMarble"},{"floor":28,"key":"Bottled Flame"},{"floor":28,"key":"Vajra"},{"floor":30,"key":"Darkstone Periapt"},{"floor":30,"key":"Matryoshka"},{"floor":40,"key":"Prayer Wheel"},{"floor":40,"key":"Replay:Kaleidoscope"},{"floor":43,"key":"Dream Catcher"},{"floor":43,"key":"Bag of Preparation"},{"floor":44,"key":"Sundial"},{"floor":44,"key":"Ornamental Fan"},{"floor":46,"key":"Whetstone"},{"floor":46,"key":"Replay:Baseball"}],"event_choices":[{"damage_healed":0,"gold_gain":0,"player_choice":"Ignored","damage_taken":0,"max_hp_gain":0,"max_hp_loss":0,"event_name":"Golden Idol","floor":8,"gold_loss":0},{"damage_healed":0,"gold_gain":0,"player_choice":"Left Gold","damage_taken":0,"max_hp_gain":0,"max_hp_loss":0,"event_name":"World of Goop","floor":14,"gold_loss":37},{"damage_healed":0,"gold_gain":0,"player_choice":"Inject Mutagens","damage_taken":0,"relics_obtained":["MutagenicStrength"],"max_hp_gain":0,"max_hp_loss":0,"event_name":"Drug Dealer","floor":19,"gold_loss":0},{"damage_healed":0,"gold_gain":0,"player_choice":"Became a Ghost","damage_taken":0,"max_hp_gain":0,"max_hp_loss":35,"event_name":"Ghosts","floor":22,"gold_loss":0,"cards_obtained":["Ghostly","Ghostly","Ghostly","Ghostly","Ghostly"]},{"damage_healed":0,"gold_gain":0,"player_choice":"Relic","damage_taken":0,"max_hp_gain":0,"max_hp_loss":0,"event_name":"Wheel of Change","floor":27,"gold_loss":0},{"cards_removed":["Reflex"],"damage_healed":10,"gold_gain":0,"player_choice":"Offered Uncommon","damage_taken":0,"max_hp_gain":0,"max_hp_loss":0,"event_name":"Bonfire Elementals","floor":36,"gold_loss":0},{"damage_healed":0,"gold_gain":0,"player_choice":"Paid","damage_taken":0,"relics_obtained":["Red Mask"],"max_hp_gain":0,"max_hp_loss":0,"event_name":"Tomb of Lord Red Mask","floor":42,"gold_loss":195}],"is_beta":false,"boss_relics":[{"not_picked":["Replay:Ancient Bell","Abe\u0027s Treasure"],"picked":"Black Star"},{"not_picked":["Tiny House","Painkiller Herb"],"picked":"Cursed Key"}],"items_purged_floors":[],"is_endless":false,"potions_floor_spawned":[2,3,6,12,13,16,18,20,25,28,29,37,38,45,46,48],"killed_by":"Awakened One","ascension_level":5}}