{"host":"7krnriczr1b2ou5r","time":1608606450,"event":{"mods":["BaseMod","Keyboard Shortcuts","Minty Spire (QoL Compilation)","Relic Stats","StSLib","The Dragon Tamer","The Poker Player"],"gold_per_floor":[110,110,129,190,240,280,280,303,303,346,379,400,441,477,477,598,598,616,576,650,56,21,64,64,100,125,161,161,195,235,12,12,137,137,150,200,250,300,413,454,490,533,545,588,45,88,108,0,0,0,0,0,129,162,162],"floor_reached":56,"playtime":2609,"items_purged":["DTMod:TargetDefense","DTMod:Strike","DTMod:TargetDefense+1"],"score":3229,"play_id":"f8798302-651e-4de5-af42-3ddd34b9f8bc","local_time":"20201222120730","is_ascension_mode":true,"metric_token":479,"campfire_choices":[{"floor":7.0,"key":"DIG"},{"floor":15.0,"key":"DIG"},{"floor":24.0,"key":"DIG"},{"floor":28.0,"key":"DIG"},{"floor":32.0,"key":"DIG"},{"floor":49,"key":"RECALL"},{"floor":52,"key":"DIG"}],"dtmod_dragon_data":[50,50,3,3,6,2],"circlet_count":2,"master_deck":["AscendersBane","DTMod:DoubleHit","DTMod:MagiciansMark+1","DTMod:RunningTactic+1","DTMod:Harmonize+1","DTMod:CrossStep+1","DTMod:Multitask+1","DTMod:TriAttack+1","DTMod:TagTeam+1","DTMod:Training+1","DTMod:HeatWave","DTMod:SwitchingTactic+1","DTMod:HeatWave+1","DTMod:TagTeam+1","DTMod:Harmonize+1","DTMod:Threaten+1","DTMod:ComboAttack+1","DTMod:LightShield+1"],"relics":["DTMod:PactStone","Mummified Hand","Bottled Tornado","DTMod:SwitchButton","Shovel","Membership Card","Black Star","The Courier","SsserpentHead","Bag of Preparation","Golden Idol","DTMod:TacticalNote","Calipers","PreservedInsect","Pear","Orichalcum","FossilizedHelix","Bottled Tornado","TungstenRod","Pantograph","Dream Catcher","Lantern","Smiling Mask","InkBottle","Gremlin Horn","DTMod:BasicTextbook","Shuriken","Mango","Omamori","HandDrill","Incense Burner","Toxic Egg 2","Matryoshka","Ornamental Fan","Sundial","Boot","Meat on the Bone","Anchor","Unceasing Top","Art of War","Oddly Smooth Stone","Juzu Bracelet","Happy Flower","Frozen Egg 2","White Beast Statue","Bottled Lightning","Toy Ornithopter","Eternal Feather","Akabeko","Singing Bowl","DTMod:DragonFood","Sling","MealTicket","Kunai","Coffee Dripper","Girya","HornCleat","Mummified Hand","Bag of Preparation","Blue Candle","MawBank","Molten Egg 2","Letter Opener","DTMod:AncientBone","InkBottle","CaptainsWheel","WingedGreaves","Turnip","Torii","Pen Nib","Potion Belt","CeramicFish","Regal Pillow","Ancient Tea Set","Nunchaku","Ginger","Centennial Puzzle","Red Mask","DTMod:SolidMemories","Bag of Marbles","War Paint","Whetstone","DTMod:OddArmor","Blood Vial","Strawberry","Ice Cream","Thread and Needle","Bird Faced Urn","DTMod:BindingString","Du-Vu Doll","StoneCalendar","Pocketwatch","Gambling Chip","Circlet"],"acts_visited":["Exordium","TheCity","TheBeyond","TheEnding"],"potions_floor_usage":[],"damage_taken":[{"damage":0.0,"enemies":"Jaw Worm","floor":1.0,"turns":2.0},{"damage":0.0,"enemies":"Cultist","floor":3.0,"turns":2.0},{"damage":0.0,"enemies":"Small Slimes","floor":4.0,"turns":3.0},{"damage":0.0,"enemies":"Lagavulin","floor":6.0,"turns":3.0},{"damage":0.0,"enemies":"Gremlin Gang","floor":8.0,"turns":2.0},{"damage":0.0,"enemies":"3 Sentries","floor":10.0,"turns":3.0},{"damage":0.0,"enemies":"Gremlin Nob","floor":11.0,"turns":1.0},{"damage":0.0,"enemies":"Blue Slaver","floor":12.0,"turns":2.0},{"damage":0.0,"enemies":"Lagavulin","floor":13.0,"turns":1.0},{"damage":0.0,"enemies":"Gremlin Nob","floor":14.0,"turns":3.0},{"damage":0.0,"enemies":"The Guardian","floor":16.0,"turns":2.0},{"damage":0.0,"enemies":"2 Thieves","floor":18.0,"turns":3.0},{"damage":0.0,"enemies":"Spheric Guardian","floor":20.0,"turns":1.0},{"damage":0.0,"enemies":"Slavers","floor":23.0,"turns":1.0},{"damage":0.0,"enemies":"Book of Stabbing","floor":25.0,"turns":2.0},{"damage":0.0,"enemies":"Gremlin Leader","floor":27.0,"turns":1.0},{"damage":0.0,"enemies":"Book of Stabbing","floor":29.0,"turns":1.0},{"damage":0.0,"enemies":"Gremlin Leader","floor":30.0,"turns":1.0},{"damage":0.0,"enemies":"Automaton","floor":33.0,"turns":2.0},{"damage":0,"enemies":"Orb Walker","floor":35,"turns":1},{"damage":0,"enemies":"Mind Bloom Boss Battle","floor":39,"turns":1},{"damage":0,"enemies":"Giant Head","floor":40,"turns":1},{"damage":0,"enemies":"Nemesis","floor":41,"turns":1},{"damage":0,"enemies":"Reptomancer","floor":42,"turns":1},{"damage":0,"enemies":"Giant Head","floor":44,"turns":1},{"damage":0,"enemies":"Nemesis","floor":46,"turns":1},{"damage":0,"enemies":"Time Eater","floor":50,"turns":3},{"damage":0,"enemies":"Shield and Spear","floor":54,"turns":1},{"damage":0,"enemies":"The Heart","floor":55,"turns":3}],"seed_played":"-4624738758941936535","potions_obtained":[{"floor":3.0,"key":"EssenceOfSteel"},{"floor":8.0,"key":"LiquidBronze"},{"floor":20.0,"key":"GamblersBrew"},{"floor":33.0,"key":"DistilledChaos"},{"floor":46,"key":"LiquidBronze"},{"floor":47,"key":"SpeedPotion"}],"is_trial":false,"path_per_floor":["M","?","M","M","?","E","R","M","T","E","E","M","E","E","R","B",null,"M","?","M","$","?","E","R","E","T","E","R","E","E","$","R","B",null,"M","?","?","?","?","E","E","E","T","E","$","E","?","?","R","B",null,"R","$","E","B",null],"character_chosen":"THE_DT","items_purchased":["Gremlin Horn","DTMod:BasicTextbook","Shuriken","Mango","Omamori","HandDrill","Incense Burner","DTMod:Threaten","Toxic Egg 2","Matryoshka","Ornamental Fan","Sundial","DTMod:DragonFood","Sling","MealTicket","Turnip","Torii","Pen Nib","Potion Belt","CeramicFish","Regal Pillow","Ancient Tea Set","Nunchaku","Bag of Marbles","War Paint","Whetstone","DTMod:OddArmor","Blood Vial","Strawberry","Ice Cream","Thread and Needle","Bird Faced Urn","DTMod:BindingString","Du-Vu Doll","StoneCalendar","Pocketwatch","Gambling Chip"],"campfire_rested":0,"item_purchase_floors":[21,21,21,21,21,21,21,21,21,21,21,21,31,31,31,45,45,45,45,45,45,45,45,53,53,53,53,53,53,53,53,53,53,53,53,53,53],"current_hp_per_floor":[41,41,41,41,38,38,38,38,38,48,48,48,48,48,48,48,48,48,48,48,62,62,62,62,62,62,62,62,62,64,64,64,66,66,68,68,65,67,69,71,73,75,75,77,77,79,79,79,79,79,79,79,86,88,88],"gold":162,"neow_bonus":"THREE_RARE_CARDS","is_daily":false,"chose_seed":false,"campfire_upgraded":0,"win_rate":0.0,"timestamp":1608606450,"path_taken":["M","?","M","?","?","E","R","M","T","E","E","M","E","E","R","BOSS","M","?","?","$","?","E","R","E","T","E","R","E","E","?","R","BOSS","M","?","?","?","?","E","E","E","T","E","?","E","?","?","R","BOSS","R","$","E","BOSS"],"items_purchased_type":["Relic","Relic","Relic","Relic","Relic","Relic","Relic","Card","Relic","Relic","Relic","Relic","Relic","Relic","Relic","Relic","Relic","Relic","Relic","Relic","Relic","Relic","Relic","Relic","Relic","Relic","Relic","Relic","Relic","Relic","Relic","Relic","Relic","Relic","Relic","Relic","Relic"],"build_version":"2020-12-13","purchased_purges":3,"victory":true,"max_hp_per_floor":[41,41,41,41,38,38,38,38,38,48,48,48,48,48,48,48,48,48,48,48,62,62,62,62,62,62,62,62,62,64,64,64,66,66,68,68,65,67,69,71,73,75,75,77,77,79,79,79,79,79,79,79,86,88,88],"relic_stats":{"Gremlin Horn":[10,11],"CeramicFish":0,"Ginger":[3],"Whetstone":["DTMod:HeatWave","DTMod:ComboAttack"],"Boot":[0],"Blood Vial":0,"Centennial Puzzle":[0],"Sundial":[28],"MealTicket":0,"HandDrill":[2],"Kunai":[32],"Happy Flower":[6],"counters":[29,50],"Blue Candle":[0],"Eternal Feather":0,"Pen Nib":[4],"Letter Opener":[95],"War Paint":["DTMod:Threaten","DTMod:TagTeam"],"Shuriken":[42],"Bird Faced Urn":[0],"Black Star":16,"obtain_stats":[{"Ice Cream":53,"Calipers":6,"Gremlin Horn":21,"CeramicFish":45,"Ginger":46,"Whetstone":53,"Bottled Tornado":0,"Boot":22,"Sling":31,"Blood Vial":53,"Centennial Puzzle":46,"DTMod:TacticalNote":6,"HornCleat":40,"DTMod:OddArmor":53,"Sundial":21,"Strawberry":53,"MealTicket":31,"HandDrill":21,"DTMod:BindingString":53,"Kunai":32,"Toxic Egg 2":21,"Girya":39,"Pear":10,"Happy Flower":26,"Blue Candle":41,"Oddly Smooth Stone":25,"Eternal Feather":29,"Pen Nib":45,"Letter Opener":43,"War Paint":53,"Akabeko":30,"Du-Vu Doll":53,"Shuriken":21,"Bird Faced Urn":53,"Molten Egg 2":42,"Black Star":0,"Unceasing Top":24,"Meat on the Bone":23,"Pocketwatch":53,"Lantern":14,"Regal Pillow":45,"Singing Bowl":30,"Torii":45,"DTMod:SolidMemories":52,"DTMod:AncientBone":43,"Mango":21,"StoneCalendar":53,"Bag of Preparation":4,"Incense Burner":21,"Juzu Bracelet":26,"Smiling Mask":15,"Ancient Tea Set":45,"SsserpentHead":2,"Dream Catcher":14,"Nunchaku":45,"Shovel":0,"Matryoshka":21,"Mummified Hand":0,"Pantograph":13,"Gambling Chip":53,"DTMod:DragonFood":31,"WingedGreaves":10,"Red Mask":48,"InkBottle":20,"Potion Belt":45,"Golden Idol":5,"Circlet":54,"Thread and Needle":53,"The Courier":0,"PreservedInsect":7,"Omamori":21,"Orichalcum":10,"Frozen Egg 2":27,"MawBank":42,"White Beast Statue":27,"DTMod:SwitchButton":0,"Anchor":23,"CaptainsWheel":44,"DTMod:PactStone":0,"Ornamental Fan":21,"DTMod:BasicTextbook":21,"Turnip":45,"Art of War":25,"Coffee Dripper":34,"Bag of Marbles":53,"Membership Card":0,"Bottled Lightning":28,"FossilizedHelix":11,"TungstenRod":13,"Toy Ornithopter":29},{"Ice Cream":27,"Calipers":4,"Gremlin Horn":13,"CeramicFish":25,"Ginger":26,"Whetstone":27,"Bottled Tornado":0,"Boot":13,"Sling":18,"Blood Vial":27,"Centennial Puzzle":26,"DTMod:TacticalNote":4,"HornCleat":22,"DTMod:OddArmor":27,"Sundial":13,"Strawberry":27,"MealTicket":18,"HandDrill":13,"DTMod:BindingString":27,"Kunai":18,"Toxic Egg 2":13,"Girya":21,"Pear":6,"Happy Flower":15,"Blue Candle":23,"Oddly Smooth Stone":15,"Eternal Feather":17,"Pen Nib":25,"Letter Opener":24,"War Paint":27,"Akabeko":18,"Du-Vu Doll":27,"Shuriken":13,"Bird Faced Urn":27,"Molten Egg 2":24,"Black Star":0,"Unceasing Top":14,"Meat on the Bone":14,"Pocketwatch":27,"Lantern":10,"Regal Pillow":25,"Singing Bowl":18,"Torii":25,"DTMod:SolidMemories":27,"DTMod:AncientBone":24,"Mango":13,"StoneCalendar":27,"Bag of Preparation":3,"Incense Burner":13,"Juzu Bracelet":15,"Smiling Mask":10,"Ancient Tea Set":25,"SsserpentHead":1,"Dream Catcher":10,"Nunchaku":25,"Shovel":0,"Matryoshka":13,"Mummified Hand":0,"Pantograph":9,"Gambling Chip":27,"DTMod:DragonFood":18,"WingedGreaves":6,"Red Mask":26,"InkBottle":13,"Potion Belt":25,"Golden Idol":3,"Circlet":28,"Thread and Needle":27,"The Courier":0,"PreservedInsect":4,"Omamori":13,"Orichalcum":6,"Frozen Egg 2":16,"MawBank":24,"White Beast Statue":16,"DTMod:SwitchButton":0,"Anchor":14,"CaptainsWheel":25,"DTMod:PactStone":0,"Ornamental Fan":13,"DTMod:BasicTextbook":13,"Turnip":25,"Art of War":15,"Coffee Dripper":19,"Bag of Marbles":27,"Membership Card":0,"Bottled Lightning":16,"FossilizedHelix":7,"TungstenRod":9,"Toy Ornithopter":17},{"Ice Cream":46,"Calipers":10,"Gremlin Horn":28,"CeramicFish":42,"Ginger":43,"Whetstone":46,"Bottled Tornado":0,"Boot":28,"Sling":34,"Blood Vial":46,"Centennial Puzzle":43,"DTMod:TacticalNote":10,"HornCleat":39,"DTMod:OddArmor":46,"Sundial":28,"Strawberry":46,"MealTicket":34,"HandDrill":28,"DTMod:BindingString":46,"Kunai":34,"Toxic Egg 2":28,"Girya":38,"Pear":15,"Happy Flower":31,"Blue Candle":40,"Oddly Smooth Stone":31,"Eternal Feather":33,"Pen Nib":42,"Letter Opener":41,"War Paint":46,"Akabeko":34,"Du-Vu Doll":46,"Shuriken":28,"Bird Faced Urn":46,"Molten Egg 2":41,"Black Star":0,"Unceasing Top":29,"Meat on the Bone":29,"Pocketwatch":46,"Lantern":22,"Regal Pillow":42,"Singing Bowl":34,"Torii":42,"DTMod:SolidMemories":46,"DTMod:AncientBone":41,"Mango":28,"StoneCalendar":46,"Bag of Preparation":7,"Incense Burner":28,"Juzu Bracelet":31,"Smiling Mask":22,"Ancient Tea Set":42,"SsserpentHead":2,"Dream Catcher":22,"Nunchaku":42,"Shovel":0,"Matryoshka":28,"Mummified Hand":0,"Pantograph":19,"Gambling Chip":46,"DTMod:DragonFood":34,"WingedGreaves":15,"Red Mask":43,"InkBottle":28,"Potion Belt":42,"Golden Idol":7,"Circlet":47,"Thread and Needle":46,"The Courier":0,"PreservedInsect":10,"Omamori":28,"Orichalcum":15,"Frozen Egg 2":32,"MawBank":41,"White Beast Statue":32,"DTMod:SwitchButton":0,"Anchor":29,"CaptainsWheel":42,"DTMod:PactStone":0,"Ornamental Fan":28,"DTMod:BasicTextbook":28,"Turnip":42,"Art of War":31,"Coffee Dripper":36,"Bag of Marbles":46,"Membership Card":0,"Bottled Lightning":32,"FossilizedHelix":16,"TungstenRod":19,"Toy Ornithopter":33}],"Unceasing Top":[0],"Meat on the Bone":0,"Pocketwatch":[0],"Regal Pillow":0,"Singing Bowl":22,"Torii":0,"StoneCalendar":[0],"Bag of Preparation":[59],"Juzu Bracelet":2,"Smiling Mask":-30,"SsserpentHead":650,"Dream Catcher":0,"Nunchaku":[4],"Shovel":6,"Mummified Hand":[126],"Pantograph":0,"Gambling Chip":[0],"InkBottle":[46],"Golden Idol":257,"PreservedInsect":822,"Orichalcum":[12],"MawBank":36,"Ornamental Fan":[168],"Turnip":[2],"Art of War":[0],"TungstenRod":0,"Toy Ornithopter":0},"card_choices":[{"not_picked":["DTMod:Weaken","DTMod:BlueScale"],"picked":"DTMod:HeatWave","floor":1.0},{"not_picked":["DTMod:StarRain","DTMod:BurningEnergy","DTMod:Training"],"picked":"SKIP","floor":3.0},{"not_picked":["DTMod:BurningEnergy","DTMod:TauntingStrike"],"picked":"DTMod:HeatWave","floor":4.0},{"not_picked":["DTMod:MagiciansMark","DTMod:Adaptation","DTMod:Training"],"picked":"SKIP","floor":6.0},{"not_picked":["DTMod:HeatWave","DTMod:BizarreTactic"],"picked":"DTMod:TagTeam","floor":8.0},{"not_picked":["DTMod:RepeatStrike","DTMod:Coolant","DTMod:BurningEnergy"],"picked":"SKIP","floor":10.0},{"not_picked":["DTMod:Cover","DTMod:Training","DTMod:MagicField"],"picked":"SKIP","floor":11.0},{"not_picked":["DTMod:MasterPlan","DTMod:Dissolve","DTMod:Threaten"],"picked":"SKIP","floor":12.0},{"not_picked":["DTMod:Training","DTMod:Coolant","DTMod:Prediction"],"picked":"SKIP","floor":13.0},{"not_picked":["DTMod:BurningEnergy","DTMod:BalancedStrike","DTMod:BurningForce"],"picked":"SKIP","floor":14.0},{"not_picked":["DTMod:Astonish","DTMod:Weaken","DTMod:FlameSlash"],"picked":"SKIP","floor":18.0},{"not_picked":["DTMod:BreakAttack+1","DTMod:QuickFly","DTMod:BlazingStrike"],"picked":"SKIP","floor":20.0},{"not_picked":["DTMod:GearUp+1","DTMod:Observe+1","DTMod:BuildUp"],"picked":"SKIP","floor":23.0},{"not_picked":["DTMod:Overwhelm+1","DTMod:Feint+1","DTMod:GhostSkin+1"],"picked":"SKIP","floor":25.0},{"not_picked":["DTMod:Hide+1","DTMod:RecklessFlurry"],"picked":"DTMod:ComboAttack","floor":27.0},{"not_picked":["DTMod:MasterPlan+1","DTMod:ForkedFire","DTMod:BlazingStrike+1"],"picked":"SKIP","floor":29.0},{"not_picked":["DTMod:MagicField+1","DTMod:ForkedFire","DTMod:Cover+1"],"picked":"Singing Bowl","floor":30.0},{"not_picked":["DTMod:Safeguard+1","DTMod:OpeningTactic","DTMod:FierySynthesis"],"picked":"Singing Bowl","floor":33.0},{"not_picked":["DTMod:Threaten+1","DTMod:PurifyingFlame","DTMod:CleansingStrike"],"picked":"Singing Bowl","floor":35},{"not_picked":["Apotheosis+1","Panacea+1","Metamorphosis+1"],"picked":"Singing Bowl","floor":38},{"not_picked":["DTMod:HeatWave","DTMod:Training+1","DTMod:BreakAttack+1"],"picked":"Singing Bowl","floor":39},{"not_picked":["DTMod:PurifyingFlame","DTMod:TagTeam+1","DTMod:BizarreTactic+1"],"picked":"Singing Bowl","floor":40},{"not_picked":["DTMod:HeatWave","DTMod:BlazingStrike","DTMod:Threaten+1"],"picked":"Singing Bowl","floor":41},{"not_picked":["DTMod:BalancedStrike+1","DTMod:Punisher+1","DTMod:RunningTactic+1"],"picked":"Singing Bowl","floor":42},{"not_picked":["DTMod:MaximumCharge+1","DTMod:DarkBreath+1","DTMod:RunningTactic+1"],"picked":"Singing Bowl","floor":44},{"not_picked":["DTMod:Training+1","DTMod:Threaten+1","DTMod:Safeguard+1"],"picked":"Singing Bowl","floor":46},{"not_picked":["DTMod:LastStand+1","DTMod:PurifyingFlame+1","DTMod:QuickFly+1"],"picked":"Singing Bowl","floor":54}],"player_experience":1128615,"relics_obtained":[{"floor":6.0,"key":"DTMod:TacticalNote"},{"floor":6.0,"key":"Calipers"},{"floor":7.0,"key":"PreservedInsect"},{"floor":10.0,"key":"Pear"},{"floor":10.0,"key":"Orichalcum"},{"floor":11.0,"key":"FossilizedHelix"},{"floor":11.0,"key":"Bottled Tornado"},{"floor":13.0,"key":"TungstenRod"},{"floor":13.0,"key":"Pantograph"},{"floor":14.0,"key":"Dream Catcher"},{"floor":14.0,"key":"Lantern"},{"floor":15.0,"key":"Smiling Mask"},{"floor":23.0,"key":"Meat on the Bone"},{"floor":23.0,"key":"Anchor"},{"floor":24.0,"key":"Unceasing Top"},{"floor":25.0,"key":"Art of War"},{"floor":25.0,"key":"Oddly Smooth Stone"},{"floor":26.0,"key":"Juzu Bracelet"},{"floor":26.0,"key":"Happy Flower"},{"floor":27.0,"key":"Frozen Egg 2"},{"floor":27.0,"key":"White Beast Statue"},{"floor":28.0,"key":"Bottled Lightning"},{"floor":29.0,"key":"Toy Ornithopter"},{"floor":29.0,"key":"Eternal Feather"},{"floor":30.0,"key":"Akabeko"},{"floor":30.0,"key":"Singing Bowl"},{"floor":32.0,"key":"Kunai"},{"floor":39,"key":"Girya"},{"floor":40,"key":"HornCleat"},{"floor":40,"key":"Mummified Hand"},{"floor":41,"key":"Bag of Preparation"},{"floor":41,"key":"Blue Candle"},{"floor":42,"key":"MawBank"},{"floor":42,"key":"Molten Egg 2"},{"floor":43,"key":"Letter Opener"},{"floor":43,"key":"DTMod:AncientBone"},{"floor":44,"key":"InkBottle"},{"floor":44,"key":"CaptainsWheel"},{"floor":46,"key":"Ginger"},{"floor":46,"key":"Centennial Puzzle"},{"floor":52,"key":"DTMod:SolidMemories"},{"floor":54,"key":"Circlet"},{"floor":54,"key":"Circlet"}],"event_choices":[{"damage_healed":0.0,"max_hp_gain":0.0,"max_hp_loss":0.0,"gold_gain":0.0,"event_name":"FaceTrader","player_choice":"Trade","floor":2.0,"gold_loss":0.0,"damage_taken":0.0,"relics_obtained":["SsserpentHead"]},{"damage_healed":0.0,"max_hp_gain":0.0,"max_hp_loss":3.0,"gold_gain":0.0,"event_name":"Golden Idol","player_choice":"Lose Max HP","floor":5.0,"gold_loss":0.0,"damage_taken":0.0,"relics_obtained":["Golden Idol"]},{"cards_removed":["DTMod:Strike"],"damage_healed":0.0,"max_hp_gain":0.0,"max_hp_loss":0.0,"gold_gain":0.0,"event_name":"Designer","player_choice":"Upgrade and Remove","floor":19.0,"gold_loss":90.0,"damage_taken":0.0,"cards_upgraded":["DTMod:TargetDefense"]},{"damage_healed":0.0,"max_hp_gain":0.0,"max_hp_loss":0.0,"gold_gain":0.0,"event_name":"Addict","player_choice":"Obtained Relic","floor":22.0,"gold_loss":85.0,"damage_taken":0.0,"relics_obtained":["Boot"]},{"cards_removed":["DTMod:LightShield"],"damage_healed":0,"gold_gain":0,"player_choice":"Removed Skill","damage_taken":0,"max_hp_gain":0,"max_hp_loss":0,"event_name":"Falling","floor":36,"gold_loss":0},{"damage_healed":0,"gold_gain":0,"player_choice":"Max HP","damage_taken":0,"max_hp_gain":0,"max_hp_loss":3,"event_name":"Winding Halls","floor":37,"gold_loss":0},{"damage_healed":0,"gold_gain":0,"player_choice":"Memory 1","damage_taken":0,"max_hp_gain":0,"max_hp_loss":0,"event_name":"SensoryStone","floor":38,"gold_loss":0},{"damage_healed":0,"gold_gain":0,"player_choice":"Fight","damage_taken":0,"max_hp_gain":0,"max_hp_loss":0,"event_name":"MindBloom","floor":39,"gold_loss":0},{"damage_healed":0,"gold_gain":0,"player_choice":"Bought 2 Potions","damage_taken":0,"max_hp_gain":0,"max_hp_loss":0,"event_name":"The Woman in Blue","floor":47,"gold_loss":0},{"damage_healed":0,"gold_gain":0,"player_choice":"Paid","damage_taken":0,"relics_obtained":["Red Mask"],"max_hp_gain":0,"max_hp_loss":0,"event_name":"Tomb of Lord Red Mask","floor":48,"gold_loss":158}],"is_beta":false,"boss_relics":[{"not_picked":["Cursed Key","Astrolabe","Snecko Eye"]},{"not_picked":["Sozu","Pandora\u0027s Box"],"picked":"Coffee Dripper"}],"items_purged_floors":[21,31,53],"is_endless":false,"potions_floor_spawned":[3,8,13,14,16,20,25,29,30,33,35,39,40,41,42,44,46,54],"ascension_level":12}}