{"host":"lh9qfzqeqctr28d2","time":1608611784,"event":{"mods":["BaseMod","Minty Spire (QoL Compilation)","Quick Restart","Relic Stats","StSLib"],"gold_per_floor":[119,294,311,311,90,116,127,27,78,78,141,153,163,188,188,288,288,288,163,182,182,196,225,225,225,225,225,235,235,150,221,221,321,321,340,356,368,368,438,438,438],"floor_reached":40,"playtime":3102,"items_purged":["Regret","Doubt","Strike_G"],"score":487,"play_id":"320fcf5e-1d00-4be7-b8cb-317dd9da5511","local_time":"20201222123624","is_ascension_mode":true,"campfire_choices":[{"data":"Neutralize","floor":10.0,"key":"SMITH"},{"floor":15,"key":"REST"},{"floor":25,"key":"REST"},{"data":"Catalyst","floor":27,"key":"SMITH"},{"floor":32,"key":"REST"}],"circlet_count":0,"master_deck":["Strike_G","Strike_G","Strike_G","Strike_G","Defend_G","Defend_G","Defend_G","Defend_G","Defend_G","Survivor","Neutralize+1","Noxious Fumes","Bane","Poisoned Stab","Concentrate","Crippling Poison","CurseOfTheBell","Bane","Catalyst+1","Slice+1","Deadly Poison+1","Envenom","Poisoned Stab+1","Bouncing Flask+1"],"relics":["Ring of the Snake","NeowsBlessing","Tiny Chest","Orichalcum","Mercury Hourglass","Dream Catcher","TungstenRod","Boot","Calling Bell","Blood Vial","Question Card","FossilizedHelix","Mango","Torii","Bottled Tornado","White Beast Statue","Du-Vu Doll","Gremlin Horn","Sozu","Mummified Hand"],"acts_visited":["Exordium","TheCity","TheBeyond"],"potions_floor_usage":[20,22,23],"damage_taken":[{"damage":0.0,"enemies":"Small Slimes","floor":1.0,"turns":1.0},{"damage":0.0,"enemies":"Jaw Worm","floor":3.0,"turns":1.0},{"damage":0.0,"enemies":"3 Sentries","floor":6.0,"turns":1.0},{"damage":0.0,"enemies":"2 Louse","floor":7.0,"turns":2.0},{"damage":23.0,"enemies":"Lagavulin Event","floor":11.0,"turns":7.0},{"damage":2,"enemies":"Looter","floor":12,"turns":3},{"damage":0,"enemies":"Large Slime","floor":13,"turns":4},{"damage":7,"enemies":"Gremlin Nob","floor":14,"turns":4},{"damage":18,"enemies":"Slime Boss","floor":16,"turns":9},{"damage":0,"enemies":"3 Byrds","floor":18,"turns":3},{"damage":6,"enemies":"Spheric Guardian","floor":20,"turns":4},{"damage":0,"enemies":"Snecko","floor":22,"turns":5},{"damage":51,"enemies":"Slavers","floor":23,"turns":5},{"damage":21,"enemies":"Shelled Parasite and Fungi","floor":28,"turns":5},{"damage":61,"enemies":"Champ","floor":33,"turns":12},{"damage":25,"enemies":"3 Darklings","floor":35,"turns":5},{"damage":7,"enemies":"3 Shapes","floor":36,"turns":3},{"damage":43,"enemies":"Spire Growth","floor":37,"turns":5},{"damage":15,"enemies":"Giant Head","floor":40,"turns":5}],"seed_played":"-2586932597098601128","potions_obtained":[{"floor":1.0,"key":"EssenceOfSteel"},{"floor":6.0,"key":"ColorlessPotion"},{"floor":11.0,"key":"GamblersBrew"},{"floor":13,"key":"SmokeBomb"},{"floor":14,"key":"Poison Potion"},{"floor":22,"key":"GamblersBrew"},{"floor":33,"key":"Swift Potion"}],"is_trial":false,"path_per_floor":["M","?","M","?","$","E","M","$","T","R","?","M","M","E","R","B",null,"M","$","M","?","M","E","?","R","T","R","M","T","?","T","R","B",null,"M","M","M","?","T","E"],"character_chosen":"THE_SILENT","items_purchased":["Orichalcum"],"campfire_rested":3,"item_purchase_floors":[5],"current_hp_per_floor":[70,70,70,70,70,70,70,70,70,70,47,45,45,38,59,41,70,70,70,64,78,80,31,31,56,56,56,37,37,37,37,62,3,84,59,54,13,13,13,0,0],"gold":438,"neow_bonus":"THREE_ENEMY_KILL","is_daily":false,"chose_seed":false,"campfire_upgraded":2,"win_rate":0.0,"timestamp":1608611784,"path_taken":["M","?","M","?","$","E","M","$","T","R","?","M","M","E","R","BOSS","M","$","M","?","M","E","?","R","T","R","M","?","?","?","R","BOSS","M","M","M","?","?","E"],"items_purchased_type":["Relic"],"build_version":"2020-12-13","purchased_purges":3,"victory":false,"max_hp_per_floor":[70,70,70,70,70,70,70,70,70,70,70,70,70,70,70,70,70,70,70,70,84,84,84,84,84,84,84,84,84,84,84,84,84,84,84,84,84,84,84,84,84],"relic_stats":{"Torii":14,"Gremlin Horn":[3,3],"counters":[19,81],"Orichalcum":[228],"Boot":[28],"Question Card":11,"Mercury Hourglass":[329],"Blood Vial":14,"Sozu":3,"Dream Catcher":3,"Mummified Hand":[2],"Tiny Chest":2,"obtain_stats":[{"NeowsBlessing":0,"Torii":23,"Gremlin Horn":31,"Mango":21,"Orichalcum":5,"Bottled Tornado":26,"Boot":14,"Question Card":17,"White Beast Statue":29,"Mercury Hourglass":6,"Calling Bell":17,"Blood Vial":17,"Du-Vu Doll":30,"Sozu":34,"Dream Catcher":9,"Mummified Hand":39,"Tiny Chest":4,"TungstenRod":11,"FossilizedHelix":17,"Ring of the Snake":0},{"NeowsBlessing":0,"Torii":13,"Gremlin Horn":14,"Mango":11,"Orichalcum":2,"Bottled Tornado":13,"Boot":8,"Question Card":9,"White Beast Statue":14,"Mercury Hourglass":3,"Calling Bell":9,"Blood Vial":9,"Du-Vu Doll":14,"Sozu":15,"Dream Catcher":4,"Mummified Hand":18,"Tiny Chest":2,"TungstenRod":5,"FossilizedHelix":9,"Ring of the Snake":0},{"NeowsBlessing":0,"Torii":47,"Gremlin Horn":52,"Mango":37,"Orichalcum":2,"Bottled Tornado":47,"Boot":22,"Question Card":30,"White Beast Statue":52,"Mercury Hourglass":3,"Calling Bell":30,"Blood Vial":30,"Du-Vu Doll":52,"Sozu":64,"Dream Catcher":5,"Mummified Hand":76,"Tiny Chest":2,"TungstenRod":12,"FossilizedHelix":30,"Ring of the Snake":0}],"TungstenRod":39,"Ring of the Snake":[38]},"card_choices":[{"not_picked":["Underhanded Strike","Deflect"],"picked":"Noxious Fumes","floor":1.0},{"not_picked":["Underhanded Strike","Masterful Stab"],"picked":"Bane","floor":3.0},{"not_picked":["Acrobatics","Riddle With Holes","Sucker Punch"],"picked":"SKIP","floor":6.0},{"not_picked":["Footwork","All Out Attack"],"picked":"Poisoned Stab","floor":7.0},{"not_picked":["Cloak And Dagger","Outmaneuver"],"picked":"Concentrate","floor":11.0},{"not_picked":["Sucker Punch","Underhanded Strike","Distraction"],"picked":"SKIP","floor":12},{"not_picked":["Cloak And Dagger","Endless Agony","Blade Dance"],"picked":"SKIP","floor":13},{"not_picked":["Wraith Form v2","Dagger Spray"],"picked":"Crippling Poison","floor":14},{"not_picked":["Blur","Footwork","Flechettes"],"picked":"Bane","floor":18},{"not_picked":["Deflect","Riddle With Holes","Prepared"],"picked":"Catalyst","floor":20},{"not_picked":["Acrobatics","Blade Dance","Quick Slash","Footwork"],"picked":"SKIP","floor":22},{"not_picked":["Dagger Spray+1","Masterful Stab+1","Calculated Gamble","Caltrops+1"],"picked":"SKIP","floor":23},{"not_picked":["Accuracy","Footwork","Infinite Blades"],"picked":"Slice+1","floor":25},{"not_picked":["Predator+1","Poisoned Stab","Quick Slash","Masterful Stab+1"],"picked":"SKIP","floor":28},{"not_picked":["Acrobatics+1","Blade Dance","Terror+1"],"picked":"Deadly Poison+1","floor":32},{"not_picked":["Wraith Form v2","A Thousand Cuts","Phantasmal Killer"],"picked":"Envenom","floor":33},{"not_picked":["Cloak And Dagger+1","Slice+1","Footwork+1"],"picked":"Poisoned Stab+1","floor":35},{"not_picked":["Acrobatics","Prepared","Dagger Throw+1"],"picked":"Bouncing Flask+1","floor":36},{"not_picked":["Endless Agony+1","Dagger Throw+1","Expertise","Slice+1"],"picked":"SKIP","floor":37}],"player_experience":257988,"relics_obtained":[{"floor":6.0,"key":"Mercury Hourglass"},{"floor":9.0,"key":"Dream Catcher"},{"floor":11.0,"key":"TungstenRod"},{"floor":14,"key":"Boot"},{"floor":17,"key":"Blood Vial"},{"floor":17,"key":"Question Card"},{"floor":17,"key":"FossilizedHelix"},{"floor":23,"key":"Torii"},{"floor":26,"key":"Bottled Tornado"},{"floor":29,"key":"White Beast Statue"},{"floor":31,"key":"Gremlin Horn"},{"floor":39,"key":"Mummified Hand"}],"event_choices":[{"damage_healed":0.0,"max_hp_gain":0.0,"max_hp_loss":0.0,"gold_gain":175.0,"event_name":"Liars Game","player_choice":"AGREE","floor":2.0,"gold_loss":0.0,"damage_taken":0.0,"cards_obtained":["Doubt"]},{"damage_healed":0.0,"max_hp_gain":0.0,"max_hp_loss":0.0,"gold_gain":0.0,"event_name":"Big Fish","player_choice":"Box","floor":4.0,"gold_loss":0.0,"damage_taken":0.0,"relics_obtained":["Tiny Chest"],"cards_obtained":["Regret"]},{"damage_healed":0.0,"max_hp_gain":0.0,"max_hp_loss":0.0,"gold_gain":0.0,"event_name":"Dead Adventurer","player_choice":"Searched \u00271\u0027 times","floor":11.0,"gold_loss":0.0,"damage_taken":0.0},{"damage_healed":0,"gold_gain":0,"player_choice":"Opened","damage_taken":0,"relics_obtained":["Mango"],"max_hp_gain":0,"max_hp_loss":0,"event_name":"The Mausoleum","floor":21,"gold_loss":0,"cards_obtained":["Writhe"]},{"cards_removed":["Writhe"],"damage_healed":0,"gold_gain":0,"player_choice":"Elegance","damage_taken":0,"max_hp_gain":0,"max_hp_loss":0,"event_name":"Back to Basics","floor":24,"gold_loss":0},{"damage_healed":0,"gold_gain":0,"player_choice":"Obtained Relic","damage_taken":0,"relics_obtained":["Du-Vu Doll"],"max_hp_gain":0,"max_hp_loss":0,"event_name":"Addict","floor":30,"gold_loss":85},{"damage_healed":0,"gold_gain":0,"player_choice":"Got Potions","damage_taken":0,"max_hp_gain":0,"max_hp_loss":0,"event_name":"Lab","floor":38,"gold_loss":0}],"is_beta":false,"boss_relics":[{"not_picked":["SlaversCollar","Velvet Choker"],"picked":"Calling Bell"},{"not_picked":["SacredBark","Cursed Key"],"picked":"Sozu"}],"items_purged_floors":[5,8,19],"is_endless":false,"potions_floor_spawned":[1,6,11,13,14,22,33,35,36,37],"killed_by":"Giant Head","ascension_level":1}}