{"host":"hjw1ay65n7jm40lc","time":1608598132,"event":{"mods":["AchievementEnabler","BaseMod","Block Reminder","Colored Map","Colored Powertips","Downfall","Googly Eyes","Highlight Path","Minty Spire (QoL Compilation)","Quick Restart","Relic Stats","StSLib"],"gold_per_floor":[199,199,199,199,55,75,75,0,300,300,313,85,85,99,113,210,210,210,237,237,2,102,121,121,121,136,167,167,167,117,128,147,250,250,250,260,260,280,307,307,307,323,348,273,285,435,449,90,103,103],"floor_reached":51,"playtime":8261,"items_purged":["Slimebound:Icky","Slimebound:Icky"],"score":908,"play_id":"b2fefa15-5833-4ef5-b7fa-8cbab8fc62b7","local_time":"20201221194852","is_ascension_mode":false,"campfire_choices":[{"data":"hexamod:Float","floor":1.0,"key":"SMITH"},{"floor":3.0,"key":"RECALL"},{"data":"hexamod:GhostOfSpirePresent","floor":8.0,"key":"SMITH"},{"data":"hexamod:BacktrackSmack","floor":10.0,"key":"SMITH"},{"data":"hexamod:Incineration","floor":18.0,"key":"SMITH"},{"data":"hexamod:EmpoweringStance","floor":25,"key":"SMITH"},{"data":"hexamod:GhostflameInferno","floor":35,"key":"SMITH"},{"data":"hexamod:GhostOfSpirePast","floor":37,"key":"SMITH"},{"data":"hexamod:Strike","floor":44,"key":"PURGE"}],"circlet_count":0,"master_deck":["hexamod:Strike","hexamod:Strike","hexamod:Strike","hexamod:Defend","hexamod:Defend","hexamod:Defend","hexamod:Defend","hexamod:Sear","hexamod:Float+1","hexamod:HauntingEcho","hexamod:SpectersWail","hexamod:GhostOfSpirePresent+1","hexamod:BacktrackSmack+1","hexamod:Incineration+1","hexamod:CrushingStance","hexamod:HeatShield","hexamod:AdvancingGuard","hexamod:WildfireWeapon","hexamod:EmpoweringStance+1","hexamod:GhostOfSpirePast+1","hexamod:PhantomCloak","hexamod:FirstSeal","hexamod:Again+1","hexamod:GhostflameInferno+1","hexamod:Rewind+1","hexamod:StepThrough+1","hexamod:HexaLevel","Sadistic Nature"],"relics":["hexamod:SpiritBrand","downfall:ShatteredFragment","Question Card","downfall:HeartBlessingRed","Coffee Dripper","Lizard Tail","downfall:RedIOU","Membership Card","Peace Pipe","Kunai","FossilizedHelix","Shuriken","Cursed Key","Ice Cream","Bird Faced Urn","downfall:HeartBlessingGreen","ClockworkSouvenir","Bottled Lightning","OrangePellets","Anchor","InkBottle"],"acts_visited":["Exordium","TheCity","TheBeyond"],"potions_floor_usage":[33,43,50],"damage_taken":[{"damage":0.0,"enemies":"downfall:FleeingMerchant","floor":5.0,"turns":4.0},{"damage":0.0,"enemies":"2 Louse","floor":6.0,"turns":3.0},{"damage":0.0,"enemies":"Jaw Worm","floor":11.0,"turns":2.0},{"damage":4.0,"enemies":"downfall:FleeingMerchant","floor":12.0,"turns":4.0},{"damage":0.0,"enemies":"Small Slimes","floor":14.0,"turns":1.0},{"damage":0.0,"enemies":"2 Fungi Beasts","floor":15.0,"turns":2.0},{"damage":6.0,"enemies":"downfall:Ironclad","floor":16.0,"turns":6.0},{"damage":16.0,"enemies":"Book of Stabbing","floor":19.0,"turns":4.0},{"damage":9.0,"enemies":"downfall:FleeingMerchant","floor":21.0,"turns":4.0},{"damage":5,"enemies":"downfall:Watcher","floor":22,"turns":6},{"damage":0,"enemies":"Spheric Guardian","floor":23,"turns":3},{"damage":0,"enemies":"Chosen","floor":26,"turns":4},{"damage":6,"enemies":"Slavers","floor":27,"turns":6},{"damage":0,"enemies":"Centurion and Healer","floor":31,"turns":5},{"damage":7,"enemies":"Snake Plant","floor":32,"turns":3},{"damage":2,"enemies":"downfall:Silent","floor":33,"turns":6},{"damage":0,"enemies":"Orb Walker","floor":36,"turns":3},{"damage":0,"enemies":"3 Shapes","floor":38,"turns":3},{"damage":0,"enemies":"Reptomancer","floor":39,"turns":7},{"damage":0,"enemies":"Transient","floor":42,"turns":5},{"damage":0,"enemies":"Nemesis","floor":43,"turns":5},{"damage":15,"enemies":"3 Darklings","floor":45,"turns":5},{"damage":0,"enemies":"downfall:FleeingMerchant","floor":46,"turns":2},{"damage":0,"enemies":"Jaw Worm Horde","floor":47,"turns":3},{"damage":0,"enemies":"Transient","floor":49,"turns":5},{"damage":0,"enemies":"downfall:Watcher","floor":50,"turns":4}],"seed_played":"1218914694533926461","potions_obtained":[{"floor":6.0,"key":"hexamod:InfernoChargePotion"},{"floor":14.0,"key":"LiquidBronze"},{"floor":22,"key":"hexamod:DoubleChargePotion"},{"floor":26,"key":"PowerPotion"},{"floor":27,"key":"BlessingOfTheForge"},{"floor":39,"key":"Guardian:BlockOnCardUsePotion"},{"floor":45,"key":"Fire Potion"},{"floor":47,"key":"champ:CounterPotion"}],"is_trial":false,"path_per_floor":["R","?","R","T","$","M","T","R","?","R","M","$","?","M","M","B",null,"R","E","?","$","?","M","T","R","M","E","?","?","?","M","M","B",null,"R","M","R","M","E","?","T","M","E","R","M","$","M","$","M","B",null],"character_chosen":"THE_SPIRIT","items_purchased":["hexamod:SpectersWail","hexamod:GhostOfSpirePresent","hexamod:CrushingStance","Membership Card","Block Potion","ClockworkSouvenir","Bottled Lightning","OrangePellets","Anchor","Sadistic Nature","InkBottle"],"campfire_rested":0,"item_purchase_floors":[5,5,12,21,21,46,46,48,48,48,48],"current_hp_per_floor":[70,49,49,49,49,49,49,49,61,61,61,57,57,57,57,51,82,82,66,66,57,52,52,52,52,52,46,46,39,70,77,77,82,82,82,82,82,82,82,82,82,82,82,82,82,82,82,82,82,82],"gold":103,"neow_bonus":"HUNDRED_GOLD","is_daily":false,"chose_seed":false,"campfire_upgraded":7,"win_rate":0.0,"timestamp":1608598132,"path_taken":["R","?","R","?","$","M","T","R","?","R","?","$","?","M","M","BOSS","R","E","?","$","?","M","T","R","M","E","?","?","?","?","M","BOSS","R","M","R","M","E","?","T","M","E","R","M","$","M","$","M","BOSS"],"items_purchased_type":["Card","Card","Card","Relic","Potion","Relic","Relic","Relic","Relic","Card","Relic"],"build_version":"2020-12-13","purchased_purges":2,"victory":true,"max_hp_per_floor":[70,70,70,70,70,70,70,70,82,82,82,82,82,82,82,82,82,82,82,82,82,82,82,82,82,82,82,82,82,82,82,82,82,82,82,82,82,82,82,82,82,82,82,82,82,82,82,82,82,82],"relic_stats":{"Peace Pipe":1,"OrangePellets":[0],"Lizard Tail":0,"counters":[26,105],"Shuriken":[31],"Bird Faced Urn":[8],"Kunai":[37],"Question Card":23,"Cursed Key":0,"obtain_stats":[{"Darkstone Periapt":4,"Ice Cream":39,"downfall:ShatteredFragment":2,"downfall:HeartBlessingRed":8,"downfall:HeartBlessingGreen":44,"Question Card":7,"Cursed Key":34,"ClockworkSouvenir":46,"Peace Pipe":22,"OrangePellets":48,"Lizard Tail":19,"Anchor":48,"Shuriken":27,"Bird Faced Urn":43,"downfall:RedIOU":20,"Coffee Dripper":17,"Membership Card":21,"Kunai":22,"Bottled Lightning":46,"hexamod:SpiritBrand":0,"FossilizedHelix":24,"InkBottle":48},{"Darkstone Periapt":0,"Ice Cream":19,"downfall:ShatteredFragment":0,"downfall:HeartBlessingRed":2,"downfall:HeartBlessingGreen":21,"Question Card":2,"Cursed Key":16,"ClockworkSouvenir":23,"Peace Pipe":10,"OrangePellets":24,"Lizard Tail":8,"Anchor":24,"Shuriken":13,"Bird Faced Urn":21,"downfall:RedIOU":8,"Coffee Dripper":7,"Membership Card":9,"Kunai":10,"Bottled Lightning":23,"hexamod:SpiritBrand":0,"FossilizedHelix":11,"InkBottle":24},{"Darkstone Periapt":0,"Ice Cream":76,"downfall:ShatteredFragment":0,"downfall:HeartBlessingRed":7,"downfall:HeartBlessingGreen":86,"Question Card":7,"Cursed Key":63,"ClockworkSouvenir":93,"Peace Pipe":36,"OrangePellets":96,"Lizard Tail":26,"Anchor":96,"Shuriken":49,"Bird Faced Urn":86,"downfall:RedIOU":26,"Coffee Dripper":22,"Membership Card":30,"Kunai":36,"Bottled Lightning":93,"hexamod:SpiritBrand":0,"FossilizedHelix":39,"InkBottle":96}],"InkBottle":[5]},"card_choices":[{"not_picked":["hexamod:SecondSeal","hexamod:RecurringNightmare"],"picked":"hexamod:HauntingEcho","floor":5.0},{"not_picked":["hexamod:Hexaguard","hexamod:HauntingEcho"],"picked":"hexamod:BacktrackSmack","floor":6.0},{"not_picked":["hexamod:InspiringFlames","hexamod:RecurringNightmare","hexamod:RainOfEmbers","hexamod:SpectralAdrenaline"],"picked":"SKIP","floor":11.0},{"not_picked":["hexamod:ChargedBarrage","hexamod:RadiantFlame","hexamod:ShieldOfDarkness"],"picked":"hexamod:Incineration","floor":12.0},{"not_picked":["hexamod:SpectersWail","hexamod:NightmareStrike","hexamod:BurningTouch"],"picked":"hexamod:HeatShield","floor":14.0},{"not_picked":["hexamod:HauntingEcho","hexamod:SpectersWail","hexamod:PhantomFireball"],"picked":"hexamod:AdvancingGuard","floor":15.0},{"not_picked":["hexamod:SearingWound","hexamod:GhostflameInferno","hexamod:TurnItUp"],"picked":"hexamod:WildfireWeapon","floor":16.0},{"not_picked":["hexamod:HauntingEcho","hexamod:Rewind+1","hexamod:ExtraCrispy"],"picked":"hexamod:EmpoweringStance","floor":19.0},{"not_picked":["hexamod:HauntingEcho","hexamod:VolcanoVisage","hexamod:ThermalTransfer"],"picked":"hexamod:GhostOfSpirePast","floor":21.0},{"not_picked":["hexamod:Firestarter","hexamod:HauntingEcho+1","hexamod:NecessarySacrifice"],"picked":"hexamod:PhantomCloak","floor":22},{"not_picked":["hexamod:FourthSeal","hexamod:NightmareGuise","hexamod:EmpoweredFlame+1","hexamod:FastForward"],"picked":"SKIP","floor":23},{"not_picked":["hexamod:Rewind","hexamod:GhostOfSpirePresent","hexamod:ThermalTransfer","hexamod:GhostLash"],"picked":"SKIP","floor":26},{"not_picked":["hexamod:NightmareGuise","hexamod:GhostLash","hexamod:SpectersWail","hexamod:NightmareStrike"],"picked":"SKIP","floor":27},{"not_picked":["hexamod:GhostOfSpirePresent","hexamod:HeatMetal+1","hexamod:Hexaguard"],"picked":"hexamod:Again+1","floor":31},{"not_picked":["hexamod:SpectersWail","hexamod:Firestarter+1","hexamod:BurningTouch"],"picked":"hexamod:GhostflameInferno","floor":32},{"not_picked":["hexamod:GhostLash","hexamod:GhostOfSpirePresent+1","hexamod:ShieldOfDarkness+1"],"picked":"hexamod:Rewind+1","floor":36},{"not_picked":["hexamod:ThermalTransfer","hexamod:Incineration","hexamod:BacktrackSmack+1","hexamod:InspiringFlames+1"],"picked":"SKIP","floor":38},{"not_picked":["hexamod:AdvancingGuard","hexamod:GhostLash+1","hexamod:RainOfEmbers","hexamod:ExtraCrispy+1"],"picked":"SKIP","floor":39},{"not_picked":["hexamod:GhostOfSpireFuture","hexamod:ThermalTransfer+1","hexamod:Firestarter","hexamod:EmpoweredFlame+1"],"picked":"SKIP","floor":42},{"not_picked":["hexamod:GhostShield","hexamod:PhantomFireball","hexamod:InspiringFlames","hexamod:SixthSeal"],"picked":"SKIP","floor":43},{"not_picked":["hexamod:InspiringFlames","hexamod:ThermalTransfer","hexamod:GhostflameBarrier"],"picked":"hexamod:StepThrough+1","floor":45},{"not_picked":["hexamod:Hexaguard","hexamod:SwordOfDarkness","hexamod:BurningTouch"],"picked":"hexamod:HexaLevel","floor":46},{"not_picked":["hexamod:PhantomCloak","hexamod:FourthSeal","hexamod:SoulSteal+1","hexamod:EtherealExpedition"],"picked":"SKIP","floor":47},{"not_picked":["hexamod:ThermalTransfer+1","hexamod:AdvancingGuard","hexamod:SwordOfDarkness","hexamod:NecessarySacrifice+1"],"picked":"SKIP","floor":49}],"player_experience":463890,"relics_obtained":[{"floor":4.0,"key":"Darkstone Periapt"},{"floor":7.0,"key":"Question Card"},{"floor":19.0,"key":"Lizard Tail"},{"floor":22,"key":"Peace Pipe"},{"floor":22,"key":"Kunai"},{"floor":24,"key":"FossilizedHelix"},{"floor":27,"key":"Shuriken"},{"floor":39,"key":"Ice Cream"},{"floor":43,"key":"Bird Faced Urn"}],"event_choices":[],"is_beta":false,"boss_relics":[{"not_picked":["Pandora\u0027s Box","SacredBark"],"picked":"Coffee Dripper"},{"not_picked":["Tiny House","Busted Crown"],"picked":"Cursed Key"}],"items_purged_floors":[12,21],"is_endless":false,"potions_floor_spawned":[6,14,22,26,27,39,45,47,49],"ascension_level":0}}