{"host":"sctafptk02a6u9c8","time":1608635895,"event":{"mods":["BaseMod","Challenge The Spire","Chen","Downfall","Friendly Minions","KinomotoSakuraMod(木之本樱)","Kiyohime（清姬）","Koishi","Marisa（F雨　魔理沙）","Minty Spire (QoL Compilation)","Prisma Mod","READ ME - Guardian Mod","Reimu（博丽灵梦）","Remilia（蕾米莉亚）","RumiaBox-露米娅的神秘盒子","StSLib","Td1madao Mod","The Senshi","WarShipGirlsR/战舰少女R mod","Youmu（魂魄妖梦）","Yuyuko"],"gold_per_floor":[117,97,107,122,141,141,155,155,155],"floor_reached":8,"playtime":600,"items_purged":[],"score":53,"play_id":"e53852bc-cea1-4c77-9aa9-053196bb2699","local_time":"20201222191815","is_ascension_mode":true,"campfire_choices":[{"floor":6,"key":"REST"}],"circlet_count":0,"master_deck":["Strike_MRS","Strike_MRS","Strike_MRS","Strike_MRS","Defend_MRS","Defend_MRS","Defend_MRS","Defend_MRS","MasterSpark","UpSweep","MillisecondPulsars","MachineGunSpark","StarBarrage","SuperPerseids","ShootTheMoon","SporeBomb","GravityBeat"],"relics":["MiniHakkero"],"acts_visited":["Exordium"],"potions_floor_usage":[8],"damage_taken":[{"damage":0,"enemies":"Small Slimes","floor":1,"turns":3},{"damage":8,"enemies":"2 Louse","floor":3,"turns":3},{"damage":1,"enemies":"Jaw Worm","floor":4,"turns":3},{"damage":19,"enemies":"Blue Slaver","floor":5,"turns":4},{"damage":13,"enemies":"3 Louse","floor":7,"turns":3},{"damage":36,"enemies":"3 Sentries","floor":8,"turns":4}],"seed_played":"4366770854674578786","potions_obtained":[{"floor":1,"key":"Energy Potion"},{"floor":3,"key":"BlessingOfTheForge"},{"floor":7,"key":"GamblersBrew"}],"is_trial":false,"path_per_floor":["M","?","M","M","M","R","M","E"],"character_chosen":"MARISA","items_purchased":[],"campfire_rested":1,"item_purchase_floors":[],"current_hp_per_floor":[54,54,46,45,26,48,35,0,0],"gold":155,"neow_bonus":"THREE_RARE_CARDS","is_daily":false,"chose_seed":false,"campfire_upgraded":0,"win_rate":0.0,"timestamp":1608635895,"path_taken":["M","?","M","M","M","R","M","E"],"items_purchased_type":[],"build_version":"2020-12-13","purchased_purges":0,"victory":false,"max_hp_per_floor":[75,75,75,75,75,75,75,75,75],"card_choices":[{"not_picked":["JA","BinaryStars"],"picked":"MillisecondPulsars","floor":0},{"not_picked":["StarlightTyphoon","WitchOfGreed"],"picked":"MachineGunSpark","floor":1},{"not_picked":[],"picked":"StarBarrage","floor":2},{"not_picked":["AsteroidBelt","MachineGunSpark"],"picked":"SuperPerseids","floor":3},{"not_picked":["AsteroidBelt","NonDirectionalLaser"],"picked":"ShootTheMoon","floor":4},{"not_picked":["PowerUp","SuperPerseids"],"picked":"SporeBomb","floor":5},{"not_picked":["SuperPerseids","AlicesGift"],"picked":"GravityBeat","floor":7}],"player_experience":388348,"relics_obtained":[],"event_choices":[],"is_beta":false,"boss_relics":[],"items_purged_floors":[],"is_endless":false,"potions_floor_spawned":[1,3,7],"killed_by":"3 Sentries","ascension_level":1}}