{"host":"mt3nndg5ku536gxi","time":1608611719,"event":{"mods":["BaseMod","Colored Powertips","Minty Spire (QoL Compilation)","Permanent Neow","Quick Restart","StSLib"],"gold_per_floor":[112,112,129,54,65,65,75,75,75,100,115,115,9,9,9],"floor_reached":14,"playtime":608,"items_purged":[],"score":180,"play_id":"66280152-e916-4ec5-9dc1-5f815493a206","local_time":"20201222123519","is_ascension_mode":true,"campfire_choices":[{"data":"Armaments","floor":6,"key":"SMITH"},{"data":"Shockwave","floor":8,"key":"SMITH"},{"data":"True Grit","floor":12,"key":"SMITH"}],"circlet_count":0,"master_deck":["AscendersBane","Strike_R","Strike_R","Strike_R","Strike_R","Defend_R","Defend_R","Defend_R","Defend_R","Bash","Shockwave+1","Armaments+1","Flex","Dark Embrace","True Grit+1","Sword Boomerang","Inflame"],"relics":["Coffee Dripper","Calipers","Torii"],"acts_visited":["Exordium"],"potions_floor_usage":[11,14],"damage_taken":[{"damage":14,"enemies":"Small Slimes","floor":1,"turns":4},{"damage":3,"enemies":"2 Louse","floor":3,"turns":2},{"damage":7,"enemies":"Jaw Worm","floor":5,"turns":4},{"damage":0,"enemies":"Blue Slaver","floor":7,"turns":5},{"damage":8,"enemies":"Lagavulin","floor":10,"turns":7},{"damage":13,"enemies":"Exordium Thugs","floor":11,"turns":4},{"damage":13,"enemies":"3 Sentries","floor":14,"turns":4}],"seed_played":"-8199444134610423886","potions_obtained":[{"floor":3,"key":"ElixirPotion"},{"floor":5,"key":"BloodPotion"},{"floor":11,"key":"BloodPotion"}],"is_trial":false,"path_per_floor":["M","?","M","?","M","R","M","R","T","E","M","R","$","E"],"character_chosen":"IRONCLAD","items_purchased":["Sword Boomerang","Inflame"],"campfire_rested":0,"item_purchase_floors":[13,13],"current_hp_per_floor":[54,54,51,51,44,44,44,44,44,36,23,23,23,25,25],"gold":9,"neow_bonus":"BOSS_RELIC","is_daily":false,"chose_seed":false,"campfire_upgraded":3,"win_rate":0.0,"timestamp":1608611719,"path_taken":["M","?","M","?","M","R","M","R","T","E","M","R","$","E"],"items_purchased_type":["Card","Card"],"build_version":"2020-12-13","purchased_purges":0,"victory":false,"max_hp_per_floor":[75,75,75,75,75,75,75,75,75,75,75,75,75,75,75],"card_choices":[{"not_picked":["Headbutt","Cleave","Heavy Blade"],"picked":"SKIP","floor":1},{"not_picked":["Sentinel","Fire Breathing"],"picked":"Shockwave","floor":3},{"not_picked":["Rampage","Pommel Strike"],"picked":"Armaments","floor":5},{"not_picked":["Flame Barrier","Warcry"],"picked":"Flex","floor":7},{"not_picked":["Infernal Blade","Hemokinesis"],"picked":"Dark Embrace","floor":10},{"not_picked":["Havoc","Demon Form"],"picked":"True Grit","floor":11}],"player_experience":290723,"relics_obtained":[{"floor":9,"key":"Calipers"},{"floor":10,"key":"Torii"}],"event_choices":[{"damage_healed":0,"gold_gain":0,"player_choice":"Ignored","damage_taken":0,"max_hp_gain":0,"max_hp_loss":0,"event_name":"Shining Light","floor":2,"gold_loss":0},{"cards_removed":["Strike_R"],"damage_healed":0,"gold_gain":0,"player_choice":"Card Removal","damage_taken":0,"max_hp_gain":0,"max_hp_loss":0,"event_name":"The Cleric","floor":4,"gold_loss":75}],"is_beta":false,"boss_relics":[],"items_purged_floors":[],"is_endless":false,"potions_floor_spawned":[3,5,11],"killed_by":"3 Sentries","ascension_level":20}}