{"host":"z9grmtg2w0nmz8n1","time":1608612790,"event":{"mods":["Aspiration","Bard","BaseMod","Beaked The Cultist","Better Altar","Better Match","Better Note","Better Sensory Stone","Better Skull","Better Third Choice","BetterRewards","CCEM","Colored Map","Conspire","Downfall","GifTheSpireLib","Googly Eyes","Halation","Hermit","Highlight Path","Hubris","Hunter ??","Jedi Mod","Jorbs\u0027s Wanderer Trilogy","Mad Scientist","Marisa????????","Minty Spire (QoL Compilation)","Permanent Neow","Replay The Spire","Shade Mod","Shop Mod","Spicy Shops","StSLib","Stuff the Spire","The Bug Knight","The Construct","The Necromancer","The Runesmith","The Witch"],"gold_per_floor":[210,210,210,58,70,70,103,103,103,134,144,44,64,64,64],"floor_reached":14,"playtime":468,"items_purged":["Strike_B","Regret"],"score":103,"play_id":"eee9aa0e-ccc0-4a89-b75f-1996ba2b2232","local_time":"20201222025310","is_ascension_mode":true,"campfire_choices":[{"floor":6,"key":"RECALL"},{"floor":8,"key":"REST"}],"circlet_count":0,"master_deck":["Strike_B","Strike_B","Strike_B","Defend_B","Defend_B","Defend_B","Defend_B","Zap","Dualcast","ReplayGash","Storm","jedi:BurstFrost","Glacier","Ball Lightning","Thunder Strike"],"relics":["Cracked Core","Centennial Puzzle","Nunchaku","jedi:arcanewood"],"acts_visited":["Exordium"],"potions_floor_usage":[7,14,14,14],"damage_taken":[{"damage":6,"enemies":"2 Louse","floor":1,"turns":4},{"damage":15,"enemies":"Jaw Worm","floor":5,"turns":3},{"damage":39,"enemies":"Gremlin Nob","floor":7,"turns":4},{"damage":35,"enemies":"Lagavulin","floor":10,"turns":7},{"damage":1,"enemies":"Cultist","floor":11,"turns":4},{"damage":2,"enemies":"Red Slaver","floor":13,"turns":3},{"damage":10,"enemies":"3 Sentries","floor":14,"turns":2}],"seed_played":"-4518750341416720679","potions_obtained":[{"floor":1,"key":"Strength Potion"},{"floor":10,"key":"Explosive Potion"},{"floor":11,"key":"Swift Potion"},{"floor":13,"key":"CultistPotion"}],"is_trial":false,"path_per_floor":["M","?","?","$","M","R","E","R","T","E","M","$","M","E"],"character_chosen":"DEFECT","items_purchased":["Storm"],"campfire_rested":1,"item_purchase_floors":[4],"current_hp_per_floor":[69,69,75,75,60,60,21,43,43,8,7,7,5,0,0],"gold":64,"neow_bonus":"HUNDRED_GOLD","is_daily":false,"chose_seed":false,"campfire_upgraded":0,"win_rate":0.0,"timestamp":1608612790,"path_taken":["M","?","?","$","?","R","E","R","T","E","M","$","M","E"],"items_purchased_type":["Card"],"build_version":"2020-12-13","purchased_purges":2,"victory":false,"max_hp_per_floor":[75,75,75,75,75,75,75,75,75,75,75,75,75,75,75],"card_choices":[{"not_picked":["aspiration:Polymerization","Compile Driver"],"picked":"ReplayGash","floor":1},{"not_picked":["Heatsinks","StuffTheSpire:Rend","ReplayTheSpireMod:GoodbyeWorld"],"picked":"SKIP","floor":5},{"not_picked":["Hologram","jedi:blockon"],"picked":"jedi:BurstFrost","floor":7},{"not_picked":["Rebound","Heatsinks"],"picked":"Glacier","floor":10},{"not_picked":["Rebound","Steam Power"],"picked":"Ball Lightning","floor":11},{"not_picked":["Skim","Streamline"],"picked":"Thunder Strike","floor":13}],"player_experience":616276,"relics_obtained":[{"floor":7,"key":"Nunchaku"},{"floor":10,"key":"jedi:arcanewood"}],"event_choices":[{"damage_healed":0,"gold_gain":0,"player_choice":"Box","damage_taken":0,"relics_obtained":["Centennial Puzzle"],"max_hp_gain":0,"max_hp_loss":0,"event_name":"Big Fish","floor":2,"gold_loss":0,"cards_obtained":["Regret"]}],"is_beta":false,"boss_relics":[],"items_purged_floors":[4,12],"is_endless":false,"potions_floor_spawned":[1,10,11,13],"killed_by":"3 Sentries","ascension_level":1}}