{"host":"vyt5ne9ydo1z9gg1","time":1608612851,"event":{"mods":["BaseMod","Curses Come First","DeckTracker","GifTheSpireLib","Minty Spire (QoL Compilation)","StSLib"],"gold_per_floor":[112,112,131,147,165,200,200,213,213,227,552,563,582,593,593,695,695,711,491,501,515,535,535,535],"floor_reached":23,"playtime":1564,"items_purged":["Strike_R"],"score":264,"play_id":"9ac99d17-9943-4c8a-a571-bc8ff7cffb3a","local_time":"20201222155411","is_ascension_mode":true,"campfire_choices":[{"floor":7.0,"key":"REST"},{"data":"Shrug It Off","floor":15,"key":"SMITH"}],"circlet_count":0,"master_deck":["Strike_R","Strike_R","Strike_R","Defend_R+1","Defend_R","Defend_R","Bash","Thunderclap+1","Headbutt","Cleave","Ghostly Armor+1","Iron Wave","Shrug It Off+1","Uppercut","Offering","Rampage","Warcry","Feed","Metallicize","Shrug It Off+1"],"relics":["Burning Blood","War Paint","FossilizedHelix","Old Coin","Mark of Pain","Pen Nib"],"acts_visited":["Exordium","TheCity"],"potions_floor_usage":[16,20,21,23],"damage_taken":[{"damage":7.0,"enemies":"2 Louse","floor":1.0,"turns":3.0},{"damage":1.0,"enemies":"Cultist","floor":3.0,"turns":3.0},{"damage":0.0,"enemies":"Small Slimes","floor":4.0,"turns":2.0},{"damage":16.0,"enemies":"Exordium Thugs","floor":5.0,"turns":4.0},{"damage":42.0,"enemies":"Lagavulin","floor":6.0,"turns":7.0},{"damage":6.0,"enemies":"Looter","floor":8.0,"turns":2.0},{"damage":0.0,"enemies":"Large Slime","floor":10.0,"turns":5.0},{"damage":12.0,"enemies":"Gremlin Nob","floor":11.0,"turns":4.0},{"damage":0,"enemies":"Blue Slaver","floor":12,"turns":4},{"damage":0,"enemies":"Red Slaver","floor":13,"turns":2},{"damage":0,"enemies":"3 Louse","floor":14,"turns":2},{"damage":66,"enemies":"The Guardian","floor":16,"turns":12},{"damage":11,"enemies":"2 Thieves","floor":18,"turns":4},{"damage":17,"enemies":"Spheric Guardian","floor":20,"turns":6},{"damage":43,"enemies":"Snecko","floor":21,"turns":6},{"damage":16,"enemies":"3 Cultists","floor":22,"turns":5},{"damage":15,"enemies":"Gremlin Leader","floor":23,"turns":6}],"seed_played":"-8129154533999479053","potions_obtained":[{"floor":5.0,"key":"ColorlessPotion"},{"floor":8.0,"key":"EssenceOfSteel"},{"floor":11.0,"key":"BloodPotion"},{"floor":13,"key":"SkillPotion"},{"floor":16,"key":"Explosive Potion"},{"floor":18,"key":"BloodPotion"},{"floor":20,"key":"SpeedPotion"}],"is_trial":false,"path_per_floor":["M","?","M","M","M","E","R","M","T","M","E","M","M","M","R","B",null,"M","$","M","M","M","E"],"character_chosen":"IRONCLAD","items_purchased":["Pen Nib"],"campfire_rested":1,"item_purchase_floors":[19],"current_hp_per_floor":[71,71,72,72,62,26,47,47,47,53,47,53,59,65,65,19,59,57,57,61,24,14,0,0],"gold":535,"neow_bonus":"REMOVE_TWO","is_daily":false,"chose_seed":false,"campfire_upgraded":1,"win_rate":0.0,"timestamp":1608612851,"path_taken":["M","?","M","?","M","E","R","M","T","M","E","M","M","?","R","BOSS","M","$","M","M","M","E"],"items_purchased_type":["Relic"],"build_version":"2020-12-13","purchased_purges":1,"victory":false,"max_hp_per_floor":[72,72,72,72,72,72,72,72,72,72,72,72,72,72,72,72,72,75,75,75,75,75,75,75],"card_choices":[{"not_picked":["Armaments","Rage"],"picked":"Thunderclap","floor":1.0},{"not_picked":["Pommel Strike","Wild Strike"],"picked":"Headbutt","floor":3.0},{"not_picked":["Thunderclap","Intimidate"],"picked":"Cleave","floor":4.0},{"not_picked":["Heavy Blade","Hemokinesis"],"picked":"Ghostly Armor","floor":5.0},{"not_picked":["Headbutt","Combust"],"picked":"Iron Wave","floor":6.0},{"not_picked":["Wild Strike","Disarm","Body Slam"],"picked":"SKIP","floor":8.0},{"not_picked":["Heavy Blade","Headbutt"],"picked":"Shrug It Off","floor":10.0},{"not_picked":["True Grit","Anger"],"picked":"Uppercut","floor":11.0},{"not_picked":["Twin Strike","Evolve"],"picked":"Offering","floor":12},{"not_picked":["Pummel","Body Slam"],"picked":"Rampage","floor":13},{"not_picked":["Havoc","Power Through"],"picked":"Warcry","floor":14},{"not_picked":["Immolate","Double Tap"],"picked":"Feed","floor":16},{"not_picked":["Combust","Thunderclap","Flex"],"picked":"SKIP","floor":18},{"not_picked":["Intimidate","Pummel"],"picked":"Metallicize","floor":20},{"not_picked":["Heavy Blade+1","Dropkick","Blood for Blood"],"picked":"SKIP","floor":21},{"not_picked":["Perfected Strike+1","Whirlwind+1"],"picked":"Shrug It Off+1","floor":22}],"player_experience":120363,"relics_obtained":[{"floor":6.0,"key":"War Paint"},{"floor":9.0,"key":"FossilizedHelix"},{"floor":11.0,"key":"Old Coin"}],"event_choices":[{"damage_healed":0.0,"max_hp_gain":0.0,"max_hp_loss":0.0,"gold_gain":0.0,"event_name":"Upgrade Shrine","player_choice":"Upgraded","floor":2.0,"gold_loss":0.0,"damage_taken":0.0,"cards_upgraded":["Thunderclap"]}],"is_beta":false,"boss_relics":[{"not_picked":["SacredBark","Empty Cage"],"picked":"Mark of Pain"}],"items_purged_floors":[19],"is_endless":false,"potions_floor_spawned":[5,8,11,13,16,18,20],"killed_by":"Gremlin Leader","ascension_level":5}}