{"host":"oiai0qxasotny765","time":1608637343,"event":{"mods":["2.2 Compatiblity","AchievementEnabler","BaseMod","Colored Map","Minty Spire (QoL Compilation)","Permanent Neow","Relic Stats","StSLib","SuperFastMode","everything is the same but u backflip on backflip"],"gold_per_floor":[116,195,195,205,130,143,143,163,189,208,208,224,237,237,249,261,261],"floor_reached":16,"playtime":512,"items_purged":[],"score":174,"play_id":"ce0dd4c7-80b4-4288-a8b2-73ce20c1119d","local_time":"20201222204223","is_ascension_mode":true,"campfire_choices":[{"data":"Neutralize","floor":7.0,"key":"SMITH"},{"data":"Prepared","floor":15,"key":"SMITH"}],"circlet_count":0,"master_deck":["AscendersBane","Strike_G","Strike_G","Strike_G","Strike_G","Defend_G","Defend_G","Defend_G","Survivor","Neutralize+1","Riddle With Holes","Acrobatics","Backflip","Prepared+1"],"relics":["Ring of the Snake","Tingsha","Tough Bandages","Akabeko","MawBank"],"acts_visited":["Exordium"],"potions_floor_usage":[16,16,16,16],"damage_taken":[{"damage":0.0,"enemies":"Cultist","floor":1.0,"turns":3.0},{"damage":0.0,"enemies":"2 Louse","floor":4.0,"turns":3.0},{"damage":0.0,"enemies":"Small Slimes","floor":6.0,"turns":3.0},{"damage":9.0,"enemies":"Exordium Wildlife","floor":8.0,"turns":5.0},{"damage":20.0,"enemies":"Gremlin Gang","floor":10.0,"turns":5.0},{"damage":0.0,"enemies":"Large Slime","floor":12.0,"turns":2.0},{"damage":0,"enemies":"Exordium Thugs","floor":13,"turns":2},{"damage":35,"enemies":"Slime Boss","floor":16,"turns":12}],"seed_played":"-9209206822132714398","potions_obtained":[{"floor":6.0,"key":"Weak Potion"},{"floor":8.0,"key":"Swift Potion"},{"floor":10.0,"key":"Dexterity Potion"},{"floor":13,"key":"EntropicBrew"}],"is_trial":false,"path_per_floor":["M","T","?","M","?","M","R","M","T","M","?","M","M","?","R","B"],"character_chosen":"THE_SILENT","items_purchased":[],"campfire_rested":0,"item_purchase_floors":[],"current_hp_per_floor":[59,59,59,59,59,59,59,50,50,30,35,35,35,35,35,0,0],"gold":261,"neow_bonus":"TRANSFORM_CARD","is_daily":false,"chose_seed":false,"campfire_upgraded":2,"win_rate":0.0,"timestamp":1608637343,"path_taken":["M","?","?","?","?","M","R","M","T","M","?","M","M","?","R","BOSS"],"items_purchased_type":[],"build_version":"2020-12-13","purchased_purges":0,"victory":false,"max_hp_per_floor":[66,66,66,66,66,66,66,66,66,66,71,71,71,71,71,71,71],"relic_stats":{"Tough Bandages":[75],"counters":[8,35],"Tingsha":[73],"MawBank":24,"obtain_stats":[{"Tough Bandages":0,"Tingsha":0,"MawBank":14,"Akabeko":9,"Ring of the Snake":0},{"Tough Bandages":0,"Tingsha":0,"MawBank":7,"Akabeko":4,"Ring of the Snake":0},{"Tough Bandages":0,"Tingsha":0,"MawBank":23,"Akabeko":14,"Ring of the Snake":0}],"Ring of the Snake":[16]},"card_choices":[{"not_picked":["Dagger Throw","Underhanded Strike"],"picked":"Acrobatics","floor":1.0},{"not_picked":["PiercingWail","Blade Dance","Distraction"],"picked":"SKIP","floor":4.0},{"not_picked":["Dagger Spray","Flying Knee"],"picked":"Backflip","floor":6.0},{"not_picked":["Well Laid Plans","Cloak And Dagger","Leg Sweep"],"picked":"SKIP","floor":8.0},{"not_picked":["Dodge and Roll","Cloak And Dagger"],"picked":"Prepared","floor":10.0},{"not_picked":["Riddle With Holes","Slice","Cloak And Dagger"],"picked":"SKIP","floor":12.0},{"not_picked":["Expertise","Quick Slash","Bouncing Flask"],"picked":"SKIP","floor":13}],"player_experience":276557,"relics_obtained":[{"floor":9.0,"key":"Akabeko"}],"event_choices":[{"cards_removed":["Strike_G"],"damage_healed":0.0,"max_hp_gain":0.0,"max_hp_loss":0.0,"gold_gain":0.0,"event_name":"Wheel of Change","player_choice":"Card Removal","floor":3.0,"gold_loss":0.0,"damage_taken":0.0},{"cards_removed":["Defend_G"],"damage_healed":0.0,"max_hp_gain":0.0,"max_hp_loss":0.0,"gold_gain":0.0,"event_name":"The Cleric","player_choice":"Card Removal","floor":5.0,"gold_loss":75.0,"damage_taken":0.0},{"damage_healed":0.0,"max_hp_gain":5.0,"max_hp_loss":0.0,"gold_gain":0.0,"event_name":"Big Fish","player_choice":"Donut","floor":11.0,"gold_loss":0.0,"damage_taken":0.0},{"damage_healed":0,"gold_gain":0,"player_choice":"Searched \u00271\u0027 times","damage_taken":0,"relics_obtained":["MawBank"],"max_hp_gain":0,"max_hp_loss":0,"event_name":"Dead Adventurer","floor":14,"gold_loss":0}],"is_beta":false,"boss_relics":[],"items_purged_floors":[],"is_endless":false,"potions_floor_spawned":[6,8,10,13],"killed_by":"Slime Boss","ascension_level":17}}