{"host":"nk3joubtnzg8efqy","time":1608596573,"event":{"mods":["BaseMod","Colored Map","Downfall","Googly Eyes","Highlight Path","Minty Spire (QoL Compilation)","StSLib"],"gold_per_floor":[99,118,28,28,28,44,69,69,145,145,null,145],"floor_reached":10,"playtime":637,"items_purged":["Slimebound:Defend_Slimebound"],"score":57,"play_id":"656b469f-28dc-425c-b158-28aafa1cfbdd","local_time":"20201222082253","is_ascension_mode":true,"campfire_choices":[{"data":"Slimebound:CorrosiveSpit","floor":1.0,"key":"SMITH"},{"data":"Slimebound:Gluttony","floor":8.0,"key":"SMITH"}],"circlet_count":0,"master_deck":["Slimebound:Strike_Slimebound","Slimebound:Tackle","Slimebound:Defend_Slimebound","Slimebound:Defend_Slimebound","Slimebound:Defend_Slimebound","Slimebound:Split","Slimebound:CorrosiveSpit+1","Slimebound:Gluttony+1"],"relics":["Slimebound:AbsorbEndCombat","Odd Mushroom","Dream Catcher"],"acts_visited":[],"potions_floor_usage":[],"damage_taken":[{"damage":5.0,"enemies":"Cultist","floor":2.0,"turns":4.0},{"damage":9.0,"enemies":"downfall:FleeingMerchant","floor":3.0,"turns":4.0},{"damage":10.0,"enemies":"Jaw Worm","floor":6.0,"turns":3.0},{"damage":20.0,"enemies":"The Mushroom Lair","floor":9.0,"turns":4.0},{"damage":65,"enemies":"Gremlin Nob","floor":10,"turns":4}],"seed_played":"7508375789284226944","potions_obtained":[{"floor":2.0,"key":"Fire Potion"},{"floor":9,"key":"SkillPotion"}],"is_trial":false,"path_per_floor":["R","M","$","?","?","M","T","R","?","E"],"character_chosen":"SLIMEBOUND","items_purchased":[],"campfire_rested":0,"item_purchase_floors":[],"current_hp_per_floor":[54,59,62,62,62,62,62,62,56,0,null,0],"gold":145,"neow_bonus":"TWENTY_PERCENT_HP_BONUS","is_daily":false,"chose_seed":false,"campfire_upgraded":2,"win_rate":0.0,"timestamp":1608596573,"path_taken":["R","M","?","?","?","M","T","R","?","E"],"items_purchased_type":[],"build_version":"2020-12-13","purchased_purges":1,"victory":false,"max_hp_per_floor":[72,72,72,72,72,72,72,72,72,72,72,72],"card_choices":[{"not_picked":["Slimebound:GoopTackle","Slimebound:LivingWall"],"picked":"Slimebound:Gluttony","floor":2.0},{"not_picked":["Slimebound:SplitBruiser","Slimebound:SplitLeeching","Slimebound:SamplingLick"],"picked":"SKIP","floor":3.0},{"not_picked":["Slimebound:SplitLeeching","Slimebound:SlimeBrawl","Slimebound:Prepare"],"picked":"SKIP","floor":6.0}],"player_experience":114984,"relics_obtained":[{"floor":9,"key":"Odd Mushroom"},{"floor":9,"key":"Dream Catcher"}],"event_choices":[{"cards_removed":["Slimebound:Strike_Slimebound"],"damage_healed":0.0,"max_hp_gain":0.0,"max_hp_loss":0.0,"gold_gain":0.0,"event_name":"The Cleric","player_choice":"Card Removal","floor":4.0,"gold_loss":0.0,"damage_taken":0.0},{"damage_healed":0.0,"max_hp_gain":0.0,"max_hp_loss":0.0,"gold_gain":0.0,"event_name":"Mushrooms","player_choice":"Fought Mushrooms","floor":9.0,"gold_loss":0.0,"damage_taken":0.0}],"is_beta":false,"boss_relics":[],"items_purged_floors":[3],"is_endless":false,"potions_floor_spawned":[2,9],"killed_by":"Gremlin Nob","ascension_level":1}}