{"host":"27cnk69rbdk9vsnt","time":1608630584,"event":{"mods":["BaseMod","Beaked The Cultist","Duelist Mod","Ekko","Energized Spire","Glutton Mod","JesterMod","Jorbs\u0027s Wanderer Trilogy","Mimic Mod","Minty Spire (QoL Compilation)","Shop Mod","StSLib","The Elementalist","Thieving Mod"],"gold_per_floor":[118,118,118,135,135,163,163,163,163],"floor_reached":8,"playtime":471,"items_purged":[],"score":54,"play_id":"9f860565-8f3c-486f-b737-23a47f41d00e","local_time":"20201222104944","is_ascension_mode":false,"campfire_choices":[{"data":"elementalist:Fire_Emblem","floor":7,"key":"SMITH"}],"circlet_count":0,"master_deck":["elementalist:Fire_Emblem+1","elementalist:Strike+Elemblue","elementalist:Defend_Elemblue","elementalist:Defend_Elemblue","elementalist:Defend_Elemblue","elementalist:Defend_Elemblue","elementalist:Firestrike","elementalist:Earthstrike","elementalist:Waterstrike","elementalist:Airstrike","elementalist:Crystal_Chalk","elementalist:Lunar_Form","elementalist:Gaian_Form","elementalist:Overheat"],"relics":["elementalistmod:MagusStaff","elementalistmod:BlueRibbon","elementalistmod:RedRibbon","Happy Flower"],"acts_visited":["Exordium"],"potions_floor_usage":[8],"damage_taken":[{"damage":7,"enemies":"Jaw Worm","floor":1,"turns":5},{"damage":0,"enemies":"2 Louse","floor":4,"turns":3},{"damage":37,"enemies":"Gremlin Nob","floor":6,"turns":7},{"damage":22,"enemies":"Lagavulin","floor":8,"turns":7}],"seed_played":"5755762851933770053","potions_obtained":[{"floor":1,"key":"EssenceOfSteel"}],"is_trial":false,"path_per_floor":["M","?","?","M","?","E","R","E"],"character_chosen":"THE_ELEMENTALIST","items_purchased":[],"campfire_rested":0,"item_purchase_floors":[],"current_hp_per_floor":[70,75,68,68,68,31,31,9,9],"gold":163,"neow_bonus":"TEN_PERCENT_HP_BONUS","is_daily":false,"chose_seed":false,"campfire_upgraded":1,"win_rate":0.0,"timestamp":1608630584,"path_taken":["M","?","?","M","?","E","R","E"],"items_purchased_type":[],"build_version":"2020-12-13","purchased_purges":0,"victory":false,"max_hp_per_floor":[77,82,82,82,82,82,82,82,82],"card_choices":[{"not_picked":["elementalist:Pressurize","elementalist:Overheat"],"picked":"elementalist:Lunar_Form","floor":1},{"not_picked":["elementalist:Breeze","elementalist:Wards"],"picked":"elementalist:Gaian_Form","floor":4},{"not_picked":["elementalist:Low_Tides","elementalist:Geomancy"],"picked":"elementalist:Overheat","floor":6}],"player_experience":507211,"relics_obtained":[{"floor":6,"key":"Happy Flower"}],"event_choices":[{"damage_healed":0,"gold_gain":0,"player_choice":"Donut","damage_taken":0,"max_hp_gain":5,"max_hp_loss":0,"event_name":"Big Fish","floor":2,"gold_loss":0},{"cards_removed":["elementalist:Defend_Elemblue"],"damage_healed":0,"gold_gain":0,"player_choice":"Card Removal","damage_taken":7,"max_hp_gain":0,"max_hp_loss":0,"event_name":"Golden Wing","floor":3,"gold_loss":0}],"is_beta":false,"boss_relics":[],"items_purged_floors":[],"is_endless":false,"potions_floor_spawned":[1],"killed_by":"Lagavulin","ascension_level":0}}