{"host":"5gc11emcm5chfr5t","time":1608665976,"event":{"mods":["2.2 Compatiblity","AchievementEnabler","BaseMod","Bestiary","Better Note","Colored Map","Colored Powertips","Downfall","Googly Eyes","Minty Spire (QoL Compilation)","Rare Cards Sparkle","StSLib"],"gold_per_floor":[109,120,140,140,157,191,211,43,43,43,43],"floor_reached":10,"playtime":366,"items_purged":[],"score":140,"play_id":"88033838-6d98-4bfb-a00b-0b43f061027d","local_time":"20201222143936","is_ascension_mode":true,"campfire_choices":[],"circlet_count":0,"master_deck":["AscendersBane","sneckomod:Strike","sneckomod:Strike","sneckomod:Strike","sneckomod:Defend","sneckomod:Defend","sneckomod:Defend","sneckomod:TailWhip","sneckomod:SnekBite","sneckomod:Unknown","sneckomod:Unknown","sneckomod:WideSting","sneckomod:Unknown3Cost","sneckomod:UnknownBlock","sneckomod:SoulDraw","sneckomod:QuickMove","sneckomod:UnknownCommonAttack"],"relics":["sneckomod:SneckoSoul","NeowsBlessing","Matryoshka","Tiny Chest","sneckomod:ConfusingCodex","MealTicket"],"acts_visited":["Exordium"],"potions_floor_usage":[6,10,10],"damage_taken":[{"damage":0,"enemies":"Small Slimes","floor":1,"turns":2},{"damage":0,"enemies":"Cultist","floor":2,"turns":1},{"damage":0,"enemies":"2 Louse","floor":3,"turns":1},{"damage":3,"enemies":"Large Slime","floor":5,"turns":4},{"damage":43,"enemies":"3 Sentries","floor":6,"turns":7},{"damage":1,"enemies":"3 Louse","floor":7,"turns":3},{"damage":35,"enemies":"Gremlin Nob","floor":10,"turns":4}],"seed_played":"-1236858418773013416","potions_obtained":[{"floor":2,"key":"DistilledChaos"},{"floor":3,"key":"Regen Potion"},{"floor":6,"key":"hexamod:EctoCoolerPotion"}],"is_trial":false,"path_per_floor":["M","M","M","?","M","E","M","$","T","E"],"character_chosen":"THE_SNECKO","items_purchased":["Tiny Chest"],"campfire_rested":0,"item_purchase_floors":[8],"current_hp_per_floor":[75,76,77,65,62,19,19,19,19,0,0],"gold":43,"neow_bonus":"THREE_ENEMY_KILL","is_daily":false,"chose_seed":false,"campfire_upgraded":0,"win_rate":0.0,"timestamp":1608665976,"path_taken":["M","M","M","?","M","E","M","?","T","E"],"items_purchased_type":["Relic"],"build_version":"2020-12-13","purchased_purges":0,"victory":false,"max_hp_per_floor":[83,84,85,85,85,85,86,86,86,86,86],"card_choices":[{"not_picked":["sneckomod:Unknown0Cost","sneckomod:PureSnecko"],"picked":"sneckomod:WideSting","floor":1},{"not_picked":["sneckomod:UnknownCommonSkill","sneckomod:UnknownCommonAttack"],"picked":"sneckomod:Unknown3Cost","floor":2},{"not_picked":["sneckomod:UnknownClassSLIMEBOUND","sneckomod:UnknownCommonAttack"],"picked":"sneckomod:UnknownBlock","floor":3},{"not_picked":["sneckomod:DiceBlock","sneckomod:DiceCrush"],"picked":"sneckomod:SoulDraw","floor":5},{"not_picked":["sneckomod:QuickBite","sneckomod:RainOfDice"],"picked":"sneckomod:QuickMove","floor":6},{"not_picked":["sneckomod:RainOfDice","sneckomod:UnknownClassTHE_CHAMP_GRAY"],"picked":"sneckomod:UnknownCommonAttack","floor":7}],"player_experience":476464,"relics_obtained":[{"floor":6,"key":"Matryoshka"},{"floor":9,"key":"sneckomod:ConfusingCodex"},{"floor":9,"key":"MealTicket"}],"event_choices":[{"damage_healed":0,"gold_gain":0,"player_choice":"Damaged","damage_taken":12,"max_hp_gain":0,"max_hp_loss":0,"event_name":"Wheel of Change","floor":4,"gold_loss":0}],"is_beta":false,"boss_relics":[],"items_purged_floors":[],"is_endless":false,"potions_floor_spawned":[2,3,6],"killed_by":"Gremlin Nob","ascension_level":20}}