{"host":"03a85bwj0a5skoit","time":1608615346,"event":{"mods":["BaseMod","Block Reminder","Minty Spire (QoL Compilation)","Relic Stats","StSLib"],"gold_per_floor":[112,37,37,51,70,70,104,65,65,78,78,93,103,117,117,189,189,205,130,30,0,0,0,0,15,39,51,51,84,84,33,33,33,33],"floor_reached":33,"playtime":1227,"items_purged":["Strike_R","Strike_R"],"score":530,"play_id":"4f7a18fc-8722-4b7d-afe6-0f0bc0412e82","local_time":"20201222160546","is_ascension_mode":true,"campfire_choices":[{"data":"Armaments","floor":6,"key":"SMITH"},{"floor":11,"key":"REST"},{"floor":15,"key":"REST"},{"data":"Body Slam","floor":23,"key":"SMITH"},{"floor":28,"key":"REST"},{"floor":30,"key":"REST"},{"data":"Rage","floor":32,"key":"SMITH"}],"circlet_count":0,"master_deck":["AscendersBane","Strike_R","Defend_R","Defend_R","Bash","Inflame","Armaments+1","Intimidate","Blood for Blood","Rage+1","Anger","Body Slam+1","Iron Wave","Impervious","Second Wind+1","Entrench"],"relics":["Empty Cage","Unceasing Top","Paper Frog","Sozu","Shuriken","Toy Ornithopter","Sundial","Incense Burner"],"acts_visited":["TheCity"],"potions_floor_usage":[7,12,16,33],"damage_taken":[{"damage":9,"enemies":"Jaw Worm","floor":1,"turns":5},{"damage":1,"enemies":"Cultist","floor":4,"turns":3},{"damage":7,"enemies":"Small Slimes","floor":5,"turns":4},{"damage":32,"enemies":"Lagavulin","floor":7,"turns":9},{"damage":10,"enemies":"Blue Slaver","floor":10,"turns":3},{"damage":0,"enemies":"3 Louse","floor":12,"turns":2},{"damage":13,"enemies":"Lots of Slimes","floor":13,"turns":4},{"damage":12,"enemies":"Large Slime","floor":14,"turns":5},{"damage":10,"enemies":"Hexaghost","floor":16,"turns":7},{"damage":18,"enemies":"Spheric Guardian","floor":18,"turns":4},{"damage":29,"enemies":"3 Byrds","floor":25,"turns":6},{"damage":2,"enemies":"Centurion and Healer","floor":27,"turns":5},{"damage":30,"enemies":"Book of Stabbing","floor":29,"turns":5},{"damage":38,"enemies":"Collector","floor":33,"turns":8}],"seed_played":"563009729547744227","potions_obtained":[{"floor":3,"key":"Dexterity Potion"},{"floor":3,"key":"Explosive Potion"},{"floor":7,"key":"AttackPotion"},{"floor":10,"key":"BloodPotion"},{"floor":16,"key":"Fire Potion"}],"is_trial":false,"path_per_floor":["M","$","?","M","M","R","E","$","T","M","R","M","M","M","R","B",null,"M","?","$","?","T","R","?","M","T","M","R","E","R","?","R","B"],"character_chosen":"IRONCLAD","items_purchased":["Rage"],"campfire_rested":4,"item_purchase_floors":[8],"current_hp_per_floor":[59,59,59,58,51,51,19,19,19,9,31,31,18,6,28,33,65,47,47,47,47,47,47,47,18,18,16,38,8,30,30,30,0,0],"gold":33,"neow_bonus":"BOSS_RELIC","is_daily":false,"chose_seed":false,"campfire_upgraded":3,"win_rate":0.0,"timestamp":1608615346,"path_taken":["M","$","?","M","M","R","E","?","T","M","R","M","M","M","R","BOSS","M","?","$","?","?","R","?","M","T","?","R","E","R","?","R","BOSS"],"items_purchased_type":["Card"],"build_version":"2020-12-13","purchased_purges":2,"victory":false,"max_hp_per_floor":[75,75,75,75,75,75,75,75,75,75,75,75,75,75,75,75,75,75,75,75,75,75,75,75,75,75,75,75,75,75,75,75,75,75],"relic_stats":{"Sozu":1,"counters":[14,70],"Shuriken":[16],"Sundial":[2],"obtain_stats":[{"Sozu":17,"Shuriken":22,"Sundial":29,"Incense Burner":31,"Empty Cage":0,"Burning Blood":0,"Unceasing Top":7,"Toy Ornithopter":26,"Paper Frog":9},{"Sozu":9,"Shuriken":10,"Sundial":13,"Incense Burner":13,"Empty Cage":0,"Burning Blood":0,"Unceasing Top":4,"Toy Ornithopter":11,"Paper Frog":4},{"Sozu":42,"Shuriken":46,"Sundial":62,"Incense Burner":62,"Empty Cage":0,"Burning Blood":0,"Unceasing Top":21,"Toy Ornithopter":52,"Paper Frog":21}],"Unceasing Top":[43],"Toy Ornithopter":5},"card_choices":[{"not_picked":["Thunderclap","Dual Wield"],"picked":"Inflame","floor":1},{"not_picked":["Heavy Blade","Power Through"],"picked":"Armaments","floor":4},{"not_picked":["Flex","Cleave"],"picked":"Intimidate","floor":5},{"not_picked":["Seeing Red","Reckless Charge"],"picked":"Blood for Blood","floor":7},{"not_picked":["Pommel Strike","True Grit"],"picked":"Anger","floor":10},{"not_picked":["Armaments","Headbutt"],"picked":"Body Slam","floor":12},{"not_picked":["Cleave","Pommel Strike"],"picked":"Iron Wave","floor":13},{"not_picked":["Clothesline","Hemokinesis","Carnage"],"picked":"SKIP","floor":14},{"not_picked":["Reaper","Bludgeon"],"picked":"Impervious","floor":16},{"not_picked":["Sword Boomerang","Entrench"],"picked":"Second Wind+1","floor":18},{"not_picked":["Sword Boomerang","Pommel Strike","Intimidate"],"picked":"SKIP","floor":25},{"not_picked":["Armaments","Sword Boomerang","Combust"],"picked":"SKIP","floor":27},{"not_picked":["Cleave","True Grit"],"picked":"Entrench","floor":29}],"player_experience":2289060,"relics_obtained":[{"floor":7,"key":"Unceasing Top"},{"floor":9,"key":"Paper Frog"},{"floor":22,"key":"Shuriken"},{"floor":26,"key":"Toy Ornithopter"},{"floor":29,"key":"Sundial"}],"event_choices":[{"damage_healed":0,"gold_gain":0,"player_choice":"Got Potions","damage_taken":0,"max_hp_gain":0,"max_hp_loss":0,"event_name":"Lab","floor":3,"gold_loss":0},{"cards_removed":["Strike_R"],"damage_healed":0,"gold_gain":0,"player_choice":"Gave Gold","damage_taken":0,"max_hp_gain":0,"max_hp_loss":0,"event_name":"Beggar","floor":19,"gold_loss":75},{"damage_healed":0,"gold_gain":0,"player_choice":"Paid Fearfully","damage_taken":0,"max_hp_gain":0,"max_hp_loss":0,"event_name":"Masked Bandits","floor":21,"gold_loss":30},{"cards_removed":["Strike_R"],"damage_healed":0,"gold_gain":0,"player_choice":"Offered Basic","damage_taken":0,"max_hp_gain":0,"max_hp_loss":0,"event_name":"Bonfire Elementals","floor":24,"gold_loss":0},{"damage_healed":0,"gold_gain":0,"player_choice":"Paid Gold","damage_taken":0,"relics_obtained":["Incense Burner"],"max_hp_gain":0,"max_hp_loss":0,"event_name":"WeMeetAgain","floor":31,"gold_loss":51}],"is_beta":false,"boss_relics":[{"not_picked":["Philosopher\u0027s Stone","Coffee Dripper"],"picked":"Sozu"}],"items_purged_floors":[2,20],"is_endless":false,"potions_floor_spawned":[7,10,16,25],"killed_by":"Collector","ascension_level":20}}