{"host":"u3vur0jk0faz0no6","time":1608658776,"event":{"mods":["BaseMod","Better Skull","Better Third Choice","BetterRewards","Colored Map","Colored Powertips","Defective Defect","Hermit","Highlight Path","Infinite Spire","Minty Spire (QoL Compilation)","Rare Cards Sparkle","Relic Sorter","Relic Stats","Replay The Spire","Shade Mod","Shop Mod","StSLib","SuperFastMode","The Druid","The Hierophant","The Jungle","The Necromancer","The Runesmith","everything is the same but u backflip on backflip","slay the spire mod where everything is the same but ironclad has a cowboy hat"],"gold_per_floor":[109,109,109,126,137,137,167,167,167,167,180,180,180,180,190,39,39,139,139,64,64,64,64,64,64,64,64,64,64,64,64,64,64,64,64,64,64,64,64,64,64,64,64,64,64,64,64,0,0,0,0,0],"floor_reached":53,"playtime":1532,"items_purged":[],"score":863,"play_id":"b93ec3a4-9934-4711-81a3-3ea42ea0a91e","local_time":"20201222113936","is_ascension_mode":true,"campfire_choices":[{"data":"Shade:AuraOfUnlife","floor":6,"key":"SMITH"},{"data":"Shade:Excise","floor":8,"key":"SMITH"},{"data":"Shade:CarefulCut","floor":10,"key":"SMITH"},{"data":"Shade:Defend_Shade","floor":17,"key":"SMITH"},{"floor":27,"key":"REST"},{"floor":32,"key":"REST"},{"floor":34,"key":"REST"},{"floor":42,"key":"REST"},{"floor":51,"key":"REST"}],"circlet_count":0,"master_deck":["Shade:Strike_Shade+1","Shade:Strike_Shade+1","Shade:Strike_Shade+1","Shade:Defend_Shade+1","Shade:Defend_Shade+1","Shade:Defend_Shade+1","Shade:Defend_Shade+1","Shade:AnimateDead+1","Shade:CarefulCut+1","Shade:LichForm+1","Shade:AuraOfUnlife+1","Shade:Excise+1","Shade:LichForm+1","CurseOfTheBell","Shade:FleshLikeOak+1","Shade:FleshLikeOak+1","Shade:Coordination+1","Overencumbered"],"relics":["Shade:YorickSkull","Replay:Mystery Machine","infinitespire:PuzzleCube","Gremlin Food","Replay:Grab Bag","Sozu","Ectoplasm","Ring of Chaos","Calling Bell","infinitespire:Beetle Shell","Golden Egg","StoneCalendar","Juzu Bracelet","Akabeko","ReplayTheSpireMod:TigerMarble","ReplayTheSpireMod:Ninjato","Mirror","Tiny House","Cursed Key","Onion Ring","Red Mask","War Paint"],"acts_visited":["Exordium","TheCity","TheBeyond"],"potions_floor_usage":[5,7,20],"damage_taken":[{"damage":0,"enemies":"Small Slimes","floor":1,"turns":3},{"damage":0,"enemies":"2 Louse","floor":4,"turns":3},{"damage":0,"enemies":"Jaw Worm","floor":5,"turns":3},{"damage":0,"enemies":"Lagavulin","floor":7,"turns":5},{"damage":0,"enemies":"2 Fungi Beasts","floor":11,"turns":4},{"damage":4,"enemies":"Exordium Wildlife","floor":15,"turns":4},{"damage":10,"enemies":"Slime Boss","floor":18,"turns":5},{"damage":15,"enemies":"2 Thieves","floor":20,"turns":5},{"damage":0,"enemies":"Shell Parasite","floor":22,"turns":5},{"damage":22,"enemies":"Sentry and Sphere","floor":23,"turns":6},{"damage":3,"enemies":"Replay:Snechameleon","floor":25,"turns":5},{"damage":9,"enemies":"Gremlin Leader","floor":29,"turns":5},{"damage":30,"enemies":"Slavers","floor":31,"turns":4},{"damage":4,"enemies":"Champ","floor":35,"turns":7},{"damage":24,"enemies":"Orb Walker","floor":37,"turns":5},{"damage":0,"enemies":"3 Shapes","floor":40,"turns":5},{"damage":6,"enemies":"Spire Growth","floor":43,"turns":5},{"damage":0,"enemies":"Jaw Worm Horde","floor":44,"turns":3},{"damage":0,"enemies":"Reptomancer","floor":49,"turns":5},{"damage":32,"enemies":"Time Eater","floor":52,"turns":8}],"seed_played":"5192965460833695599","potions_obtained":[{"floor":4,"key":"SteroidPotion"},{"floor":5,"key":"DuplicationPotion"},{"floor":18,"key":"DistilledChaos"}],"is_trial":false,"path_per_floor":["M","?","$","M","M","R","E","R","T","R","M","PTL","PTL","?","M","$","R","B",null,"M","?","M","M","T","E","?","R","T","E","$","E","R","?","R","B",null,"M","AVR","?","M","?","R","M","M","T","$","?","?","E","?","R","B",null],"character_chosen":"SHADE","items_purchased":["Gremlin Food"],"campfire_rested":5,"item_purchase_floors":[16],"current_hp_per_floor":[65,65,65,65,65,65,65,65,65,65,65,65,65,65,61,61,61,51,65,50,50,50,28,28,25,25,44,44,35,35,5,24,24,43,39,70,46,46,46,46,46,67,61,61,61,61,61,61,61,61,66,34],"gold":0,"neow_bonus":"UPGRADE_CARD","is_daily":false,"chose_seed":false,"campfire_upgraded":4,"win_rate":0.0,"timestamp":1608658776,"path_taken":["M","?","$","M","M","R","E","R","T","R","M","PTL","PTL","?","M","?","R","BOSS","M","?","M","M","?","E","?","R","T","E","$","E","R","?","R","BOSS","M","AVR","?","M","?","R","M","M","T","$","?","?","E","?","R","BOSS"],"items_purchased_type":["Relic"],"build_version":"2020-12-13","purchased_purges":0,"victory":true,"max_hp_per_floor":[65,65,65,65,65,65,65,65,65,65,65,65,65,65,65,65,65,65,65,65,65,65,65,65,65,65,65,65,65,65,65,65,65,65,65,70,70,70,70,70,70,70,70,70,70,70,66,66,66,66,66,66],"relic_stats":{"Sozu":5,"counters":[20,95],"StoneCalendar":[104],"Ectoplasm":481,"Juzu Bracelet":1,"War Paint":[],"Cursed Key":1,"obtain_stats":[{"Gremlin Food":16,"Golden Egg":19,"ReplayTheSpireMod:Ninjato":29,"Tiny House":36,"Shade:YorickSkull":0,"Replay:Grab Bag":19,"StoneCalendar":19,"Ring of Chaos":19,"infinitespire:Beetle Shell":19,"Juzu Bracelet":24,"Replay:Mystery Machine":7,"War Paint":49,"Cursed Key":38,"Akabeko":25,"Sozu":19,"Calling Bell":19,"Onion Ring":45,"Ectoplasm":19,"ReplayTheSpireMod:TigerMarble":28,"Red Mask":48,"Mirror":31,"infinitespire:PuzzleCube":9},{"Gremlin Food":6,"Golden Egg":7,"ReplayTheSpireMod:Ninjato":12,"Tiny House":14,"Shade:YorickSkull":0,"Replay:Grab Bag":7,"StoneCalendar":7,"Ring of Chaos":7,"infinitespire:Beetle Shell":7,"Juzu Bracelet":10,"Replay:Mystery Machine":4,"War Paint":19,"Cursed Key":15,"Akabeko":11,"Sozu":7,"Calling Bell":7,"Onion Ring":18,"Ectoplasm":7,"ReplayTheSpireMod:TigerMarble":11,"Red Mask":18,"Mirror":13,"infinitespire:PuzzleCube":4},{"Gremlin Food":22,"Golden Egg":27,"ReplayTheSpireMod:Ninjato":53,"Tiny House":64,"Shade:YorickSkull":0,"Replay:Grab Bag":27,"StoneCalendar":27,"Ring of Chaos":27,"infinitespire:Beetle Shell":27,"Juzu Bracelet":43,"Replay:Mystery Machine":14,"War Paint":87,"Cursed Key":69,"Akabeko":48,"Sozu":27,"Calling Bell":27,"Onion Ring":82,"Ectoplasm":27,"ReplayTheSpireMod:TigerMarble":48,"Red Mask":82,"Mirror":57,"infinitespire:PuzzleCube":14}]},"card_choices":[{"not_picked":["Shade:GreyBargain","Shade:FleshToFlesh","Shade:Haruspicy"],"picked":"SKIP","floor":1},{"not_picked":["Shade:LyeBath","Shade:FuneraryJewels","Shade:FingerOfDeath"],"picked":"SKIP","floor":4},{"not_picked":["Shade:FleshLikeOak","Shade:WallOfFlesh"],"picked":"Shade:AuraOfUnlife","floor":5},{"not_picked":["Shade:GoDigging","Shade:Bonestorm"],"picked":"Shade:Excise","floor":7},{"not_picked":["Shade:Frenzy","Shade:DangerousRitual","Shade:UnbarTheGrave"],"picked":"SKIP","floor":11},{"not_picked":["Shade:SkeletonHug","Shade:PotionOfRestlessness","Shade:Trample"],"picked":"SKIP","floor":15},{"not_picked":["Shade:MadHubris","Shade:Consume"],"picked":"Shade:LichForm","floor":18},{"not_picked":["Shade:FleshToFlesh","Shade:GraveStillness","Shade:DangerousRitual"],"picked":"SKIP","floor":20},{"not_picked":["Shade:RavenousHorde","Shade:Bonestorm+1"],"picked":"Shade:FleshLikeOak","floor":22},{"not_picked":["Shade:SanguineRitual","Shade:SkeletonHug","Shade:FeralStrike"],"picked":"SKIP","floor":23},{"not_picked":["Shade:RavenousHorde","Shade:Frenzy","Shade:Premonition"],"picked":"SKIP","floor":25},{"not_picked":["Shade:SkeletonHug","Shade:ClawBack","Shade:BoneShards"],"picked":"SKIP","floor":29},{"not_picked":["Shade:CloudOfShrapnel","Shade:UnbarTheGrave","Shade:FleshToFlesh+1"],"picked":"SKIP","floor":31},{"not_picked":["Shade:OfferingToTheBeyond","Shade:OneIsEnough"],"picked":"Shade:Coordination","floor":35},{"not_picked":["Shade:FreshBones+1","Shade:FingerOfDeath","Shade:Bonestorm+1"],"picked":"SKIP","floor":37},{"not_picked":["Shade:StitchTogether+1","Shade:Frenzy","Shade:FuneraryArmor"],"picked":"SKIP","floor":40},{"not_picked":["Shade:RavenousHorde+1","Shade:SensePrey","Shade:SpectralStrikes"],"picked":"SKIP","floor":43},{"not_picked":["Shade:CallWraith+1","Shade:AuraOfUnlife","Shade:WallOfFlesh"],"picked":"SKIP","floor":44},{"not_picked":["Shade:RitualOffering","Shade:ClawBack","Shade:SanguineRitual"],"picked":"SKIP","floor":49}],"player_experience":1944377,"relics_obtained":[{"floor":7,"key":"Replay:Mystery Machine"},{"floor":9,"key":"infinitespire:PuzzleCube"},{"floor":19,"key":"infinitespire:Beetle Shell"},{"floor":19,"key":"Golden Egg"},{"floor":19,"key":"StoneCalendar"},{"floor":24,"key":"Juzu Bracelet"},{"floor":25,"key":"Akabeko"},{"floor":28,"key":"ReplayTheSpireMod:TigerMarble"},{"floor":29,"key":"ReplayTheSpireMod:Ninjato"},{"floor":31,"key":"Mirror"},{"floor":45,"key":"Onion Ring"},{"floor":49,"key":"War Paint"}],"event_choices":[{"damage_healed":0,"gold_gain":0,"player_choice":"Simplicity","damage_taken":0,"max_hp_gain":0,"max_hp_loss":5,"event_name":"betterThird:BetterWriting","floor":21,"gold_loss":0},{"damage_healed":0,"gold_gain":0,"player_choice":"Copied","damage_taken":0,"max_hp_gain":0,"max_hp_loss":0,"event_name":"Duplicator","floor":26,"gold_loss":0,"cards_obtained":["Shade:FleshLikeOak"]},{"damage_healed":0,"gold_gain":0,"player_choice":"Ignored","damage_taken":0,"max_hp_gain":0,"max_hp_loss":0,"event_name":"Mysterious Sphere","floor":41,"gold_loss":0},{"damage_healed":0,"gold_gain":0,"player_choice":"Max HP","damage_taken":0,"max_hp_gain":0,"max_hp_loss":4,"event_name":"Winding Halls","floor":47,"gold_loss":0},{"damage_healed":0,"gold_gain":0,"player_choice":"Paid","damage_taken":0,"relics_obtained":["Red Mask"],"max_hp_gain":0,"max_hp_loss":0,"event_name":"Tomb of Lord Red Mask","floor":48,"gold_loss":64},{"damage_healed":0,"gold_gain":0,"player_choice":"Memory 1","damage_taken":0,"max_hp_gain":0,"max_hp_loss":0,"event_name":"SensoryStone","floor":50,"gold_loss":0}],"is_beta":false,"boss_relics":[{"not_picked":["ReplayTheSpireMod:DimensionalGlitch","Astrolabe"],"picked":"Replay:Grab Bag"},{"not_picked":["Velvet Choker","Replay:Bronze Core"],"picked":"Sozu"},{"not_picked":["Busted Crown","Replay:Wanted Poster"],"picked":"Ectoplasm"},{"not_picked":["Kintsugi","Replay:Drink Me"],"picked":"Ring of Chaos"},{"not_picked":["Shade:YorickPolishedSkull","SacredBark"],"picked":"Calling Bell"},{"not_picked":["Coffee Dripper","Abe\u0027s Treasure"],"picked":"Tiny House"}],"items_purged_floors":[],"is_endless":false,"potions_floor_spawned":[4,5,18,31,35,40,44],"ascension_level":2}}