{"host":"llpusn9usp8rznkj","time":1608658240,"event":{"mods":["2.2 Compatiblity","Aspiration","BaseMod","Colored Map","Colored Powertips","Conspire","Hubris","Minty Spire (QoL Compilation)","Quick Restart","Rare Cards Sparkle","Replay The Spire","StSLib","The Cursed"],"gold_per_floor":[111,111,111,126,126,126,140,140,163,193,210,210,223,235,235,235,235],"floor_reached":16,"playtime":382,"items_purged":[],"score":204,"play_id":"8a685c77-80c6-46a0-af99-07a590c6b85b","local_time":"20201222123040","is_ascension_mode":true,"campfire_choices":[{"data":"Dualcast","floor":6,"key":"SMITH"},{"data":"Cold Snap","floor":8,"key":"SMITH"},{"floor":15,"key":"REST"}],"circlet_count":0,"master_deck":["AscendersBane","Strike_B","Strike_B","Strike_B","Strike_B","Defend_B","Defend_B","Defend_B","Defend_B","Zap+1","Dualcast+1","Coolheaded","Cold Snap+1","FTL","Ball Lightning","White Noise"],"relics":["Cracked Core","NeowsBlessing","hubris:Towel","PreservedInsect","aspiration:EnhancedActuators","Happy Flower","aspiration:FaultyCoupler"],"acts_visited":["Exordium"],"potions_floor_usage":[14,16],"damage_taken":[{"damage":0,"enemies":"Cultist","floor":1,"turns":1},{"damage":0,"enemies":"2 Louse","floor":4,"turns":1},{"damage":0,"enemies":"Jaw Worm","floor":7,"turns":1},{"damage":21,"enemies":"Lagavulin","floor":10,"turns":6},{"damage":12,"enemies":"Red Slaver","floor":11,"turns":3},{"damage":1,"enemies":"3 Louse","floor":13,"turns":2},{"damage":0,"enemies":"Gremlin Gang","floor":14,"turns":2},{"damage":52,"enemies":"Slime Boss","floor":16,"turns":6}],"seed_played":"-5492143027586877552","potions_obtained":[{"floor":10,"key":"BlessingOfTheForge"},{"floor":13,"key":"DistilledChaos"},{"floor":14,"key":"Strength Potion"}],"is_trial":false,"path_per_floor":["M","?","?","M","?","R","M","R","T","E","M","T","M","M","R","B"],"character_chosen":"DEFECT","items_purchased":[],"campfire_rested":1,"item_purchase_floors":[],"current_hp_per_floor":[64,64,64,64,64,64,64,64,64,43,31,31,30,30,51,0,0],"gold":235,"neow_bonus":"THREE_ENEMY_KILL","is_daily":false,"chose_seed":false,"campfire_upgraded":2,"win_rate":0.0,"timestamp":1608658240,"path_taken":["M","?","?","?","?","R","M","R","T","E","M","?","M","?","R","BOSS"],"items_purchased_type":[],"build_version":"2020-12-13","purchased_purges":0,"victory":false,"max_hp_per_floor":[71,71,71,71,71,71,71,71,71,71,71,71,71,71,71,71,71],"card_choices":[{"not_picked":["Stack","conspire:SharedLibrary"],"picked":"Coolheaded","floor":1},{"not_picked":["Undo","Stack","Fusion"],"picked":"SKIP","floor":4},{"not_picked":["Conserve Battery","Gash"],"picked":"Cold Snap","floor":7},{"not_picked":["Force Field","Scrape","Turbo"],"picked":"SKIP","floor":10},{"not_picked":["Go for the Eyes","Melter"],"picked":"FTL","floor":11},{"not_picked":["Chill","ReplayTheSpireMod:Repulse"],"picked":"Ball Lightning","floor":13},{"not_picked":["Undo","Leap"],"picked":"White Noise","floor":14}],"player_experience":1118246,"relics_obtained":[{"floor":3,"key":"PreservedInsect"},{"floor":9,"key":"aspiration:EnhancedActuators"},{"floor":10,"key":"Happy Flower"},{"floor":12,"key":"aspiration:FaultyCoupler"}],"event_choices":[{"damage_healed":0,"gold_gain":0,"player_choice":"Relic","damage_taken":0,"max_hp_gain":0,"max_hp_loss":0,"event_name":"Wheel of Change","floor":3,"gold_loss":0}],"is_beta":false,"boss_relics":[],"items_purged_floors":[],"is_endless":false,"potions_floor_spawned":[10,13,14],"killed_by":"Slime Boss","ascension_level":20}}