{"host":"w4b7hmige5bnqipq","time":1608663931,"event":{"mods":["BaseMod","Minty Spire (QoL Compilation)","Rare Cards Sparkle","SuperFastMode","everything is the same but u backflip on backflip","slay the spire mod where everything is the same but ironclad has a cowboy hat"],"gold_per_floor":[112,122,122,139,149,149,174,254,254,268,302,227,227,242,242,316,316,335,260,270,15,15,15],"floor_reached":22,"playtime":601,"items_purged":["Strike_R","Inflame+1"],"score":363,"play_id":"54f10e8e-63c1-4dc0-a944-86ec5ca21ec9","local_time":"20201223040531","is_ascension_mode":true,"campfire_choices":[{"data":"Flex","floor":6,"key":"SMITH"},{"data":"Demon Form","floor":13,"key":"SMITH"},{"data":"Hemokinesis","floor":15,"key":"SMITH"}],"circlet_count":0,"master_deck":["AscendersBane","Strike_R","Defend_R","Defend_R","Bash+1","Flex+1","Hemokinesis+1","Iron Wave","Dropkick","Cleave","Battle Trance","Demon Form+1","Barricade","Entrench+1","Berserk+1","Feel No Pain","Twin Strike","Evolve"],"relics":["Burning Blood","StoneCalendar","Paper Frog","Gremlin Horn","Toy Ornithopter","Astrolabe","Membership Card"],"acts_visited":["Exordium","TheCity"],"potions_floor_usage":[7,11,14,16,18,20],"damage_taken":[{"damage":6,"enemies":"Jaw Worm","floor":1,"turns":4},{"damage":1,"enemies":"Cultist","floor":2,"turns":3},{"damage":3,"enemies":"Small Slimes","floor":4,"turns":4},{"damage":9,"enemies":"2 Fungi Beasts","floor":5,"turns":4},{"damage":34,"enemies":"Lagavulin","floor":7,"turns":5},{"damage":2,"enemies":"Lots of Slimes","floor":10,"turns":1},{"damage":13,"enemies":"3 Sentries","floor":11,"turns":6},{"damage":7,"enemies":"Gremlin Gang","floor":14,"turns":4},{"damage":30,"enemies":"Slime Boss","floor":16,"turns":6},{"damage":29,"enemies":"Shell Parasite","floor":18,"turns":4},{"damage":35,"enemies":"3 Byrds","floor":20,"turns":4},{"damage":36,"enemies":"Snake Plant","floor":22,"turns":1}],"seed_played":"-2506632630213086361","potions_obtained":[{"floor":2,"key":"FearPotion"},{"floor":4,"key":"EssenceOfSteel"},{"floor":10,"key":"Swift Potion"},{"floor":11,"key":"Swift Potion"},{"floor":14,"key":"Strength Potion"},{"floor":18,"key":"Regen Potion"}],"is_trial":false,"path_per_floor":["M","M","?","M","M","R","E","T","T","M","E","$","R","M","R","B",null,"M","?","M","$","M"],"character_chosen":"IRONCLAD","items_purchased":["Membership Card","Evolve"],"campfire_rested":0,"item_purchase_floors":[21,21],"current_hp_per_floor":[68,73,73,75,72,72,44,44,44,48,41,41,41,45,45,26,63,45,45,33,33,0,0],"gold":15,"neow_bonus":"UPGRADE_CARD","is_daily":false,"chose_seed":false,"campfire_upgraded":3,"win_rate":0.0,"timestamp":1608663931,"path_taken":["M","M","?","?","M","R","E","?","T","?","E","$","R","M","R","BOSS","M","?","M","$","M"],"items_purchased_type":["Relic","Card"],"build_version":"2020-12-13","purchased_purges":2,"victory":false,"max_hp_per_floor":[75,75,75,75,75,75,75,75,75,75,75,75,75,75,75,75,75,75,75,75,75,75,75],"card_choices":[{"not_picked":["Warcry","Disarm"],"picked":"Flex","floor":1},{"not_picked":["Armaments","Sentinel"],"picked":"Hemokinesis","floor":2},{"not_picked":["Warcry","Havoc","Perfected Strike"],"picked":"SKIP","floor":4},{"not_picked":["Cleave","Warcry"],"picked":"Dropkick","floor":5},{"not_picked":["Clash","Body Slam"],"picked":"Cleave","floor":7},{"not_picked":["Rampage","Ghostly Armor"],"picked":"Battle Trance","floor":10},{"not_picked":["Clash","Headbutt"],"picked":"Demon Form","floor":11},{"not_picked":["Intimidate","Headbutt","Wild Strike"],"picked":"SKIP","floor":14},{"not_picked":["Bludgeon","Exhume"],"picked":"Barricade","floor":16},{"not_picked":["Clothesline","Battle Trance"],"picked":"Feel No Pain","floor":18},{"not_picked":["Uppercut","Flex"],"picked":"Twin Strike","floor":20}],"player_experience":413152,"relics_obtained":[{"floor":7,"key":"StoneCalendar"},{"floor":8,"key":"Paper Frog"},{"floor":9,"key":"Gremlin Horn"},{"floor":11,"key":"Toy Ornithopter"}],"event_choices":[{"damage_healed":0,"gold_gain":0,"cards_transformed":["Strike_R"],"player_choice":"Transformed","damage_taken":0,"max_hp_gain":0,"max_hp_loss":0,"event_name":"Transmorgrifier","floor":3,"gold_loss":0,"cards_obtained":["Iron Wave"]},{"cards_removed":["Strike_R"],"damage_healed":0,"gold_gain":0,"player_choice":"Gave Gold","damage_taken":0,"max_hp_gain":0,"max_hp_loss":0,"event_name":"Beggar","floor":19,"gold_loss":75}],"is_beta":false,"boss_relics":[{"not_picked":["Runic Pyramid","Runic Cube"],"picked":"Astrolabe"}],"items_purged_floors":[12,21],"is_endless":false,"potions_floor_spawned":[2,4,10,11,14,18],"killed_by":"Snake Plant","ascension_level":17}}