{"host":"t0zrw5dahhy31ra8","time":1608602008,"event":{"mods":["BaseMod","Downfall","Minty Spire (QoL Compilation)","StSLib"],"gold_per_floor":[99,99,111,26,26,49,49,71,98,118,132,162,162,162,184,184,184,184],"floor_reached":16,"playtime":1607,"items_purged":[],"score":104,"play_id":"a5fbdf70-348c-48d5-80f1-5259c68c114f","local_time":"20201221185328","is_ascension_mode":false,"campfire_choices":[{"floor":1,"key":"RECALL"},{"data":"hexamod:ExtraCrispy","floor":13,"key":"SMITH"}],"circlet_count":0,"master_deck":["hexamod:Strike","hexamod:Strike","hexamod:Strike","hexamod:Strike","hexamod:Defend","hexamod:Defend","hexamod:Defend","hexamod:Defend","hexamod:Sear","hexamod:Float","hexamod:InspiringFlames","hexamod:ExtraCrispy+1","hexamod:SecondSeal","hexamod:FirstSeal","hexamod:Firestarter","hexamod:StepThrough","hexamod:BurningTouch","hexamod:RadiantFlame","hexamod:ThermalTransfer","hexamod:DynamicBlow","hexamod:HauntingEcho"],"relics":["Sozu","downfall:ShatteredFragment","Pantograph","Ice Cream"],"acts_visited":["Exordium"],"potions_floor_usage":[],"damage_taken":[{"damage":1,"enemies":"Cultist","floor":3,"turns":3},{"damage":0,"enemies":"downfall:FleeingMerchant","floor":4,"turns":4},{"damage":2,"enemies":"Small Slimes","floor":6,"turns":3},{"damage":11,"enemies":"2 Louse","floor":8,"turns":3},{"damage":13,"enemies":"Gremlin Gang","floor":9,"turns":5},{"damage":10,"enemies":"Blue Slaver","floor":10,"turns":4},{"damage":6,"enemies":"3 Louse","floor":11,"turns":3},{"damage":2,"enemies":"Gremlin Nob","floor":12,"turns":3},{"damage":8,"enemies":"Large Slime","floor":15,"turns":5},{"damage":53,"enemies":"downfall:Defect","floor":16,"turns":6}],"seed_played":"2837446937712443367","potions_obtained":[],"is_trial":false,"path_per_floor":["R","?","M","$","?","M","T","M","M","M","M","E","R","?","M","B"],"character_chosen":"THE_SPIRIT","items_purchased":["hexamod:SecondSeal"],"campfire_rested":0,"item_purchase_floors":[4],"current_hp_per_floor":[70,49,48,48,41,46,46,42,36,33,34,32,32,32,24,0,0,0],"gold":184,"neow_bonus":"BOSS_RELIC","is_daily":false,"chose_seed":false,"campfire_upgraded":1,"win_rate":0.0,"timestamp":1608602008,"path_taken":["R","?","M","$","?","M","T","M","M","M","M","E","R","?","M","BOSS"],"items_purchased_type":["Card"],"build_version":"2020-12-13","purchased_purges":0,"victory":false,"max_hp_per_floor":[70,70,70,70,70,70,70,70,70,70,70,70,70,70,70,70,70,70],"card_choices":[{"not_picked":["hexamod:SwordOfDarkness","hexamod:BacktrackSmack"],"picked":"hexamod:InspiringFlames","floor":3},{"not_picked":["hexamod:Hexaguard","hexamod:GhostLash"],"picked":"hexamod:ExtraCrispy","floor":4},{"not_picked":["hexamod:RetreatToShadows","hexamod:CatchUp"],"picked":"hexamod:Firestarter","floor":6},{"not_picked":["hexamod:GhostLash","hexamod:InspiringFlames"],"picked":"hexamod:StepThrough","floor":8},{"not_picked":["hexamod:FastForward","hexamod:ShieldOfDarkness"],"picked":"hexamod:BurningTouch","floor":9},{"not_picked":["hexamod:UnleashSpirits","hexamod:GhostShield"],"picked":"hexamod:RadiantFlame","floor":10},{"not_picked":["hexamod:FastForward","hexamod:GhostShield"],"picked":"hexamod:ThermalTransfer","floor":11},{"not_picked":["hexamod:SwordOfDarkness","hexamod:Incineration"],"picked":"hexamod:DynamicBlow","floor":12},{"not_picked":["hexamod:GhostLash","hexamod:FastForward"],"picked":"hexamod:HauntingEcho","floor":15}],"player_experience":198137,"relics_obtained":[{"floor":7,"key":"Pantograph"},{"floor":12,"key":"Ice Cream"}],"event_choices":[{"damage_healed":0,"gold_gain":0,"player_choice":"Got Potions","damage_taken":0,"max_hp_gain":0,"max_hp_loss":0,"event_name":"Lab","floor":14,"gold_loss":0}],"is_beta":false,"boss_relics":[],"items_purged_floors":[],"is_endless":false,"potions_floor_spawned":[8,11,12,15],"killed_by":"downfall:Defect","ascension_level":0}}