{"host":"rjx4accq0ysw8w2o","time":1608670728,"event":{"mods":["AchievementEnabler","BaseMod","Block Reminder","Colored Map","Colored Powertips","DeckTracker","Highlight Path","Minty Spire (QoL Compilation)","Quick Restart","Rare Cards Sparkle"],"gold_per_floor":[17,17,17,17,28,28,28,28,28,53,78,103,28,28,28,153,153,168,168,181,47,72,72,103,193,193,208,221,140,239,263,263,383,446,471,471,95,95,108,108,129,129,129,129,142,155,155,155,155,155],"floor_reached":51,"playtime":3120,"items_purged":["Defend_B","Strike_B","Defend_B"],"score":762,"play_id":"7389abe9-ac1e-4616-ad58-c1aba56d7f36","local_time":"20201222215848","is_ascension_mode":true,"campfire_choices":[{"data":"Zap","floor":6.0,"key":"SMITH"},{"floor":8.0,"key":"REST"},{"floor":15.0,"key":"REST"},{"data":"Aggregate","floor":23.0,"key":"SMITH"},{"floor":32.0,"key":"REST"},{"data":"Dualcast","floor":40.0,"key":"SMITH"},{"floor":42.0,"key":"RECALL"},{"data":"Thunder Strike","floor":44.0,"key":"SMITH"},{"data":"Leap","floor":47.0,"key":"SMITH"},{"floor":49.0,"key":"REST"}],"circlet_count":0,"master_deck":["Strike_B+1","Strike_B+1","Defend_B+1","Defend_B","Zap+1","Dualcast+1","Electrodynamics+1","Leap+1","Thunder Strike+1","Glacier+1","Aggregate+1","Ball Lightning+1","Amplify","Conserve Battery+1"],"relics":["Cracked Core","White Beast Statue","Golden Idol","Shuriken","Ginger","Juzu Bracelet","Tiny House","Sundial","Bag of Preparation"],"acts_visited":["Exordium","TheCity","TheBeyond"],"potions_floor_usage":[50,50,50],"damage_taken":[{"damage":5.0,"enemies":"Jaw Worm","floor":1.0,"turns":4.0},{"damage":2.0,"enemies":"Small Slimes","floor":5.0,"turns":3.0},{"damage":0.0,"enemies":"Cultist","floor":10.0,"turns":3.0},{"damage":0.0,"enemies":"Large Slime","floor":11.0,"turns":3.0},{"damage":3.0,"enemies":"Red Slaver","floor":12.0,"turns":4.0},{"damage":11.0,"enemies":"Slime Boss","floor":16.0,"turns":7.0},{"damage":0.0,"enemies":"Spheric Guardian","floor":18.0,"turns":3.0},{"damage":0.0,"enemies":"Chosen","floor":20.0,"turns":4.0},{"damage":0.0,"enemies":"Centurion and Healer","floor":22.0,"turns":6.0},{"damage":14.0,"enemies":"Slavers","floor":24.0,"turns":4.0},{"damage":0.0,"enemies":"Sentry and Sphere","floor":27.0,"turns":3.0},{"damage":0.0,"enemies":"Snecko","floor":28.0,"turns":5.0},{"damage":2.0,"enemies":"3 Cultists","floor":31.0,"turns":3.0},{"damage":47.0,"enemies":"Automaton","floor":33.0,"turns":10.0},{"damage":0.0,"enemies":"3 Shapes","floor":35.0,"turns":4.0},{"damage":0.0,"enemies":"3 Darklings","floor":39.0,"turns":2.0},{"damage":5.0,"enemies":"4 Shapes","floor":41.0,"turns":2.0},{"damage":11.0,"enemies":"Jaw Worm Horde","floor":45.0,"turns":3.0},{"damage":18.0,"enemies":"Transient","floor":46.0,"turns":5.0},{"damage":66,"enemies":"Awakened One","floor":50,"turns":18}],"seed_played":"6183431506196892100","potions_obtained":[{"floor":1.0,"key":"AttackPotion"},{"floor":5.0,"key":"Weak Potion"},{"floor":10.0,"key":"FearPotion"},{"floor":12.0,"key":"Fire Potion"},{"floor":16.0,"key":"LiquidMemories"},{"floor":18.0,"key":"Fruit Juice"},{"floor":20.0,"key":"Block Potion"},{"floor":22.0,"key":"Block Potion"},{"floor":24.0,"key":"Block Potion"},{"floor":27.0,"key":"DistilledChaos"},{"floor":28.0,"key":"Block Potion"},{"floor":31.0,"key":"ColorlessPotion"},{"floor":33.0,"key":"Weak Potion"},{"floor":34.0,"key":"FearPotion"},{"floor":35.0,"key":"FearPotion"},{"floor":39.0,"key":"Regen Potion"},{"floor":41.0,"key":"Explosive Potion"},{"floor":45.0,"key":"Energy Potion"},{"floor":46.0,"key":"Fire Potion"}],"is_trial":false,"path_per_floor":["M","?","?","T","M","R","?","R","T","M","M","M","$","?","R","B",null,"M","?","M","$","M","R","E","?","T","M","M","?","?","M","R","B",null,"M","?","$","?","M","R","M","R","T","R","M","M","R","?","R","B",null],"character_chosen":"DEFECT","items_purchased":["Aggregate","Sundial"],"campfire_rested":4,"item_purchase_floors":[21,37],"current_hp_per_floor":[70,70,63,63,61,61,43,65,65,65,65,62,62,47,69,58,75,80,80,80,80,80,80,66,54,54,54,54,54,54,52,76,29,85,85,85,85,85,85,85,80,80,80,80,69,51,51,51,76,25],"gold":155,"neow_bonus":"THREE_RARE_CARDS","is_daily":false,"chose_seed":false,"campfire_upgraded":5,"win_rate":0.0,"timestamp":1608670728,"path_taken":["M","?","?","?","M","R","?","R","T","M","M","M","$","?","R","BOSS","M","?","M","$","M","R","E","?","T","M","?","?","?","M","R","BOSS","M","?","$","?","M","R","M","R","T","R","M","M","R","?","R","BOSS"],"items_purchased_type":["Card","Relic"],"build_version":"2020-12-13","purchased_purges":3,"victory":true,"max_hp_per_floor":[75,75,75,75,75,75,75,75,75,75,75,75,75,75,75,75,75,80,80,80,80,80,80,80,80,80,80,80,80,80,80,80,80,85,85,85,85,85,85,85,85,85,85,85,85,85,85,85,85,85],"card_choices":[{"not_picked":["Machine Learning","Rainbow"],"picked":"Electrodynamics","floor":0.0},{"not_picked":["White Noise","Turbo"],"picked":"Leap","floor":1.0},{"not_picked":["Consume","Gash","Streamline"],"picked":"SKIP","floor":5.0},{"not_picked":["Barrage","Fusion","Leap"],"picked":"SKIP","floor":10.0},{"not_picked":["Stack","Go for the Eyes","Streamline"],"picked":"SKIP","floor":11.0},{"not_picked":["Steam","Rebound","Gash"],"picked":"SKIP","floor":12.0},{"not_picked":["Echo Form","All For One"],"picked":"Thunder Strike","floor":16.0},{"not_picked":["Cold Snap","Streamline"],"picked":"Glacier+1","floor":18.0},{"not_picked":["Steam","Barrage","Melter"],"picked":"SKIP","floor":20.0},{"not_picked":["Chill","Coolheaded","Go for the Eyes"],"picked":"SKIP","floor":22.0},{"not_picked":["Redo","Beam Cell","Reprogram"],"picked":"SKIP","floor":24.0},{"not_picked":["Hello World","Sunder"],"picked":"Ball Lightning+1","floor":27.0},{"not_picked":["Chaos","Streamline","Coolheaded"],"picked":"SKIP","floor":28.0},{"not_picked":["Lockon","Streamline","Cold Snap"],"picked":"SKIP","floor":31.0},{"not_picked":["Electrodynamics","Fission"],"picked":"Amplify","floor":33.0},{"not_picked":["Streamline","Compile Driver","Coolheaded+1"],"picked":"SKIP","floor":35.0},{"not_picked":["Barrage","Coolheaded+1"],"picked":"Conserve Battery+1","floor":39.0},{"not_picked":["White Noise","Sweeping Beam+1","Turbo"],"picked":"SKIP","floor":41.0},{"not_picked":["Barrage+1","Streamline+1","Scrape"],"picked":"SKIP","floor":45.0},{"not_picked":["Leap","Auto Shields","Biased Cognition"],"picked":"SKIP","floor":46.0}],"player_experience":91373,"relics_obtained":[{"floor":4.0,"key":"White Beast Statue"},{"floor":24.0,"key":"Shuriken"},{"floor":26.0,"key":"Ginger"},{"floor":43.0,"key":"Bag of Preparation"}],"event_choices":[{"damage_healed":0.0,"max_hp_gain":0.0,"max_hp_loss":0.0,"gold_gain":0.0,"event_name":"Living Wall","player_choice":"Grow","floor":2.0,"gold_loss":0.0,"damage_taken":0.0,"cards_upgraded":["Electrodynamics"]},{"cards_removed":["Strike_B"],"damage_healed":0.0,"max_hp_gain":0.0,"max_hp_loss":0.0,"gold_gain":0.0,"event_name":"Golden Wing","player_choice":"Card Removal","floor":3.0,"gold_loss":0.0,"damage_taken":7.0},{"damage_healed":0.0,"max_hp_gain":0.0,"max_hp_loss":0.0,"gold_gain":0.0,"event_name":"Golden Idol","player_choice":"Take Damage","floor":7.0,"gold_loss":0.0,"damage_taken":18.0,"relics_obtained":["Golden Idol"]},{"damage_healed":0.0,"max_hp_gain":0.0,"max_hp_loss":0.0,"gold_gain":0.0,"event_name":"Shining Light","player_choice":"Entered Light","floor":14.0,"gold_loss":0.0,"damage_taken":15.0,"cards_upgraded":["Strike_B","Strike_B"]},{"damage_healed":0.0,"max_hp_gain":0.0,"max_hp_loss":0.0,"gold_gain":0.0,"event_name":"Ghosts","player_choice":"Ignored","floor":19.0,"gold_loss":0.0,"damage_taken":0.0},{"damage_healed":0.0,"max_hp_gain":0.0,"max_hp_loss":0.0,"gold_gain":90.0,"event_name":"Knowing Skull","player_choice":"GOLD ","floor":25.0,"potions_obtained":[],"gold_loss":0.0,"damage_taken":12.0,"cards_obtained":[]},{"damage_healed":0.0,"max_hp_gain":0.0,"max_hp_loss":0.0,"gold_gain":0.0,"event_name":"WeMeetAgain","player_choice":"Paid Gold","floor":29.0,"gold_loss":81.0,"damage_taken":0.0,"relics_obtained":["Juzu Bracelet"]},{"damage_healed":0.0,"max_hp_gain":0.0,"max_hp_loss":0.0,"gold_gain":99.0,"event_name":"Nest","player_choice":"Stole From Cult","floor":30.0,"gold_loss":0.0,"damage_taken":0.0},{"damage_healed":0.0,"max_hp_gain":0.0,"max_hp_loss":0.0,"gold_gain":0.0,"event_name":"SensoryStone","player_choice":"Memory 1","floor":36.0,"gold_loss":0.0,"damage_taken":0.0},{"damage_healed":0.0,"max_hp_gain":0.0,"max_hp_loss":0.0,"gold_gain":0.0,"event_name":"SecretPortal","player_choice":"Ignored","floor":38.0,"gold_loss":0.0,"damage_taken":0.0},{"damage_healed":0.0,"max_hp_gain":0.0,"max_hp_loss":0.0,"gold_gain":0.0,"event_name":"The Moai Head","player_choice":"Ignored","floor":48.0,"gold_loss":0.0,"damage_taken":0.0}],"is_beta":false,"boss_relics":[{"not_picked":["Snecko Eye","Coffee Dripper","Runic Dome"]},{"not_picked":["Black Star","Astrolabe"],"picked":"Tiny House"}],"items_purged_floors":[13,21,37],"is_endless":false,"potions_floor_spawned":[1,5,10,11,12,16,18,20,22,24,27,28,31,33,35,39,41,45,46],"ascension_level":1}}