{"host":"fjaupvxe7fzqrf4j","time":1608625001,"event":{"mods":["BaseMod","Minty Spire (QoL Compilation)","StSLib"],"gold_per_floor":[112,262,232,157,170,201,201,234,260,289,317,344,359,359,359,430,430,442,342,354,354,229,263,263,296,373,403,428,428,463,497,497,575,575,588,418,418,156,205,237,272,303,303,334,204,234,261,292,292,292,292,292,292,24,56,56],"floor_reached":57,"playtime":1454,"items_purged":["Doubt","Underhanded Strike","Shame"],"score":4804,"play_id":"4099c027-f7dd-400a-8320-35144df93210","local_time":"20201222161640","daily_mods":["SealedDeck","Heirloom","Time Dilation","Flight","Elite Swarm"],"is_ascension_mode":true,"campfire_choices":[{"data":"Concentrate","floor":7.0,"key":"SMITH"},{"data":"Reflex","floor":15.0,"key":"SMITH"},{"data":"Tactician","floor":24.0,"key":"SMITH"},{"data":"Acrobatics","floor":32.0,"key":"SMITH"},{"floor":49.0,"key":"RECALL"},{"data":"Footwork","floor":53,"key":"SMITH"}],"circlet_count":0,"master_deck":["AscendersBane","Escape Plan+1","Concentrate+1","Reflex+1","Tactician+1","Terror+1","Acrobatics+1","Grand Finale+1","Footwork+1","After Image","Calculated Gamble+1","Adrenaline+1","Malaise+1"],"relics":["Ring of the Snake","FossilizedHelix","Regal Pillow","Thread and Needle","Sundial","Paper Crane","Gambling Chip","WristBlade","Bag of Preparation","Ginger","The Courier","Mummified Hand","Question Card","Toxic Egg 2","Prayer Wheel","Happy Flower","Empty Cage","Medical Kit","Unceasing Top","Calipers","Blood Vial","Bottled Lightning","Darkstone Periapt","Frozen Egg 2","MealTicket","War Paint","Shuriken","StrikeDummy","TheAbacus","Whetstone","Pear"],"acts_visited":["Exordium","TheCity","TheBeyond","TheEnding"],"potions_floor_usage":[56,56],"damage_taken":[{"damage":0.0,"enemies":"2 Louse","floor":1.0,"turns":1.0},{"damage":0.0,"enemies":"Small Slimes","floor":5.0,"turns":1.0},{"damage":0.0,"enemies":"Lagavulin","floor":6.0,"turns":1.0},{"damage":0.0,"enemies":"3 Sentries","floor":8.0,"turns":2.0},{"damage":0.0,"enemies":"Lagavulin","floor":10.0,"turns":1.0},{"damage":0.0,"enemies":"3 Sentries","floor":11.0,"turns":2.0},{"damage":0.0,"enemies":"Gremlin Nob","floor":12.0,"turns":1.0},{"damage":0.0,"enemies":"Cultist","floor":13.0,"turns":1.0},{"damage":0.0,"enemies":"Hexaghost","floor":16.0,"turns":1.0},{"damage":0.0,"enemies":"3 Byrds","floor":18.0,"turns":1.0},{"damage":0.0,"enemies":"Shell Parasite","floor":20.0,"turns":1.0},{"damage":0.0,"enemies":"Slavers","floor":23.0,"turns":1.0},{"damage":0.0,"enemies":"Gremlin Leader","floor":25.0,"turns":1.0},{"damage":0.0,"enemies":"Book of Stabbing","floor":27.0,"turns":1.0},{"damage":0.0,"enemies":"Slavers","floor":28.0,"turns":1.0},{"damage":0.0,"enemies":"Book of Stabbing","floor":30.0,"turns":1.0},{"damage":0.0,"enemies":"Gremlin Leader","floor":31.0,"turns":1.0},{"damage":0.0,"enemies":"Champ","floor":33.0,"turns":1.0},{"damage":0.0,"enemies":"3 Darklings","floor":35.0,"turns":1.0},{"damage":0.0,"enemies":"2 Orb Walkers","floor":39.0,"turns":1.0},{"damage":0.0,"enemies":"Giant Head","floor":40.0,"turns":1.0},{"damage":0.0,"enemies":"Nemesis","floor":41.0,"turns":1.0},{"damage":0.0,"enemies":"Reptomancer","floor":42.0,"turns":1.0},{"damage":0.0,"enemies":"Giant Head","floor":44.0,"turns":1.0},{"damage":0.0,"enemies":"Reptomancer","floor":46.0,"turns":1.0},{"damage":0.0,"enemies":"Giant Head","floor":47.0,"turns":1.0},{"damage":0.0,"enemies":"Reptomancer","floor":48.0,"turns":1.0},{"damage":0,"enemies":"Awakened One","floor":50,"turns":2},{"damage":0,"enemies":"Donu and Deca","floor":51,"turns":1},{"damage":0,"enemies":"Shield and Spear","floor":55,"turns":1},{"damage":0,"enemies":"The Heart","floor":56,"turns":5}],"seed_played":"-8034303684908784370","potions_obtained":[{"floor":3.0,"key":"DistilledChaos"},{"floor":3.0,"key":"SpeedPotion"},{"floor":8.0,"key":"Block Potion"},{"floor":13.0,"key":"DuplicationPotion"},{"floor":31.0,"key":"Fruit Juice"},{"floor":33.0,"key":"FearPotion"},{"floor":39.0,"key":"Ancient Potion"}],"is_trial":true,"path_per_floor":["M","?","?","$","M","E","R","E","T","E","E","E","M","?","R","B",null,"M","$","M","?","$","E","R","E","T","E","E","?","E","E","R","B",null,"M","$","?","$","?","E","E","E","T","E","$","E","E","E","R","B","B",null,"R","$","E","B",null],"character_chosen":"THE_SILENT","items_purchased":["Medical Kit","Calculated Gamble+1","Unceasing Top","War Paint","TheAbacus","Whetstone"],"campfire_rested":0,"item_purchase_floors":[36,36,38,45,54,54],"current_hp_per_floor":[59,59,59,59,59,59,59,59,59,59,59,59,59,59,59,59,64,64,64,64,64,64,64,64,64,64,64,64,64,64,69,69,69,71,71,71,81,81,81,81,81,81,81,81,81,81,81,81,81,81,81,81,81,81,91,91],"gold":56,"neow_bonus":"","is_daily":false,"chose_seed":false,"campfire_upgraded":5,"win_rate":0.0,"timestamp":1608625000,"path_taken":["M","?","?","$","?","E","R","E","T","E","E","E","?","?","R","BOSS","M","$","?","?","$","E","R","E","T","E","E","?","E","E","R","BOSS","M","$","?","?","?","E","E","E","T","E","$","E","E","E","R","BOSS","BOSS","R","$","E","BOSS"],"items_purchased_type":["Relic","Card","Relic","Relic","Relic","Relic"],"build_version":"2020-12-13","purchased_purges":3,"victory":true,"max_hp_per_floor":[66,66,66,66,66,66,66,66,66,66,66,66,66,66,66,66,66,66,66,66,66,66,66,66,66,66,66,66,66,66,71,71,71,71,71,71,81,81,81,81,81,81,81,81,81,81,81,81,81,81,81,81,81,81,91,91],"card_choices":[{"not_picked":["Heel Hook","Quick Slash","All Out Attack"],"picked":"SKIP","floor":1.0},{"not_picked":["PiercingWail","Slice","Accuracy"],"picked":"SKIP","floor":5.0},{"not_picked":["Venomology","Envenom","Malaise"],"picked":"SKIP","floor":6.0},{"not_picked":["Glass Knife","Corpse Explosion","Malaise"],"picked":"SKIP","floor":8.0},{"not_picked":["Night Terror","Doppelganger","Glass Knife"],"picked":"SKIP","floor":10.0},{"not_picked":["Burst","Doppelganger","Night Terror"],"picked":"SKIP","floor":11.0},{"not_picked":["Envenom","Corpse Explosion"],"picked":"Grand Finale","floor":12.0},{"not_picked":["Escape Plan","Blade Dance","Outmaneuver"],"picked":"SKIP","floor":13.0},{"not_picked":["Burst","Doppelganger"],"picked":"After Image","floor":16.0},{"not_picked":["Poisoned Stab","Cloak And Dagger","Dagger Throw"],"picked":"SKIP","floor":18.0},{"not_picked":["Deadly Poison","Cloak And Dagger","Underhanded Strike"],"picked":"SKIP","floor":20.0},{"not_picked":["Venomology","Doppelganger"],"picked":"Adrenaline","floor":23.0},{"not_picked":["Glass Knife","Die Die Die","Grand Finale"],"picked":"SKIP","floor":25.0},{"not_picked":["A Thousand Cuts","Malaise","Adrenaline"],"picked":"SKIP","floor":27.0},{"not_picked":["Phantasmal Killer+1","Malaise+1","Adrenaline+1","Unload"],"picked":"SKIP","floor":28.0},{"not_picked":["Bullet Time+1","A Thousand Cuts","Adrenaline+1","Venomology+1"],"picked":"SKIP","floor":30.0},{"not_picked":["Grand Finale","Phantasmal Killer+1","Doppelganger+1","Glass Knife"],"picked":"SKIP","floor":31.0},{"not_picked":["Deflect+1","Outmaneuver+1","Noxious Fumes","Acrobatics+1"],"picked":"SKIP","floor":35.0},{"not_picked":["Outmaneuver+1","Predator","Choke+1","Underhanded Strike+1"],"picked":"SKIP","floor":35.0},{"not_picked":["Burst+1","Tools of the Trade","Phantasmal Killer+1"],"picked":"Adrenaline+1","floor":40.0},{"not_picked":["Venomology+1","A Thousand Cuts","Night Terror+1","After Image"],"picked":"SKIP","floor":41.0},{"not_picked":["Phantasmal Killer+1","Envenom","Doppelganger+1","Storm of Steel+1"],"picked":"SKIP","floor":42.0},{"not_picked":["Phantasmal Killer+1","After Image+1","Tools of the Trade+1","Venomology+1"],"picked":"SKIP","floor":44.0},{"not_picked":["After Image+1","Doppelganger+1","Die Die Die","Venomology+1"],"picked":"SKIP","floor":46.0},{"not_picked":["Corpse Explosion+1","Doppelganger+1","Tools of the Trade+1","Venomology+1"],"picked":"SKIP","floor":47.0},{"not_picked":["Glass Knife","Phantasmal Killer+1","Corpse Explosion+1"],"picked":"Malaise+1","floor":48.0},{"not_picked":["Unload","Bullet Time+1","Glass Knife","A Thousand Cuts+1"],"picked":"SKIP","floor":55}],"player_experience":239276,"relics_obtained":[{"floor":6.0,"key":"Regal Pillow"},{"floor":8.0,"key":"Thread and Needle"},{"floor":10.0,"key":"Sundial"},{"floor":11.0,"key":"Paper Crane"},{"floor":12.0,"key":"Gambling Chip"},{"floor":23.0,"key":"Ginger"},{"floor":25.0,"key":"The Courier"},{"floor":26.0,"key":"Mummified Hand"},{"floor":27.0,"key":"Question Card"},{"floor":28.0,"key":"Toxic Egg 2"},{"floor":30.0,"key":"Prayer Wheel"},{"floor":31.0,"key":"Happy Flower"},{"floor":39.0,"key":"Calipers"},{"floor":40.0,"key":"Blood Vial"},{"floor":41.0,"key":"Bottled Lightning"},{"floor":42.0,"key":"Darkstone Periapt"},{"floor":43.0,"key":"Frozen Egg 2"},{"floor":44.0,"key":"MealTicket"},{"floor":46.0,"key":"Shuriken"},{"floor":47.0,"key":"StrikeDummy"},{"floor":55,"key":"Pear"}],"event_choices":[{"damage_healed":0.0,"max_hp_gain":0.0,"max_hp_loss":0.0,"gold_gain":150.0,"event_name":"Liars Game","player_choice":"AGREE","floor":2.0,"gold_loss":0.0,"damage_taken":0.0,"cards_obtained":["Doubt"]},{"damage_healed":0.0,"max_hp_gain":0.0,"max_hp_loss":0.0,"gold_gain":0.0,"event_name":"The Woman in Blue","player_choice":"Bought 2 Potions","floor":3.0,"gold_loss":0.0,"damage_taken":0.0},{"damage_healed":0.0,"max_hp_gain":0.0,"max_hp_loss":0.0,"gold_gain":0.0,"cards_transformed":["Masterful Stab"],"event_name":"Transmorgrifier","player_choice":"Transformed","floor":14.0,"gold_loss":0.0,"damage_taken":0.0,"cards_obtained":["Footwork"]},{"damage_healed":0.0,"max_hp_gain":0.0,"max_hp_loss":0.0,"gold_gain":0.0,"event_name":"Addict","player_choice":"Stole Relic","floor":21.0,"gold_loss":0.0,"damage_taken":0.0,"relics_obtained":["Bag of Preparation"],"cards_obtained":["Shame"]},{"damage_healed":0.0,"max_hp_gain":0.0,"max_hp_loss":0.0,"gold_gain":0.0,"event_name":"Ghosts","player_choice":"Ignored","floor":29.0,"gold_loss":0.0,"damage_taken":0.0},{"cards_removed":["Adrenaline"],"damage_healed":0.0,"max_hp_gain":10.0,"max_hp_loss":0.0,"gold_gain":0.0,"event_name":"Bonfire Elementals","player_choice":"Offered Rare","floor":37.0,"gold_loss":0.0,"damage_taken":0.0},{"damage_healed":0.0,"max_hp_gain":0.0,"max_hp_loss":0.0,"gold_gain":0.0,"event_name":"Mysterious Sphere","player_choice":"Fight","floor":39.0,"gold_loss":0.0,"damage_taken":0.0}],"is_beta":false,"boss_relics":[{"not_picked":["Runic Dome","Sozu"],"picked":"WristBlade"},{"not_picked":["Fusion Hammer","SacredBark"],"picked":"Empty Cage"}],"items_purged_floors":[4,19,22],"is_endless":false,"potions_floor_spawned":[6,8,12,13,16,20,28,30,31,33,39,44,47,48],"ascension_level":20}}