{"host":"sufkhx3gqml4n92r","time":1608616100,"event":{"mods":["ATMod(阿瑾Mod)","Act Like it!","BaseMod","Colored Powertips","Conspire","Downfall","Friendly Minions","Highlight Path","Minty Spire (QoL Compilation)","MostiFishMod","Pale of the Ancients","Relic Stats","Replay The Spire","Spicy Shops","Spire Birthday Party","StSLib","The Alterego","Waifu the Spire","WarShipGirlsR/战舰少女R mod","noobMod","vexMod","【遗物卡牌】REMEMod"],"gold_per_floor":[111,286,286,301,321,346,384,431,431,484,505,505,580,597,597,715,715,733,756,776,790,38,38,89,89,89,89,102,102,102,22,22,130,230,245,264,285,285,109,109,109,118,145,173,58,58,58,82,82,82,82,103],"floor_reached":53,"playtime":2865,"items_purged":["Doubt","Shame"],"score":1519,"play_id":"e307d125-1a4e-43d1-8527-09f5404d7324","local_time":"20201222134820","is_ascension_mode":false,"campfire_choices":[{"floor":12,"key":"RECALL"},{"floor":15,"key":"DIG"},{"data":"MostiFishMod:PerfectForm","floor":23,"key":"SMITH"},{"data":"AT_OneInchPunch","floor":29,"key":"SMITH"},{"data":"alterego_mod:ClassAdvantage","floor":32,"key":"SMITH"},{"data":"alterego_mod:Palingenesis","floor":40,"key":"SMITH"},{"data":"alterego_mod:Palingenesis+1","floor":47,"key":"SMITH"},{"data":"alterego_mod:Palingenesis+2","floor":49,"key":"SMITH"}],"circlet_count":0,"master_deck":["alterego_mod:Strike","alterego_mod:Strike","alterego_mod:Strike","alterego_mod:Strike","alterego_mod:Defend","alterego_mod:Defend","alterego_mod:Defend","alterego_mod:Defend","alterego_mod:Impale","alterego_mod:BigMeatyClaws","alterego_mod:BrynhildrsRune","AT_OneInchPunch+1","alterego_mod:BiFurious","alterego_mod:Rip","alterego_mod:Vow","alterego_mod:DeftHands","alterego_mod:BusterCard","alterego_mod:Jiggle","alterego_mod:DestructionOfProperty","alterego_mod:Rip","alterego_mod:ClassAdvantage+1","alterego_mod:BiFurious","alterego_mod:Valentines","alterego_mod:Nekomimi","alterego_mod:Valentines","alterego_mod:Stockings","MostiFishMod:PerfectForm+1","alterego_mod:SideboobHour+1","alterego_mod:1TonWallop","alterego_mod:Birthday","alterego_mod:Palingenesis+3","alterego_mod:Jiggle+1","alterego_mod:Pet+1","alterego_mod:1TonWallop+1","alterego_mod:Belts","alterego_mod:Stockings+1","alterego_mod:MaintainEyeContact+1","alterego_mod:RocketPunch+1"],"relics":["alterego_mod:MasochisticConstitution","ice","REME_ComplimentaryCards","DaveBox","AT_ATBox","PatriotShield","Question Card","Shovel","REME_ArchaeologicalTools","vexMod:InvisibilityCloak","Dream Catcher","ImportantClient","ChewingGum","Potion Belt","vexMod:Dragonfruit","AT_SunfireAegis","alterego_mod:FleetingLove","conspire:DecoderRing","Lantern","Replay:Wanted Poster","ChiLing","Chi","Ling","paleoftheancients:Timepiece","paleoftheancients:KeyRelic","Bronze Scales","CultistMask","AT_BladeRuinedKing","Gremlin Food","ReplayTheSpireMod:Ninjato"],"acts_visited":["Exordium","TheCity","TheBeyond","paleoftheancients:PaleOfTheAncients"],"potions_floor_usage":[1,7,43,52,52],"damage_taken":[{"damage":0,"enemies":"Jaw Worm","floor":1,"turns":1},{"damage":0,"enemies":"2 Louse","floor":4,"turns":3},{"damage":0,"enemies":"Cultist","floor":5,"turns":1},{"damage":0,"enemies":"3 Sentries","floor":6,"turns":6},{"damage":0,"enemies":"Large Slime","floor":7,"turns":1},{"damage":0,"enemies":"Gremlin Nob","floor":8,"turns":2},{"damage":0,"enemies":"3 Sentries","floor":10,"turns":3},{"damage":0,"enemies":"2 Fungi Beasts","floor":11,"turns":1},{"damage":0,"enemies":"Looter","floor":14,"turns":1},{"damage":0,"enemies":"The Guardian","floor":16,"turns":12},{"damage":0,"enemies":"2 Thieves","floor":18,"turns":2},{"damage":0,"enemies":"Spheric Guardian","floor":19,"turns":2},{"damage":0,"enemies":"Shelled Parasite and Fungi","floor":20,"turns":3},{"damage":0,"enemies":"Snecko","floor":21,"turns":3},{"damage":0,"enemies":"Book of Stabbing","floor":24,"turns":3},{"damage":0,"enemies":"Centurion and Healer","floor":28,"turns":3},{"damage":2,"enemies":"Automaton","floor":33,"turns":3},{"damage":0,"enemies":"3 Shapes","floor":35,"turns":3},{"damage":0,"enemies":"3 Darklings","floor":36,"turns":4},{"damage":6,"enemies":"Transient","floor":37,"turns":5},{"damage":2,"enemies":"conspire:OrnateMirror","floor":42,"turns":4},{"damage":3,"enemies":"conspire:OrnateMirror","floor":43,"turns":4},{"damage":3,"enemies":"conspire:OrnateMirror","floor":44,"turns":5},{"damage":22,"enemies":"conspire:OrnateMirror","floor":48,"turns":5},{"damage":7,"enemies":"paleoftheancients:N","floor":52,"turns":6}],"seed_played":"-4471371933955482396","potions_obtained":[{"floor":1,"key":"EntropicBrew"},{"floor":7,"key":"FearPotion"},{"floor":28,"key":"Flashbang"},{"floor":33,"key":"SkillPotion"},{"floor":48,"key":"BlessingOfTheForge"}],"is_trial":false,"path_per_floor":["M","?","?","M","M","E","M","E","T","E","M","R","?","M","R","B",null,"M","M","M","M","$","R","E","?","T","$","M","R","?","$","R","B",null,"M","M","M","?","$","R","?","B","M","M","$","T","R","M","R","T","?","B",null],"character_chosen":"The_Alterego","items_purchased":["alterego_mod:Stockings","MostiFishMod:PerfectForm","Potion Belt","vexMod:Dragonfruit","alterego_mod:SideboobHour+1","ChiLing","alterego_mod:Belts","AT_BladeRuinedKing"],"campfire_rested":0,"item_purchase_floors":[22,22,22,22,22,39,39,45],"current_hp_per_floor":[77,77,70,77,77,77,77,77,77,77,77,77,70,70,70,77,77,77,77,77,77,82,82,82,82,82,82,82,82,82,82,82,83,83,83,83,84,84,84,84,84,85,85,87,87,87,87,81,81,81,81,89],"gold":103,"neow_bonus":"TEN_PERCENT_HP_BONUS","is_daily":false,"chose_seed":false,"campfire_upgraded":6,"win_rate":0.0,"timestamp":1608616100,"path_taken":["M","?","?","M","M","E","M","E","T","E","M","R","?","M","R","BOSS","M","M","M","M","?","R","E","?","T","$","M","R","?","$","R","BOSS","M","M","M","?","$","R","?","BOSS","M","M","?","T","R","M","R","T","?","BOSS"],"items_purchased_type":["Card","Card","Relic","Relic","Card","Relic","Card","Relic"],"build_version":"2020-12-13","purchased_purges":2,"victory":true,"max_hp_per_floor":[77,77,77,77,77,77,77,77,77,77,77,77,77,77,77,77,77,77,77,77,77,82,82,82,82,82,82,82,82,82,82,82,83,83,83,83,84,84,84,84,84,85,86,87,87,87,87,88,88,88,88,89],"relic_stats":{"Dream Catcher":0,"Shovel":1,"counters":[25,86],"Bronze Scales":[147],"Question Card":22,"obtain_stats":[{"PatriotShield":0,"Lantern":30,"AT_ATBox":0,"DaveBox":0,"Chi":39,"ice":0,"Replay:Wanted Poster":34,"vexMod:InvisibilityCloak":10,"Dream Catcher":15,"alterego_mod:FleetingLove":25,"Shovel":3,"conspire:DecoderRing":26,"REME_ArchaeologicalTools":6,"ImportantClient":16,"Potion Belt":22,"Gremlin Food":46,"alterego_mod:MasochisticConstitution":0,"paleoftheancients:KeyRelic":42,"ReplayTheSpireMod:Ninjato":50,"AT_BladeRuinedKing":45,"Question Card":1,"vexMod:Dragonfruit":22,"paleoftheancients:Timepiece":42,"Ling":39,"Bronze Scales":42,"ChewingGum":17,"CultistMask":42,"AT_SunfireAegis":24,"REME_ComplimentaryCards":0,"ChiLing":39},{"PatriotShield":0,"Lantern":16,"AT_ATBox":0,"DaveBox":0,"Chi":20,"ice":0,"Replay:Wanted Poster":17,"vexMod:InvisibilityCloak":7,"Dream Catcher":9,"alterego_mod:FleetingLove":15,"Shovel":1,"conspire:DecoderRing":15,"REME_ArchaeologicalTools":4,"ImportantClient":10,"Potion Belt":14,"Gremlin Food":23,"alterego_mod:MasochisticConstitution":0,"paleoftheancients:KeyRelic":21,"ReplayTheSpireMod:Ninjato":24,"AT_BladeRuinedKing":23,"Question Card":1,"vexMod:Dragonfruit":14,"paleoftheancients:Timepiece":21,"Ling":20,"Bronze Scales":21,"ChewingGum":10,"CultistMask":21,"AT_SunfireAegis":15,"REME_ComplimentaryCards":0,"ChiLing":20},{"PatriotShield":0,"Lantern":47,"AT_ATBox":0,"DaveBox":0,"Chi":62,"ice":0,"Replay:Wanted Poster":50,"vexMod:InvisibilityCloak":17,"Dream Catcher":19,"alterego_mod:FleetingLove":44,"Shovel":1,"conspire:DecoderRing":44,"REME_ArchaeologicalTools":11,"ImportantClient":31,"Potion Belt":41,"Gremlin Food":75,"alterego_mod:MasochisticConstitution":0,"paleoftheancients:KeyRelic":66,"ReplayTheSpireMod:Ninjato":80,"AT_BladeRuinedKing":75,"Question Card":1,"vexMod:Dragonfruit":41,"paleoftheancients:Timepiece":66,"Ling":62,"Bronze Scales":66,"ChewingGum":31,"CultistMask":66,"AT_SunfireAegis":44,"REME_ComplimentaryCards":0,"ChiLing":62}]},"card_choices":[{"not_picked":["alterego_mod:BreastValley","alterego_mod:Cycle"],"picked":"alterego_mod:MaintainEyeContact","floor":1},{"not_picked":["alterego_mod:PerceptionDisorder","alterego_mod:Cushion","alterego_mod:Cycle"],"picked":"alterego_mod:BiFurious","floor":4},{"not_picked":["alterego_mod:DustData","alterego_mod:DiscoLights","alterego_mod:1TonWallop"],"picked":"alterego_mod:Rip","floor":5},{"not_picked":["alterego_mod:BoobPocket","alterego_mod:Skirt","alterego_mod:DiscoLights"],"picked":"alterego_mod:Vow","floor":6},{"not_picked":["alterego_mod:PerceptionDisorder","alterego_mod:Rip","alterego_mod:Complex"],"picked":"alterego_mod:DeftHands","floor":7},{"not_picked":["alterego_mod:Bounce","alterego_mod:IdEs","alterego_mod:SakuraPetals"],"picked":"alterego_mod:BusterCard","floor":8},{"not_picked":["alterego_mod:Rip","alterego_mod:Cushion","alterego_mod:MagicResistance"],"picked":"alterego_mod:Jiggle","floor":10},{"not_picked":["alterego_mod:Lingerie","alterego_mod:DiscoLights","alterego_mod:DeftHands"],"picked":"alterego_mod:DestructionOfProperty","floor":11},{"not_picked":["alterego_mod:Undulate","alterego_mod:Santa","alterego_mod:PerceptionDisorder"],"picked":"alterego_mod:Rip","floor":14},{"not_picked":["alterego_mod:Vow","alterego_mod:PainIsPleasure","alterego_mod:VirginLaserPalladion"],"picked":"alterego_mod:ClassAdvantage","floor":16},{"not_picked":["alterego_mod:Smother+1","alterego_mod:Bunnysuit","alterego_mod:Cushion"],"picked":"alterego_mod:BiFurious","floor":18},{"not_picked":["alterego_mod:Bounce","alterego_mod:Maid+1","alterego_mod:PerceptionDisorder"],"picked":"alterego_mod:Valentines","floor":19},{"not_picked":["alterego_mod:SakuraLabyrinth","alterego_mod:Maid+1","alterego_mod:Rip"],"picked":"alterego_mod:Nekomimi","floor":20},{"not_picked":["alterego_mod:Undulate","alterego_mod:Maid","alterego_mod:Punishment+1"],"picked":"alterego_mod:Valentines","floor":21},{"not_picked":["alterego_mod:Cycle","alterego_mod:Rip","alterego_mod:Bunnysuit"],"picked":"alterego_mod:1TonWallop","floor":24},{"not_picked":["alterego_mod:Vow","alterego_mod:Complex","alterego_mod:Punishment"],"picked":"alterego_mod:Birthday","floor":28},{"not_picked":["alterego_mod:VirginLaserPalladion","alterego_mod:Vow","alterego_mod:GIGAMILK"],"picked":"alterego_mod:Palingenesis","floor":33},{"not_picked":["alterego_mod:DeftHands+1","alterego_mod:HighServant+1","alterego_mod:RidiculouslyBig"],"picked":"alterego_mod:Jiggle+1","floor":35},{"not_picked":["alterego_mod:DeftHands+1","alterego_mod:Skirt","alterego_mod:Complex+1"],"picked":"alterego_mod:Pet+1","floor":36},{"not_picked":["alterego_mod:Punishment","alterego_mod:Maid","alterego_mod:Cycle"],"picked":"alterego_mod:1TonWallop+1","floor":37},{"not_picked":["alterego_mod:Rip","alterego_mod:Skirt+1","alterego_mod:Birthday"],"picked":"alterego_mod:Stockings+1","floor":43},{"not_picked":["alterego_mod:Complex","alterego_mod:Jiggle+1","alterego_mod:HighServant+1"],"picked":"alterego_mod:MaintainEyeContact+1","floor":44},{"not_picked":["alterego_mod:Schoolgirl+1","alterego_mod:MagicResistance","alterego_mod:Cooking+1"],"picked":"alterego_mod:RocketPunch+1","floor":48}],"player_experience":105245,"relics_obtained":[{"floor":1,"key":"Question Card"},{"floor":6,"key":"REME_ArchaeologicalTools"},{"floor":10,"key":"vexMod:InvisibilityCloak"},{"floor":15,"key":"Dream Catcher"},{"floor":16,"key":"ImportantClient"},{"floor":24,"key":"AT_SunfireAegis"},{"floor":26,"key":"conspire:DecoderRing"},{"floor":46,"key":"Gremlin Food"},{"floor":50,"key":"ReplayTheSpireMod:Ninjato"}],"event_choices":[{"damage_healed":0,"gold_gain":175,"player_choice":"AGREE","damage_taken":0,"max_hp_gain":0,"max_hp_loss":0,"event_name":"Liars Game","floor":2,"gold_loss":0,"cards_obtained":["Doubt"]},{"damage_healed":0,"gold_gain":0,"player_choice":"Success","damage_taken":7,"relics_obtained":["Shovel"],"max_hp_gain":0,"max_hp_loss":0,"event_name":"Scrap Ooze","floor":3,"gold_loss":0},{"damage_healed":0,"gold_gain":75,"player_choice":"Touch","damage_taken":7,"max_hp_gain":0,"max_hp_loss":0,"event_name":"FaceTrader","floor":13,"gold_loss":0},{"damage_healed":0,"gold_gain":0,"player_choice":"Choice 1","damage_taken":0,"relics_obtained":["alterego_mod:FleetingLove"],"max_hp_gain":0,"max_hp_loss":0,"event_name":"爱的神圣花园","floor":25,"gold_loss":0},{"damage_healed":0,"gold_gain":0,"player_choice":"Stole Relic","damage_taken":0,"relics_obtained":["Lantern"],"max_hp_gain":0,"max_hp_loss":0,"event_name":"Addict","floor":30,"gold_loss":0,"cards_obtained":["Shame"]},{"cards_removed":["alterego_mod:MaintainEyeContact"],"damage_healed":0,"gold_gain":0,"player_choice":"Removed Skill","damage_taken":0,"max_hp_gain":0,"max_hp_loss":0,"event_name":"Falling","floor":38,"gold_loss":0},{"damage_healed":0,"gold_gain":0,"player_choice":"Took Portal","damage_taken":0,"max_hp_gain":0,"max_hp_loss":0,"event_name":"SecretPortal","floor":41,"gold_loss":0}],"is_beta":false,"boss_relics":[{"not_picked":["Painkiller Herb","Replay:Drink Me"],"picked":"ChewingGum"},{"not_picked":["REME_DemonsWealth","Velvet Choker"],"picked":"Replay:Wanted Poster"}],"items_purged_floors":[22,31],"is_endless":false,"potions_floor_spawned":[1,5,7,11,20,28,33,48],"ascension_level":0}}