{"host":"by8i6f8xc0ywpsd5","time":1608642368,"event":{"mods":["BaseMod","Colored Map","Minty Spire (QoL Compilation)","Relic Stats"],"gold_per_floor":[114,124,124,144,156,156,186,186,234,234,269,269,303,378,378,461,461,479,439,489,516,543,543,572,572,652,679,679,722,822,857,857,941,950,978,203,228,237,256,256,299,299,299,299,335,352,377,377,377,377,377,377,377,42,72,72],"floor_reached":57,"playtime":3152,"items_purged":["Strike_R"],"score":3533,"play_id":"08595d13-6837-4e46-aa7f-31c436d6eedc","local_time":"20201222150608","is_ascension_mode":true,"campfire_choices":[{"data":"Armaments","floor":6,"key":"SMITH"},{"data":"Barricade","floor":8,"key":"SMITH"},{"floor":10,"key":"REST"},{"data":"Iron Wave","floor":15,"key":"SMITH"},{"data":"Ghostly","floor":23,"key":"SMITH"},{"data":"Ghostly","floor":25,"key":"SMITH"},{"floor":28,"key":"REST"},{"data":"Ghostly","floor":32,"key":"SMITH"},{"data":"Feel No Pain","floor":40,"key":"SMITH"},{"data":"Offering","floor":42,"key":"SMITH"},{"data":"Master of Strategy","floor":44,"key":"SMITH"},{"floor":49,"key":"RECALL"},{"data":"Impervious","floor":53,"key":"SMITH"}],"circlet_count":0,"master_deck":["AscendersBane","Strike_R","Strike_R","Strike_R","Defend_R","Defend_R","Defend_R","Defend_R","Bash","Armaments+1","Clothesline","Barricade+1","Entrench","Iron Wave+1","Offering+1","Feel No Pain+1","Impervious+1","Body Slam","Seeing Red","Ghostly+1","Ghostly+1","Ghostly+1","Iron Wave+1","Headbutt+1","Corruption","CurseOfTheBell","Evolve","Good Instincts","Secret Technique","Fiend Fire+1","Master of Strategy+1","Ghostly Armor","Sentinel","Feel No Pain","PanicButton"],"relics":["Mark of Pain","Paper Frog","CeramicFish","Odd Mushroom","Happy Flower","Runic Pyramid","Molten Egg 2","Blue Candle","Akabeko","Shovel","Meat on the Bone","Gambling Chip","Calling Bell","MawBank","Singing Bowl","Ginger","Anchor","Omamori","Bag of Marbles","Eternal Feather","White Beast Statue","Incense Burner","Bag of Preparation","FossilizedHelix"],"acts_visited":["Exordium","TheCity","TheBeyond","TheEnding"],"potions_floor_usage":[7,13,16,21,56,56],"damage_taken":[{"damage":0,"enemies":"Cultist","floor":1,"turns":3},{"damage":5,"enemies":"Small Slimes","floor":2,"turns":4},{"damage":0,"enemies":"Jaw Worm","floor":4,"turns":3},{"damage":13,"enemies":"2 Fungi Beasts","floor":5,"turns":4},{"damage":22,"enemies":"Gremlin Nob","floor":7,"turns":4},{"damage":31,"enemies":"The Mushroom Lair","floor":11,"turns":5},{"damage":0,"enemies":"Lagavulin","floor":13,"turns":9},{"damage":7,"enemies":"Hexaghost","floor":16,"turns":10},{"damage":0,"enemies":"Chosen","floor":18,"turns":7},{"damage":21,"enemies":"2 Thieves","floor":19,"turns":5},{"damage":26,"enemies":"3 Cultists","floor":21,"turns":6},{"damage":8,"enemies":"Book of Stabbing","floor":24,"turns":4},{"damage":1,"enemies":"Centurion and Healer","floor":27,"turns":8},{"damage":6,"enemies":"Gremlin Leader","floor":29,"turns":10},{"damage":12,"enemies":"Colosseum Slavers","floor":30,"turns":6},{"damage":1,"enemies":"Colosseum Nobs","floor":30,"turns":9},{"damage":7,"enemies":"Book of Stabbing","floor":31,"turns":8},{"damage":6,"enemies":"Champ","floor":33,"turns":12},{"damage":0,"enemies":"3 Shapes","floor":35,"turns":10},{"damage":14,"enemies":"3 Darklings","floor":37,"turns":11},{"damage":1,"enemies":"Transient","floor":39,"turns":6},{"damage":6,"enemies":"Giant Head","floor":41,"turns":8},{"damage":6,"enemies":"Nemesis","floor":45,"turns":7},{"damage":6,"enemies":"Maw","floor":46,"turns":2},{"damage":1,"enemies":"Reptomancer","floor":47,"turns":5},{"damage":3,"enemies":"Time Eater","floor":50,"turns":7},{"damage":2,"enemies":"Donu and Deca","floor":51,"turns":9},{"damage":7,"enemies":"Shield and Spear","floor":55,"turns":6},{"damage":1,"enemies":"The Heart","floor":56,"turns":10}],"seed_played":"3084625589231974465","potions_obtained":[{"floor":1,"key":"Strength Potion"},{"floor":7,"key":"LiquidBronze"},{"floor":11,"key":"Strength Potion"},{"floor":18,"key":"Ancient Potion"},{"floor":19,"key":"Regen Potion"},{"floor":31,"key":"Dexterity Potion"},{"floor":35,"key":"DuplicationPotion"}],"is_trial":false,"path_per_floor":["M","M","T","M","M","R","E","R","T","R","?","?","E","?","R","B",null,"M","M","?","M","?","R","E","R","T","M","R","E","?","E","R","B",null,"M","$","M","?","M","R","E","R","T","R","E","M","E","?","R","B","B",null,"R","$","E","B",null],"character_chosen":"IRONCLAD","items_purchased":["Evolve","Good Instincts","Secret Technique","Anchor","Omamori","Feel No Pain","PanicButton","Bag of Preparation"],"campfire_rested":2,"item_purchase_floors":[36,36,36,36,36,54,54,54],"current_hp_per_floor":[68,63,63,63,50,50,28,28,28,50,19,19,19,8,8,1,57,57,36,36,25,25,25,17,17,17,16,27,21,8,13,13,19,33,35,35,21,18,31,31,25,25,25,43,37,33,34,34,47,44,42,46,47,47,42,41],"gold":72,"neow_bonus":"BOSS_RELIC","is_daily":false,"chose_seed":false,"campfire_upgraded":10,"win_rate":0.0,"timestamp":1608642368,"path_taken":["M","M","?","M","M","R","E","R","T","R","?","?","E","?","R","BOSS","M","M","?","M","?","R","E","R","T","M","R","E","?","E","R","BOSS","M","$","M","?","M","R","E","R","T","R","E","M","E","?","R","BOSS","BOSS","R","$","E","BOSS"],"items_purchased_type":["Card","Card","Card","Relic","Relic","Card","Card","Relic"],"build_version":"2020-12-13","purchased_purges":1,"victory":true,"max_hp_per_floor":[75,75,75,75,75,75,75,75,75,75,75,75,75,75,75,75,75,75,75,75,75,37,37,37,37,37,37,37,37,37,37,37,37,37,39,39,39,41,43,43,43,43,43,43,43,45,47,47,47,47,47,47,47,47,49,49],"relic_stats":{"Happy Flower":[55],"Singing Bowl":12,"counters":[29,198],"CeramicFish":189,"Blue Candle":[7],"Eternal Feather":32,"Bag of Preparation":[4],"Ginger":[14],"MawBank":24,"Shovel":0,"Gambling Chip":[28],"obtain_stats":[{"Singing Bowl":34,"CeramicFish":9,"Incense Burner":47,"Bag of Preparation":54,"Ginger":34,"Burning Blood":0,"Shovel":30,"Gambling Chip":31,"Paper Frog":7,"Runic Pyramid":17,"Happy Flower":13,"Blue Candle":26,"Eternal Feather":43,"Omamori":36,"Odd Mushroom":11,"MawBank":34,"Akabeko":29,"White Beast Statue":45,"Calling Bell":34,"Anchor":36,"Molten Egg 2":24,"Mark of Pain":0,"Bag of Marbles":41,"FossilizedHelix":55,"Meat on the Bone":30},{"Singing Bowl":18,"CeramicFish":5,"Incense Burner":25,"Bag of Preparation":27,"Ginger":18,"Burning Blood":0,"Shovel":16,"Gambling Chip":17,"Paper Frog":5,"Runic Pyramid":8,"Happy Flower":7,"Blue Candle":12,"Eternal Feather":22,"Omamori":19,"Odd Mushroom":6,"MawBank":18,"Akabeko":14,"White Beast Statue":23,"Calling Bell":18,"Anchor":19,"Molten Egg 2":12,"Mark of Pain":0,"Bag of Marbles":22,"FossilizedHelix":28,"Meat on the Bone":16},{"Singing Bowl":117,"CeramicFish":18,"Incense Burner":166,"Bag of Preparation":182,"Ginger":117,"Burning Blood":0,"Shovel":97,"Gambling Chip":105,"Paper Frog":18,"Runic Pyramid":42,"Happy Flower":32,"Blue Candle":64,"Eternal Feather":152,"Omamori":127,"Odd Mushroom":23,"MawBank":117,"Akabeko":82,"White Beast Statue":159,"Calling Bell":117,"Anchor":127,"Molten Egg 2":64,"Mark of Pain":0,"Bag of Marbles":152,"FossilizedHelix":188,"Meat on the Bone":97}],"Meat on the Bone":36},"card_choices":[{"not_picked":["Seeing Red","Cleave"],"picked":"Armaments","floor":1},{"not_picked":["Body Slam","Wild Strike"],"picked":"Clothesline","floor":2},{"not_picked":["Anger","Shrug It Off"],"picked":"Barricade","floor":4},{"not_picked":["Shrug It Off","Reckless Charge"],"picked":"Entrench","floor":5},{"not_picked":["Havoc","Clothesline"],"picked":"Iron Wave","floor":7},{"not_picked":["Thunderclap","Rampage"],"picked":"Offering","floor":11},{"not_picked":["Pummel","Dark Embrace"],"picked":"Feel No Pain","floor":13},{"not_picked":["Double Tap","Brutality"],"picked":"Impervious","floor":16},{"not_picked":["Twin Strike","Flex","Rampage"],"picked":"SKIP","floor":18},{"not_picked":["Pommel Strike+1","True Grit"],"picked":"Body Slam","floor":19},{"not_picked":["Rupture","Cleave+1"],"picked":"Seeing Red","floor":21},{"not_picked":["Spot Weakness+1","Perfected Strike+1","Combust"],"picked":"SKIP","floor":24},{"not_picked":["Anger+1","Reckless Charge+1"],"picked":"Iron Wave+1","floor":27},{"not_picked":["Body Slam+1","Pommel Strike+1"],"picked":"Headbutt+1","floor":29},{"not_picked":["Sever Soul+1","Pummel+1","Havoc"],"picked":"SKIP","floor":31},{"not_picked":["Barricade","Berserk"],"picked":"Corruption","floor":33},{"not_picked":["Iron Wave+1","Anger+1","Body Slam+1"],"picked":"Singing Bowl","floor":35},{"not_picked":["Uppercut+1","Anger+1"],"picked":"Fiend Fire+1","floor":37},{"not_picked":["Deep Breath","Panacea","Purity"],"picked":"Singing Bowl","floor":38},{"not_picked":["Apotheosis","Chrysalis"],"picked":"Master of Strategy","floor":38},{"not_picked":["Dropkick+1","Shrug It Off","Thunderclap+1"],"picked":"Singing Bowl","floor":39},{"not_picked":["Body Slam+1","Clash+1"],"picked":"Ghostly Armor","floor":41},{"not_picked":["Power Through","Barricade"],"picked":"Sentinel","floor":45},{"not_picked":["Clash+1","Sword Boomerang+1","Spot Weakness"],"picked":"Singing Bowl","floor":46},{"not_picked":["Armaments","Flex","Warcry"],"picked":"Singing Bowl","floor":47},{"not_picked":["Clash+1","Blood for Blood+1","Rupture"],"picked":"Singing Bowl","floor":55}],"player_experience":1685273,"relics_obtained":[{"floor":7,"key":"Paper Frog"},{"floor":9,"key":"CeramicFish"},{"floor":11,"key":"Odd Mushroom"},{"floor":13,"key":"Happy Flower"},{"floor":24,"key":"Molten Egg 2"},{"floor":26,"key":"Blue Candle"},{"floor":29,"key":"Akabeko"},{"floor":30,"key":"Shovel"},{"floor":30,"key":"Meat on the Bone"},{"floor":31,"key":"Gambling Chip"},{"floor":34,"key":"MawBank"},{"floor":34,"key":"Singing Bowl"},{"floor":34,"key":"Ginger"},{"floor":41,"key":"Bag of Marbles"},{"floor":43,"key":"Eternal Feather"},{"floor":45,"key":"White Beast Statue"},{"floor":47,"key":"Incense Burner"},{"floor":55,"key":"FossilizedHelix"}],"event_choices":[{"damage_healed":0,"gold_gain":0,"player_choice":"Fought Mushrooms","damage_taken":0,"max_hp_gain":0,"max_hp_loss":0,"event_name":"Mushrooms","floor":11,"gold_loss":0},{"damage_healed":0,"gold_gain":0,"player_choice":"Ignored","damage_taken":0,"max_hp_gain":0,"max_hp_loss":0,"event_name":"Shining Light","floor":12,"gold_loss":0},{"damage_healed":0,"gold_gain":75,"player_choice":"Gather Gold","damage_taken":11,"max_hp_gain":0,"max_hp_loss":0,"event_name":"World of Goop","floor":14,"gold_loss":0},{"damage_healed":0,"gold_gain":50,"player_choice":"Stole From Cult","damage_taken":0,"max_hp_gain":0,"max_hp_loss":0,"event_name":"Nest","floor":20,"gold_loss":0},{"damage_healed":0,"gold_gain":0,"player_choice":"Became a Ghost","damage_taken":0,"max_hp_gain":0,"max_hp_loss":38,"event_name":"Ghosts","floor":22,"gold_loss":0,"cards_obtained":["Ghostly","Ghostly","Ghostly"]},{"damage_healed":0,"gold_gain":0,"player_choice":"Fight","damage_taken":0,"max_hp_gain":0,"max_hp_loss":0,"event_name":"Colosseum","floor":30,"gold_loss":0},{"damage_healed":0,"gold_gain":0,"player_choice":"Fought Nobs","damage_taken":0,"max_hp_gain":0,"max_hp_loss":0,"event_name":"Colosseum","floor":30,"gold_loss":0},{"damage_healed":0,"gold_gain":0,"player_choice":"Memory 2","damage_taken":5,"max_hp_gain":0,"max_hp_loss":0,"event_name":"SensoryStone","floor":38,"gold_loss":0},{"cards_removed":["Strike_R"],"damage_healed":0,"gold_gain":0,"player_choice":"Removed Attack","damage_taken":0,"max_hp_gain":0,"max_hp_loss":0,"event_name":"Falling","floor":48,"gold_loss":0}],"is_beta":false,"boss_relics":[{"not_picked":["Philosopher\u0027s Stone","Busted Crown"],"picked":"Runic Pyramid"},{"not_picked":["SlaversCollar","Sozu"],"picked":"Calling Bell"}],"items_purged_floors":[36],"is_endless":false,"potions_floor_spawned":[1,7,11,18,19,30,31,35,41,46,47,55],"ascension_level":20}}