{"host":"5jn3rki867005t18","time":1608614977,"event":{"mods":["2.2 Compatiblity","AchievementEnabler","BaseMod","Colored Map","DeckTracker","Minty Spire (QoL Compilation)","Permanent Neow","Rare Cards Sparkle","StSLib","SuperFastMode"],"gold_per_floor":[111,127,77,53,53,71,71,100,100,133,146,112,112,124,124,124,124],"floor_reached":16,"playtime":677,"items_purged":[],"score":110,"play_id":"3fea6cef-c8d4-4f65-a76a-1eba1cca2c7a","local_time":"20201222142937","is_ascension_mode":false,"campfire_choices":[{"data":"Spot Weakness","floor":7,"key":"SMITH"},{"data":"Carnage","floor":13,"key":"SMITH"},{"floor":15,"key":"REST"}],"circlet_count":0,"master_deck":["Strike_R","Strike_R","Strike_R","Strike_R","Defend_R","Defend_R","Defend_R","Defend_R","Bash","Spot Weakness+1","Shrug It Off","Warcry","Wild Strike","Carnage+1","Sentinel","Twin Strike","Reckless Charge"],"relics":["Burning Blood","MealTicket","Singing Bowl","Oddly Smooth Stone","Calipers"],"acts_visited":["Exordium"],"potions_floor_usage":[10,16],"damage_taken":[{"damage":6,"enemies":"2 Louse","floor":1,"turns":2},{"damage":11,"enemies":"Jaw Worm","floor":2,"turns":2},{"damage":5,"enemies":"Small Slimes","floor":6,"turns":4},{"damage":55,"enemies":"Gremlin Nob","floor":8,"turns":5},{"damage":20,"enemies":"Lagavulin","floor":10,"turns":6},{"damage":20,"enemies":"Exordium Thugs","floor":11,"turns":4},{"damage":3,"enemies":"Red Slaver","floor":14,"turns":3},{"damage":54,"enemies":"Hexaghost","floor":16,"turns":9}],"seed_played":"1520285895031349577","potions_obtained":[{"floor":1,"key":"HeartOfIron"},{"floor":8,"key":"SpeedPotion"},{"floor":14,"key":"GamblersBrew"}],"is_trial":false,"path_per_floor":["M","M","?","$","?","M","R","E","T","E","M","$","R","M","R","B"],"character_chosen":"IRONCLAD","items_purchased":["Warcry","Reckless Charge"],"campfire_rested":1,"item_purchase_floors":[4,12],"current_hp_per_floor":[80,75,75,80,85,85,85,36,36,22,8,23,23,28,54,0,0],"gold":124,"neow_bonus":"RANDOM_COMMON_RELIC","is_daily":false,"chose_seed":false,"campfire_upgraded":2,"win_rate":0.0,"timestamp":1608614977,"path_taken":["M","M","?","$","?","M","R","E","T","E","M","?","R","M","R","BOSS"],"items_purchased_type":["Card","Card"],"build_version":"2020-12-13","purchased_purges":0,"victory":false,"max_hp_per_floor":[80,80,80,80,85,85,85,85,85,85,85,85,85,87,87,87,87],"card_choices":[{"not_picked":["Infernal Blade","Sentinel"],"picked":"Spot Weakness","floor":1},{"not_picked":["True Grit","Sword Boomerang"],"picked":"Shrug It Off","floor":2},{"not_picked":["Bloodletting","Clothesline"],"picked":"Wild Strike","floor":6},{"not_picked":["Rage","True Grit"],"picked":"Carnage","floor":8},{"not_picked":["Dark Embrace","Second Wind"],"picked":"Sentinel","floor":10},{"not_picked":["Anger","Reckless Charge"],"picked":"Twin Strike","floor":11},{"not_picked":["Heavy Blade","Sword Boomerang","Exhume"],"picked":"Singing Bowl","floor":14}],"player_experience":43728,"relics_obtained":[{"floor":8,"key":"Singing Bowl"},{"floor":9,"key":"Oddly Smooth Stone"},{"floor":10,"key":"Calipers"}],"event_choices":[{"cards_removed":["Strike_R"],"damage_healed":0,"gold_gain":0,"player_choice":"Card Removal","damage_taken":0,"max_hp_gain":0,"max_hp_loss":0,"event_name":"The Cleric","floor":3,"gold_loss":50},{"damage_healed":0,"gold_gain":0,"player_choice":"Donut","damage_taken":0,"max_hp_gain":5,"max_hp_loss":0,"event_name":"Big Fish","floor":5,"gold_loss":0}],"is_beta":false,"boss_relics":[],"items_purged_floors":[],"is_endless":false,"potions_floor_spawned":[1,8,14],"killed_by":"Hexaghost","ascension_level":0}}