{"host":"sbc312dehzkmua2p","time":1608616486,"event":{"mods":["Act Like it!","Aspiration","Bard","BaseMod","Beaked The Cultist","CatGirl Mod","Conspire","Downfall","Friendly Minions","Gensokyo","Hermit","Hubris","Infinite Spire","Jorbs\u0027s Wanderer Trilogy","Kiyohime????","Koishi","Lobotomy","Marisa????????","Minty Spire (QoL Compilation)","Quick Restart","READ ME - Guardian Mod","Reimu??????","Replay The Spire","StSLib","The Construct","The Disciple","The Druid","The Factory","The Gatherer","The Hierophant","The Judge","The Jungle","The Mystic","The Necromancer","The Runesmith","The Senshi","The Servant 0.9.4","TheBandit","thorton"],"gold_per_floor":[99,113,131,131,150,50,129,229,4,25,63,140,158,221,235,357,357,307,307,324,324,352,352,378,397,416,472,489,439,464,521,557,685,685,410,426,530,25,43,43,43,53,3,3,44,44,69,69,86,188,188,188,188],"floor_reached":51,"playtime":2939,"items_purged":[],"score":908,"play_id":"db106ae6-2547-4fda-885b-705bff71134e","local_time":"20201221235446","is_ascension_mode":false,"campfire_choices":[{"data":"Slimebound:Split","floor":1,"key":"SMITH"},{"data":"Slimebound:CheckThePlaybook","floor":18,"key":"SMITH"},{"floor":29,"key":"RECALL"},{"data":"Slimebound:Overexert","floor":35,"key":"SMITH"},{"floor":40,"key":"REST"},{"floor":43,"key":"REST"},{"data":"Slimebound:PrepareCrush","floor":46,"key":"SMITH"}],"circlet_count":0,"master_deck":["Slimebound:Strike_Slimebound+1","Slimebound:Strike_Slimebound+1","Slimebound:Defend_Slimebound+1","Slimebound:Defend_Slimebound+1","Slimebound:Defend_Slimebound+1","Slimebound:Split+1","Slimebound:CorrosiveSpit","Slimebound:Schlurp","Slimebound:SplitMire","Slimebound:PressTheAttack","conspire:SpireCoStock","conspire:SpireCoStock","Slimebound:LeechEnergy","Slimebound:ComboTackle","Slimebound:FinishingTackle","Pot Of Greed","Pot Of Greed","Slimebound:LevelUp","Slimebound:DisruptingSlam+1","Slimebound:Gluttony","Slimebound:MassRepurpose","Slimebound:CheckThePlaybook+1","Slimebound:MinionMaster+1","Slimebound:DisruptingSlam+1","Slimebound:SplitLeeching+1","Pot Of Greed","infinitespire:Starlight","Slimebound:SlimeBrawl","Slimebound:SpikyOuterGoop","Slimebound:Strike_Slimebound+1","Slimebound:Strike_Slimebound+1","Slimebound:Defend_Slimebound+1","Slimebound:Defend_Slimebound+1","Slimebound:Defend_Slimebound+1","Slimebound:Split+1","Slimebound:CorrosiveSpit","Slimebound:Schlurp","Slimebound:SplitMire","Slimebound:PressTheAttack","conspire:SpireCoStock","conspire:SpireCoStock","Slimebound:LeechEnergy+1","Slimebound:ComboTackle","Slimebound:FinishingTackle","Pot Of Greed","Pot Of Greed","Slimebound:LevelUp","Slimebound:DisruptingSlam","Slimebound:Gluttony","Slimebound:MassRepurpose","Slimebound:CheckThePlaybook+1","Slimebound:MinionMaster+1","Slimebound:DisruptingSlam+1","Slimebound:SplitLeeching+1","Pot Of Greed","infinitespire:Starlight","Slimebound:SlimeBrawl","Slimebound:SpikyOuterGoop","Pot Of Greed","Pot Of Greed","Slimebound:BestDefense+1","Slimebound:MassFeed","Slimebound:Overexert+1","Slimebound:SplitLeeching+1","Slimebound:LeechingTouch","Pot Of Greed","Slimebound:LeechingTouch","Slimebound:GrowthPunch","Slimebound:PrepareCrush+1","Slimebound:ForwardTackle+1","Slimebound:RollThrough+1","Replay:Fractal Strike","Slimebound:GoopSpray","Slimebound:SplitAcid+1","Slimebound:Gluttony+1","Slimebound:Repurpose+1","infinitespire:Starlight","Slimebound:SlimeBarrage+1","Pot Of Greed","Slimebound:DuplicatedForm","AbeCurse"],"relics":["Slimebound:AbsorbEndCombat","Slimebound:GreedOozeRelic","Replay:WaspNest","Grinning Jar","hubris:ToyBattleship","Astrolabe","Runesmith:UraniumAnvil","Slimebound:PotencyRelic","Replay:Rubber Ducky","Replay:Wax Seal","Matryoshka","Honey Jar","downfall:HeartBlessingRed","downfall:HeartBlessingBlue","downfall:HeartBlessingGreen","theSenshi:SpiralHeartMoonRodRelic","Slimebound:AggressiveSlimeRelic","hubris:BottledRain","Whetstone","Replay:Grab Bag","Abe\u0027s Treasure","ChewingGum","Snecko Eye","RedLine:ReiMu"],"acts_visited":["Exordium","TheCity","TheBeyond","Exordium"],"potions_floor_usage":[12,12,14,16,26,27,33,37,37,45,50,50],"damage_taken":[{"damage":11,"enemies":"2 Louse","floor":2,"turns":3},{"damage":16,"enemies":"Small Slimes","floor":3,"turns":3},{"damage":19,"enemies":"Jaw Worm","floor":5,"turns":2},{"damage":17,"enemies":"downfall:FleeingMerchant","floor":9,"turns":4},{"damage":15,"enemies":"2 Fungi Beasts","floor":10,"turns":3},{"damage":10,"enemies":"Large Slime","floor":11,"turns":4},{"damage":26,"enemies":"Gremlin Nob","floor":12,"turns":3},{"damage":34,"enemies":"Lots of Slimes","floor":13,"turns":3},{"damage":41,"enemies":"Lagavulin","floor":14,"turns":5},{"damage":20,"enemies":"3 Louse","floor":15,"turns":2},{"damage":43,"enemies":"downfall:Silent","floor":16,"turns":4},{"damage":13,"enemies":"3 Byrds","floor":20,"turns":2},{"damage":21,"enemies":"Chosen","floor":22,"turns":3},{"damage":16,"enemies":"Snecko","floor":25,"turns":3},{"damage":16,"enemies":"3 Cultists","floor":26,"turns":3},{"damage":33,"enemies":"Nightmare","floor":27,"turns":7},{"damage":31,"enemies":"Centurion and Healer","floor":28,"turns":3},{"damage":22,"enemies":"Book of Stabbing","floor":30,"turns":4},{"damage":40,"enemies":"conspire:HollyBat","floor":31,"turns":11},{"damage":12,"enemies":"Snecko","floor":32,"turns":4},{"damage":81,"enemies":"downfall:Watcher","floor":33,"turns":7},{"damage":26,"enemies":"Orb Walker","floor":36,"turns":3},{"damage":97,"enemies":"2 Orb Walkers","floor":37,"turns":4},{"damage":28,"enemies":"3 Shapes","floor":39,"turns":3},{"damage":40,"enemies":"3 Darklings","floor":42,"turns":5},{"damage":49,"enemies":"Maw","floor":45,"turns":5},{"damage":85,"enemies":"Nightmare","floor":47,"turns":6},{"damage":38,"enemies":"Jaw Worm Horde","floor":49,"turns":3},{"damage":32,"enemies":"downfall:Ironclad","floor":50,"turns":5}],"seed_played":"-4184019130872053542","potions_obtained":[{"floor":2,"key":"BlessingOfTheForge"},{"floor":3,"key":"Elixir"},{"floor":11,"key":"SteroidPotion"},{"floor":13,"key":"SkillPotion"},{"floor":15,"key":"PowerPotion"},{"floor":22,"key":"LiquidMemories"},{"floor":25,"key":"Fire Potion"},{"floor":31,"key":"hexamod:EctoCoolerPotion"},{"floor":32,"key":"SkillPotion"},{"floor":33,"key":"PowerPotion"},{"floor":36,"key":"SkillPotion"},{"floor":42,"key":"AttackPotion"},{"floor":47,"key":"Venom Potion"},{"floor":49,"key":"Slimebound:ThreeZeroPotion"}],"is_trial":false,"path_per_floor":["R","M","M","?","M","?","T","?","$","M","M","E","M","E","M","B",null,"R","AVR","M","?","M","?","T","M","M","NM","M","R","E","M","M","B",null,"R","M","?","?","M","R","T","M","R","?","M","R","NM","AVR","M","B",null],"character_chosen":"SLIMEBOUND","items_purchased":["Replay:WaspNest"],"campfire_rested":2,"item_purchase_floors":[9],"current_hp_per_floor":[66,63,59,59,56,56,56,56,63,60,66,55,37,28,20,19,66,66,66,61,61,66,66,66,62,66,66,55,55,66,62,66,36,69,79,77,29,29,23,46,46,58,79,79,70,70,49,49,67,85,85,85,85],"gold":188,"neow_bonus":"TEN_PERCENT_HP_BONUS","is_daily":false,"chose_seed":false,"campfire_upgraded":4,"win_rate":0.0,"timestamp":1608616486,"path_taken":["R","M","M","?","M","?","T","?","?","M","M","E","M","E","M","BOSS","R","AVR","M","?","M","?","T","M","?","NM","M","R","E","M","M","BOSS","R","M","?","?","M","R","T","M","R","?","M","R","NM","AVR","M","BOSS"],"items_purchased_type":["Relic"],"build_version":"2020-12-13","purchased_purges":0,"victory":false,"max_hp_per_floor":[66,66,66,66,66,66,66,66,66,66,66,66,66,66,66,66,66,66,66,66,66,66,66,66,66,66,66,66,66,66,66,66,69,69,79,79,79,79,79,79,79,79,79,79,79,79,79,79,85,85,85,85,85],"card_choices":[{"not_picked":["Slimebound:GoopTackle","Slimebound:SlimeBarrage"],"picked":"Slimebound:Schlurp","floor":2},{"not_picked":["Slimebound:SlimeSpikes","Slimebound:Schlurp"],"picked":"Slimebound:SplitMire","floor":3},{"not_picked":["Slimebound:ItLooksTasty","Slimebound:FormOfPuddle"],"picked":"Slimebound:PressTheAttack","floor":5},{"not_picked":["Slimebound:Repurpose","Slimebound:FinishingTackle"],"picked":"Slimebound:LeechEnergy","floor":9},{"not_picked":["Slimebound:FirmFortitude","Slimebound:FinishingTackle"],"picked":"Slimebound:ComboTackle","floor":10},{"not_picked":["Slimebound:GoopSpray","Slimebound:SamplingLick"],"picked":"Slimebound:FinishingTackle","floor":11},{"not_picked":["Slimebound:Replication","Slimebound:ItLooksTasty"],"picked":"Slimebound:LevelUp","floor":12},{"not_picked":["Slimebound:RejuvenatingLick","Slimebound:GrowthPunch"],"picked":"Slimebound:DisruptingSlam","floor":13},{"not_picked":["Slimebound:RollThrough","Slimebound:SamplingLick"],"picked":"Slimebound:Gluttony","floor":14},{"not_picked":["Slimebound:FormOfPuddle","Slimebound:FinishingTackle"],"picked":"Slimebound:MassRepurpose","floor":15},{"not_picked":["Slimebound:Teamwork","Slimebound:DouseInSlime"],"picked":"Slimebound:CheckThePlaybook","floor":16},{"not_picked":["Slimebound:ProtectTheBoss","Slimebound:SlimeSpikes+1"],"picked":"Slimebound:SlimeBrawl","floor":20},{"not_picked":["Slimebound:ComboTackle+1","Slimebound:GoopSpray+1"],"picked":"Slimebound:SpikyOuterGoop","floor":22},{"not_picked":["Slimebound:Schlurp","Slimebound:SamplingLick"],"picked":"Slimebound:BestDefense+1","floor":25},{"not_picked":["Slimebound:Nibble","Slimebound:SplitMire"],"picked":"Slimebound:MassFeed","floor":26},{"not_picked":["Slimebound:AcidTongue+1","Slimebound:Gluttony+1"],"picked":"Slimebound:Overexert","floor":27},{"not_picked":["Slimebound:ComboTackle","Slimebound:SplitAcid+1"],"picked":"Slimebound:SplitLeeching+1","floor":28},{"not_picked":["Slimebound:Schlurp","Slimebound:LeadByExample+1"],"picked":"Slimebound:LeechingTouch","floor":30},{"not_picked":["Slimebound:SplitLeeching","Slimebound:ViciousTackle"],"picked":"Slimebound:LeechingTouch","floor":31},{"not_picked":["Slimebound:RainOfGoop","Slimebound:SlimeBrawl"],"picked":"Slimebound:GrowthPunch","floor":32},{"not_picked":["Slimebound:LeechLife","Slimebound:OneTwoCombo"],"picked":"Slimebound:PrepareCrush","floor":33},{"not_picked":["Slimebound:FinishingTackle+1","Slimebound:SlimeBarrage","Slimebound:LeechingTouch+1"],"picked":"Slimebound:ForwardTackle+1","floor":36},{"not_picked":["Slimebound:SplitLeeching+1","Slimebound:Dissolve+1","Slimebound:Gluttony"],"picked":"Slimebound:RollThrough+1","floor":37},{"not_picked":["hubris:InfiniteBlow+9","ReplayTheSpireMod:??????????????????????"],"picked":"Replay:Fractal Strike","floor":38},{"not_picked":["Slimebound:FinishingTackle+1","Slimebound:LeechingTouch","Slimebound:Schlurp"],"picked":"Slimebound:GoopSpray","floor":39},{"not_picked":["Slimebound:BestDefense+1","Slimebound:Nibble","Slimebound:MassRepurpose"],"picked":"Slimebound:SplitAcid+1","floor":42},{"not_picked":["Slimebound:FinishingTackle","Slimebound:SplitBruiser+1","Slimebound:SplitLeeching"],"picked":"Slimebound:Gluttony+1","floor":45},{"not_picked":["Slimebound:GoopSpray+1","Slimebound:Replication","Slimebound:LeechingTouch+1"],"picked":"Slimebound:Repurpose+1","floor":47},{"not_picked":["Slimebound:GrowthPunch+1","Slimebound:SplitBruiser","Slimebound:PrepareCrush"],"picked":"Slimebound:SlimeBarrage+1","floor":49},{"not_picked":["Slimebound:Teamwork","Slimebound:SlimeSlap","Slimebound:LeechLife"],"picked":"Slimebound:DuplicatedForm","floor":50}],"player_experience":838005,"relics_obtained":[{"floor":12,"key":"Grinning Jar"},{"floor":14,"key":"hubris:ToyBattleship"},{"floor":24,"key":"Replay:Rubber Ducky"},{"floor":27,"key":"Replay:Wax Seal"},{"floor":30,"key":"Matryoshka"},{"floor":37,"key":"theSenshi:SpiralHeartMoonRodRelic"},{"floor":41,"key":"Slimebound:AggressiveSlimeRelic"},{"floor":41,"key":"hubris:BottledRain"},{"floor":47,"key":"Whetstone"}],"event_choices":[{"damage_healed":0,"gold_gain":0,"player_choice":"Invest 2","damage_taken":0,"max_hp_gain":0,"max_hp_loss":0,"event_name":"conspire:Investor","floor":6,"gold_loss":0},{"damage_healed":0,"gold_gain":0,"player_choice":"Simplicity","damage_taken":0,"max_hp_gain":0,"max_hp_loss":0,"event_name":"Back to Basics","floor":21,"gold_loss":0,"cards_upgraded":["Slimebound:Strike_Slimebound","Slimebound:Strike_Slimebound","Slimebound:Defend_Slimebound","Slimebound:Defend_Slimebound","Slimebound:Defend_Slimebound"]},{"damage_healed":0,"gold_gain":0,"player_choice":"Fight","damage_taken":0,"max_hp_gain":0,"max_hp_loss":0,"event_name":"Mysterious Sphere","floor":37,"gold_loss":0}],"is_beta":false,"boss_relics":[{"not_picked":["hubris:CrackedHourglass","beaked:SacredDeck"],"picked":"Astrolabe"},{"not_picked":["aspiration:IroncladSkillbook","Replay:Ancient Bell"],"picked":"Honey Jar"},{"not_picked":["Replay:Bronze Core","hubris:TerracottaHorce"],"picked":"Replay:Grab Bag"},{"not_picked":["conspire:SlowCooker","ReplayTheSpireMod:DimensionalGlitch"],"picked":"Abe\u0027s Treasure"},{"not_picked":["Cursed Key","beaked:MawFillet"],"picked":"ChewingGum"},{"not_picked":["Pandora\u0027s Box","aspiration:PoetsPen_weak"],"picked":"Snecko Eye"},{"not_picked":["hubris:HollowSoul","construct:ClawGrip"],"picked":"RedLine:ReiMu"}],"items_purged_floors":[],"is_endless":true,"potions_floor_spawned":[2,3,11,13,15,22,25,31,32,33,36,42,47,49],"ascension_level":0}}