{"host":"daa8jqyg4gqfaysm","time":1608613159,"event":{"mods":["BaseMod","Colored Powertips","Minty Spire (QoL Compilation)","StSLib"],"gold_per_floor":[112,262,262,20,34,75,75,91,164,202,202,202,220,255,255,255,255],"floor_reached":16,"playtime":385,"items_purged":["Doubt"],"score":286,"play_id":"7240f713-3823-42bd-8e76-a0a505379db4","local_time":"20201222125919","is_ascension_mode":true,"campfire_choices":[{"data":"Bash","floor":7,"key":"SMITH"},{"data":"Wild Strike","floor":15,"key":"SMITH"}],"circlet_count":0,"master_deck":["AscendersBane","Strike_R","Strike_R","Strike_R","Strike_R","Strike_R","Defend_R","Defend_R","Defend_R","Defend_R","Bash+1","Iron Wave","Wild Strike+1","Pommel Strike+1","Entrench+1","Warcry+1","True Grit+1"],"relics":["Burning Blood","NeowsBlessing","Golden Idol","Vajra","Bronze Scales","Toxic Egg 2","Potion Belt","Eternal Feather"],"acts_visited":["Exordium"],"potions_floor_usage":[14,14],"damage_taken":[{"damage":0,"enemies":"Cultist","floor":1,"turns":1},{"damage":0,"enemies":"Small Slimes","floor":5,"turns":1},{"damage":0,"enemies":"Lagavulin","floor":6,"turns":1},{"damage":1,"enemies":"2 Louse","floor":8,"turns":2},{"damage":30,"enemies":"3 Sentries","floor":10,"turns":8},{"damage":12,"enemies":"2 Fungi Beasts","floor":13,"turns":4},{"damage":15,"enemies":"Lagavulin","floor":14,"turns":4},{"damage":21,"enemies":"Hexaghost","floor":16,"turns":9}],"seed_played":"4187555307046591382","potions_obtained":[{"floor":6,"key":"BlessingOfTheForge"},{"floor":10,"key":"Energy Potion"}],"is_trial":false,"path_per_floor":["M","?","?","$","M","E","R","M","T","E","?","?","M","E","R","B"],"character_chosen":"IRONCLAD","items_purchased":["Vajra"],"campfire_rested":0,"item_purchase_floors":[4],"current_hp_per_floor":[74,74,48,48,54,60,60,65,65,41,41,41,35,26,35,14,14],"gold":255,"neow_bonus":"THREE_ENEMY_KILL","is_daily":false,"chose_seed":false,"campfire_upgraded":2,"win_rate":0.0,"timestamp":1608613159,"path_taken":["M","?","?","$","M","E","R","M","T","E","?","?","M","E","R","BOSS"],"items_purchased_type":["Relic"],"build_version":"2020-12-13","purchased_purges":1,"victory":false,"max_hp_per_floor":[75,75,75,75,75,75,75,75,75,75,75,75,75,75,75,75,75],"card_choices":[{"not_picked":["Anger","Havoc"],"picked":"Iron Wave","floor":1},{"not_picked":["Second Wind","Body Slam"],"picked":"Wild Strike","floor":5},{"not_picked":["Body Slam","Searing Blow","Wild Strike"],"picked":"SKIP","floor":6},{"not_picked":["Warcry","Anger"],"picked":"Pommel Strike","floor":8},{"not_picked":["Thunderclap","Exhume+1"],"picked":"Entrench+1","floor":10},{"not_picked":["Armaments+1","Thunderclap"],"picked":"Warcry+1","floor":13},{"not_picked":["Dark Embrace","Flex+1"],"picked":"True Grit+1","floor":14}],"player_experience":713664,"relics_obtained":[{"floor":6,"key":"Bronze Scales"},{"floor":9,"key":"Toxic Egg 2"},{"floor":10,"key":"Potion Belt"},{"floor":14,"key":"Eternal Feather"}],"event_choices":[{"damage_healed":0,"gold_gain":150,"player_choice":"AGREE","damage_taken":0,"max_hp_gain":0,"max_hp_loss":0,"event_name":"Liars Game","floor":2,"gold_loss":0,"cards_obtained":["Doubt"]},{"damage_healed":0,"gold_gain":0,"player_choice":"Take Damage","damage_taken":26,"relics_obtained":["Golden Idol"],"max_hp_gain":0,"max_hp_loss":0,"event_name":"Golden Idol","floor":3,"gold_loss":0},{"damage_healed":0,"gold_gain":0,"player_choice":"Searched \u00271\u0027 times","damage_taken":0,"max_hp_gain":0,"max_hp_loss":0,"event_name":"Dead Adventurer","floor":11,"gold_loss":0},{"damage_healed":0,"gold_gain":0,"player_choice":"Grow","damage_taken":0,"max_hp_gain":0,"max_hp_loss":0,"event_name":"Living Wall","floor":12,"gold_loss":0,"cards_upgraded":["Pommel Strike"]}],"is_beta":false,"boss_relics":[],"items_purged_floors":[4],"is_endless":false,"potions_floor_spawned":[6,10],"killed_by":"Hexaghost","ascension_level":20}}