{"host":"u4tznopnj1dsdkte","time":1608641259,"event":{"mods":["AchievementEnabler","BaseMod","Colored Map","Colored Powertips","DeckTracker","Highlight Path","Minty Spire (QoL Compilation)","Relic Stats"],"gold_per_floor":[118,133,148,148,20,20,70,81,106,123,139,149,149,149,149,149,149],"floor_reached":16,"playtime":322,"items_purged":[],"score":188,"play_id":"de2c6c8a-06cd-4bb1-abdf-e59648ad8bb0","local_time":"20201222134739","is_ascension_mode":true,"campfire_choices":[{"data":"Whirlwind","floor":6,"key":"SMITH"},{"floor":13,"key":"REST"},{"data":"Inflame","floor":15,"key":"SMITH"}],"circlet_count":0,"master_deck":["AscendersBane","Strike_R","Strike_R","Strike_R","Strike_R","Strike_R","Defend_R","Defend_R","Defend_R","Defend_R","Bash","Seeing Red","Inflame+1","Seeing Red","Whirlwind+1","Seeing Red","Heavy Blade"],"relics":["Burning Blood","Smiling Mask"],"acts_visited":["Exordium"],"potions_floor_usage":[16,16],"damage_taken":[{"damage":1,"enemies":"Small Slimes","floor":1,"turns":4},{"damage":13,"enemies":"Cultist","floor":2,"turns":5},{"damage":12,"enemies":"Jaw Worm","floor":3,"turns":3},{"damage":17,"enemies":"2 Fungi Beasts","floor":8,"turns":4},{"damage":7,"enemies":"Looter","floor":10,"turns":3},{"damage":16,"enemies":"Blue Slaver","floor":11,"turns":3},{"damage":15,"enemies":"Gremlin Gang","floor":12,"turns":2},{"damage":75,"enemies":"Hexaghost","floor":16,"turns":8}],"seed_played":"-2635967614757706508","potions_obtained":[{"floor":3,"key":"SneckoOil"},{"floor":8,"key":"Strength Potion"},{"floor":10,"key":"SteroidPotion"}],"is_trial":false,"path_per_floor":["M","M","M","?","$","R","?","M","T","M","M","M","R","?","R","B"],"character_chosen":"IRONCLAD","items_purchased":["Whirlwind","Seeing Red"],"campfire_rested":1,"item_purchase_floors":[5,5],"current_hp_per_floor":[80,73,67,72,72,72,72,61,61,60,50,41,67,67,67,0,0],"gold":149,"neow_bonus":"TEN_PERCENT_HP_BONUS","is_daily":false,"chose_seed":false,"campfire_upgraded":2,"win_rate":0.0,"timestamp":1608641259,"path_taken":["M","M","M","?","$","R","?","?","T","M","M","M","R","?","R","BOSS"],"items_purchased_type":["Card","Card"],"build_version":"2020-12-13","purchased_purges":0,"victory":false,"max_hp_per_floor":[82,82,82,87,87,87,87,87,87,87,87,87,87,87,87,87,87],"relic_stats":{"counters":[8,32],"Smiling Mask":0,"obtain_stats":[{"Smiling Mask":9,"Burning Blood":0},{"Smiling Mask":4,"Burning Blood":0},{"Smiling Mask":16,"Burning Blood":0}],"Burning Blood":42},"card_choices":[{"not_picked":["Shrug It Off","Intimidate"],"picked":"Seeing Red","floor":1},{"not_picked":["Infernal Blade","Sword Boomerang"],"picked":"Inflame","floor":2},{"not_picked":["Heavy Blade","Sentinel"],"picked":"Seeing Red","floor":3},{"not_picked":["Perfected Strike","Flex","True Grit"],"picked":"SKIP","floor":8},{"not_picked":["Pommel Strike","Exhume"],"picked":"Heavy Blade","floor":10},{"not_picked":["Headbutt","Havoc","Warcry"],"picked":"SKIP","floor":11},{"not_picked":["Twin Strike","Cleave","Rampage"],"picked":"SKIP","floor":12}],"player_experience":1243933,"relics_obtained":[{"floor":9,"key":"Smiling Mask"}],"event_choices":[{"damage_healed":0,"gold_gain":0,"player_choice":"Donut","damage_taken":0,"max_hp_gain":5,"max_hp_loss":0,"event_name":"Big Fish","floor":4,"gold_loss":0},{"damage_healed":0,"gold_gain":50,"player_choice":"Pray","damage_taken":0,"max_hp_gain":0,"max_hp_loss":0,"event_name":"Golden Shrine","floor":7,"gold_loss":0},{"damage_healed":0,"gold_gain":0,"player_choice":"Ignored","damage_taken":0,"max_hp_gain":0,"max_hp_loss":0,"event_name":"Liars Game","floor":14,"gold_loss":0}],"is_beta":false,"boss_relics":[],"items_purged_floors":[],"is_endless":false,"potions_floor_spawned":[3,8,10,12],"killed_by":"Hexaghost","ascension_level":20}}