{"host":"kgj3hkp928synzkd","time":1608623210,"event":{"mods":["2.2 Compatiblity","A Magickal Journey","AchievementEnabler","Act Like it!","AlwaysNeverKeys","BaseMod","Better Altar","Better Match","Better Note","Better Sensory Stone","Better Synergies","Better Third Choice","Better Vampires","Block Reminder","Colored Map","Colored Powertips","Conspire","Curses Come First","Disable Question Mark Monsters","Downfall","GifTheSpireLib","Googly Eyes","Gremlin Skip","GungeonMod","Hallownest","Infinite Spire","Luminous","Marisa????????","Marked Mod","Minty Spire (QoL Compilation)","Permanent Neow","Quick Restart","Random Character Button","Rare Cards Sparkle","Replay The Spire","Spicy Shops","StSLib","SuperFastMode","The Bug Knight","The Exalted","The Jungle","Uncapped"],"gold_per_floor":[219,18,93,110,125,125,143,143,143,143,160,160,179,196,196,293,293,312,312,312,324,324,324],"floor_reached":22,"playtime":895,"items_purged":[],"score":178,"play_id":"a5d75101-9d7b-4380-85c1-70ac43ce0de0","local_time":"20201222024650","is_ascension_mode":false,"campfire_choices":[{"floor":6,"key":"REST"},{"floor":8,"key":"REST"},{"floor":15,"key":"REST"}],"circlet_count":0,"master_deck":["Strike_MRS","Strike_MRS","Strike_MRS","Defend_MRS","Defend_MRS","Defend_MRS","Defend_MRS","MasterSpark","UpSweep","GravityBeat","AsteroidBelt","DoubleSpark+1","StarBarrage","FinalSpark","SatelliteIllusion","GrandCross+1","Bash","J.A.X."],"relics":["MiniHakkero","Membership Card","DemoMod:GnawedKey","Bromod:ArcaneAwakening","Philosopher\u0027s Stone","DemoMod:GlassGuonStoneRelic"],"acts_visited":["Exordium","TheCity"],"potions_floor_usage":[16,16,22,22],"damage_taken":[{"damage":10,"enemies":"Small Slimes","floor":1,"turns":3},{"damage":12,"enemies":"2 Louse","floor":4,"turns":4},{"damage":0,"enemies":"Jaw Worm","floor":5,"turns":5},{"damage":37,"enemies":"Gremlin Gang","floor":7,"turns":5},{"damage":4,"enemies":"Blue Slaver","floor":11,"turns":3},{"damage":9,"enemies":"Exordium Wildlife","floor":13,"turns":3},{"damage":12,"enemies":"Red Slaver","floor":14,"turns":2},{"damage":44,"enemies":"Fading Forest","floor":16,"turns":11},{"damage":28,"enemies":"conspire:FuzzyDice","floor":18,"turns":5},{"damage":31,"enemies":"Shell Parasite","floor":21,"turns":5},{"damage":27,"enemies":"conspire:MimicChest","floor":22,"turns":2}],"seed_played":"-1168819540658568244","potions_obtained":[{"floor":4,"key":"Regen Potion"},{"floor":5,"key":"AttackPotion"},{"floor":14,"key":"Regen Potion"},{"floor":16,"key":"champ:CounterPotion"},{"floor":18,"key":"Energy Potion"}],"is_trial":false,"path_per_floor":["M","$","?","M","M","R","M","R","T","?","M","?","M","M","R","B",null,"M","?","?","M","?"],"character_chosen":"MARISA","items_purchased":["Membership Card","DemoMod:GnawedKey"],"campfire_rested":3,"item_purchase_floors":[2,2],"current_hp_per_floor":[65,65,54,42,42,64,27,49,49,49,45,45,36,24,46,65,75,47,47,47,16,0,0],"gold":324,"neow_bonus":"HUNDRED_GOLD","is_daily":false,"chose_seed":false,"campfire_upgraded":0,"win_rate":0.0,"timestamp":1608623210,"path_taken":["M","$","?","M","M","R","M","R","T","?","?","?","M","M","R","BOSS","M","?","?","M","?"],"items_purchased_type":["Relic","Relic"],"build_version":"2020-12-13","purchased_purges":0,"victory":false,"max_hp_per_floor":[75,75,75,75,75,75,75,75,75,75,75,75,75,75,75,75,75,75,75,75,75,75,75],"card_choices":[{"not_picked":["DC","Singularity"],"picked":"GravityBeat","floor":1},{"not_picked":["GravityBeat","WitchOfGreed"],"picked":"AsteroidBelt","floor":4},{"not_picked":["Acceleration","JA","ChargeUpSpray"],"picked":"SKIP","floor":5},{"not_picked":["DC","Acceleration"],"picked":"DoubleSpark","floor":7},{"not_picked":["ShootingEcho","WitchOfGreed","DragonMeteor"],"picked":"SKIP","floor":11},{"not_picked":["Occultation","GalacticHalo"],"picked":"StarBarrage","floor":13},{"not_picked":["Orbital","ChargeUpSpray"],"picked":"FinalSpark","floor":14},{"not_picked":["AbsoluteMagnitude","JA"],"picked":"SatelliteIllusion","floor":16},{"not_picked":["ShootTheMoon+1","Acceleration+1"],"picked":"GrandCross+1","floor":18},{"not_picked":["OpenUniverse+1","GravityBeat","PropBag+1"],"picked":"SKIP","floor":21}],"player_experience":286009,"relics_obtained":[{"floor":9,"key":"Bromod:ArcaneAwakening"}],"event_choices":[{"damage_healed":0,"gold_gain":75,"player_choice":"Gold","damage_taken":11,"max_hp_gain":0,"max_hp_loss":0,"event_name":"betterThird:BetterGoop","floor":3,"gold_loss":0},{"cards_removed":["Strike_MRS"],"damage_healed":0,"gold_gain":0,"player_choice":"Offered Basic","damage_taken":0,"max_hp_gain":0,"max_hp_loss":0,"event_name":"Bonfire Elementals","floor":10,"gold_loss":0},{"damage_healed":0,"gold_gain":0,"player_choice":"Grow","damage_taken":0,"max_hp_gain":0,"max_hp_loss":0,"event_name":"Living Wall","floor":12,"gold_loss":0,"cards_upgraded":["DoubleSpark"]},{"damage_healed":0,"gold_gain":0,"player_choice":"Take","damage_taken":0,"max_hp_gain":0,"max_hp_loss":0,"event_name":"betterNote:BetterNote","floor":19,"gold_loss":0,"cards_obtained":["Bash"]},{"damage_healed":0,"gold_gain":0,"player_choice":"Obtain J.A.X.","damage_taken":0,"max_hp_gain":0,"max_hp_loss":0,"event_name":"Drug Dealer","floor":20,"gold_loss":0,"cards_obtained":["J.A.X."]}],"is_beta":false,"boss_relics":[{"not_picked":["Replay:Drink Me","Replay:Bronze Core"],"picked":"Philosopher\u0027s Stone"}],"items_purged_floors":[],"is_endless":false,"potions_floor_spawned":[4,5,14,16,18,21],"killed_by":"conspire:MimicChest","ascension_level":0}}