{"host":"ywif2ugnepgiw45s","time":1608599810,"event":{"mods":["Act Like it!","BaseMod","Better Skull","Downfall","Elementarium","GifTheSpireLib","Hermit","Lobotomy","Marisa????????","Minty Spire (QoL Compilation)","READ ME - Guardian Mod","Shade Mod","Shop Mod","StSLib","The Cursed","The Jungle","The Runesmith"],"gold_per_floor":[115,115,41,115,115,115,145,145,145,173,232,245,319,334,334,429,429,446,456,469,394,404,434,533,533,533],"floor_reached":25,"playtime":1117,"items_purged":["hermit:Strike_Hermit"],"score":293,"play_id":"11d11bfa-bfd3-4747-b7e8-80cf1e48f939","local_time":"20201221201650","is_ascension_mode":true,"campfire_choices":[{"data":"hermit:FlashPowder","floor":6,"key":"SMITH"},{"data":"hermit:Brawl","floor":8,"key":"SMITH"},{"data":"hermit:Strike_Hermit","floor":15,"key":"PURGE"}],"circlet_count":0,"master_deck":["hermit:Strike_Hermit","hermit:Defend_Hermit","hermit:Defend_Hermit","hermit:Defend_Hermit","hermit:Defend_Hermit","hermit:Snapshot","hermit:Covet","hermit:FlashPowder+1","hermit:Brawl+1","hermit:FinalCanter","hermit:FatalDesire","hermit:GhostlyPresence","hermit:Enervate","hermit:Deadeye","hermit:Brawl"],"relics":["hermit:Momento","NeowsBlessing","Bottled Lightning","Mummified Hand","Peace Pipe","Centennial Puzzle","Matryoshka","hermit:BartenderGlass","Boot"],"acts_visited":["Exordium","TheCity"],"potions_floor_usage":[18,19,19,20,20,23,23,25,25,25,25],"damage_taken":[{"damage":0,"enemies":"2 Louse","floor":1,"turns":1},{"damage":0,"enemies":"3 Sentries","floor":7,"turns":2},{"damage":0,"enemies":"Gremlin Nob","floor":10,"turns":1},{"damage":20,"enemies":"Gremlin Nob","floor":11,"turns":4},{"damage":4,"enemies":"Small Slimes","floor":12,"turns":7},{"damage":0,"enemies":"Jaw Worm","floor":14,"turns":4},{"damage":13,"enemies":"The Guardian","floor":16,"turns":11},{"damage":0,"enemies":"Shell Parasite","floor":18,"turns":6},{"damage":12,"enemies":"Chosen","floor":19,"turns":8},{"damage":12,"enemies":"Centurion and Healer","floor":20,"turns":6},{"damage":7,"enemies":"Cultist and Chosen","floor":22,"turns":5},{"damage":13,"enemies":"Slavers","floor":23,"turns":7},{"damage":45,"enemies":"Gremlin Leader","floor":25,"turns":6}],"seed_played":"2720031176415859016","potions_obtained":[{"floor":7,"key":"hermit:Tonic"},{"floor":10,"key":"Energy Potion"},{"floor":14,"key":"SkillPotion"},{"floor":16,"key":"hermit:BlackBile"},{"floor":23,"key":"Dexterity Potion"}],"is_trial":false,"path_per_floor":["M","?","$","?","$","R","E","R","T","E","?","M","T","M","R","B",null,"M","M","M","$","M","E","?","E"],"character_chosen":"HERMIT","items_purchased":["hermit:Brawl"],"campfire_rested":0,"item_purchase_floors":[3],"current_hp_per_floor":[75,75,75,75,75,75,75,75,75,75,55,51,51,51,51,38,75,75,63,63,63,56,43,43,0,0],"gold":533,"neow_bonus":"THREE_ENEMY_KILL","is_daily":false,"chose_seed":false,"campfire_upgraded":2,"win_rate":0.0,"timestamp":1608599810,"path_taken":["M","?","$","?","$","R","E","R","T","E","?","M","?","?","R","BOSS","M","?","M","$","M","E","?","E"],"items_purchased_type":["Card"],"build_version":"2020-12-13","purchased_purges":1,"victory":false,"max_hp_per_floor":[75,75,75,75,75,75,75,75,75,75,75,75,75,75,75,75,75,75,75,75,75,75,75,75,75,75],"card_choices":[{"not_picked":["hermit:Roulette","hermit:Grudge"],"picked":"hermit:FlashPowder","floor":1},{"not_picked":["hermit:Glare","hermit:HoleUp"],"picked":"hermit:FinalCanter","floor":7},{"not_picked":["hermit:ItchyTrigger","hermit:LowProfile"],"picked":"hermit:FatalDesire","floor":10},{"not_picked":["hermit:Ricochet","hermit:Virtue"],"picked":"hermit:GhostlyPresence","floor":11},{"not_picked":["hermit:HoleUp","hermit:Coalescence","hermit:Misfire"],"picked":"SKIP","floor":12},{"not_picked":["hermit:WideOpen","hermit:ItchyTrigger"],"picked":"hermit:Enervate","floor":14},{"not_picked":["hermit:GoldenBullet","hermit:EyeOfTheStorm","hermit:Midnight"],"picked":"SKIP","floor":18},{"not_picked":["hermit:HighCaliber","hermit:Headshot+1"],"picked":"hermit:Deadeye","floor":19},{"not_picked":["hermit:Vantage","hermit:Quickdraw"],"picked":"hermit:Brawl","floor":20},{"not_picked":["hermit:Dive","hermit:Feint","hermit:HighCaliber"],"picked":"SKIP","floor":22},{"not_picked":["hermit:FlashPowder","hermit:GoldenBullet","hermit:Quickdraw"],"picked":"SKIP","floor":23}],"player_experience":1611474,"relics_obtained":[{"floor":7,"key":"Bottled Lightning"},{"floor":9,"key":"Mummified Hand"},{"floor":10,"key":"Peace Pipe"},{"floor":13,"key":"Matryoshka"},{"floor":23,"key":"Boot"}],"event_choices":[{"cards_removed":["hermit:Strike_Hermit"],"damage_healed":0,"gold_gain":0,"player_choice":"Forget","damage_taken":0,"max_hp_gain":0,"max_hp_loss":0,"event_name":"Living Wall","floor":2,"gold_loss":0},{"damage_healed":0,"gold_gain":74,"player_choice":"Gained Gold","damage_taken":0,"max_hp_gain":0,"max_hp_loss":0,"event_name":"Golden Wing","floor":4,"gold_loss":0},{"damage_healed":0,"gold_gain":0,"player_choice":"Searched \u00273\u0027 times","damage_taken":0,"relics_obtained":["Centennial Puzzle"],"max_hp_gain":0,"max_hp_loss":0,"event_name":"Dead Adventurer","floor":11,"gold_loss":0},{"damage_healed":0,"gold_gain":99,"player_choice":"Stole From Cult","damage_taken":0,"max_hp_gain":0,"max_hp_loss":0,"event_name":"Nest","floor":24,"gold_loss":0}],"is_beta":false,"boss_relics":[{"not_picked":["Pandora\u0027s Box","Velvet Choker"],"picked":"hermit:BartenderGlass"}],"items_purged_floors":[21],"is_endless":false,"potions_floor_spawned":[7,10,14,16,19,23],"killed_by":"Gremlin Leader","ascension_level":1}}