{"host":"ocy7z4248lncoz2b","time":1608638398,"event":{"mods":["BaseMod","Beaked The Cultist","Bestiary","Better Match","Better Sensory Stone","Better Third Choice","BetterRewards","Clockwork Mod","Colored Map","Colored Powertips","Conspire","Curses Come First","Downfall","Friendly Minions","Gremlin Mod","Highlight Path","Hubris","Infinite Spire","Jorbs\u0027s Wanderer Trilogy","Marisa????????","Mimic Mod","Minty Spire (QoL Compilation)","READ ME - Guardian Mod","Rare Cards Sparkle","Replay The Spire","Shop Mod","Spicy Shops","Spikes Relics","StSLib","SuperFastMode","The Administrix","The Blue Laboratory","The Construct","The Jungle","The Servant 0.9.4","The Wild Card","WarShipGirlsR/????R mod"],"gold_per_floor":[349,362,375,49,49,67,116,128,53,67,167,185,185,199,210,210,210],"floor_reached":16,"playtime":706,"items_purged":[],"score":96,"play_id":"7158bbb4-70e6-4e7a-90e9-619e3d7cf87d","local_time":"20201222205958","is_ascension_mode":false,"campfire_choices":[{"floor":1,"key":"RECALL"},{"floor":9,"key":"REST"},{"floor":13,"key":"REST"}],"circlet_count":0,"master_deck":["construct:Strike_Gold","construct:Strike_Gold","construct:Strike_Gold","construct:Strike_Gold","construct:Defend_Gold","construct:Defend_Gold","construct:Defend_Gold","construct:Defend_Gold","construct:Defend_Gold","construct:AttackMode","construct:DefenseMode","construct:Zapper","construct:Disrupt","construct:ForceCore","Discovery","construct:Autoturret","construct:FlammableFog","construct:LaserCore","construct:Autoturret","construct:Synchronize","ReplayTheSpireMod:Mirror System","construct:SuppressiveFire","construct:PowerUp"],"relics":["construct:ClockworkPhoenix","MerchantsRug","Dream Catcher","downfall:HeartBlessingRed"],"acts_visited":["Exordium"],"potions_floor_usage":[14,15,16],"damage_taken":[{"damage":16,"enemies":"Cultist","floor":2,"turns":5},{"damage":0,"enemies":"conspire:RoseBush","floor":3,"turns":5},{"damage":3,"enemies":"downfall:FleeingMerchant","floor":4,"turns":4},{"damage":1,"enemies":"Jaw Worm","floor":6,"turns":8},{"damage":3,"enemies":"2 Fungi Beasts","floor":8,"turns":6},{"damage":7,"enemies":"conspire:2 RoseBushes","floor":10,"turns":7},{"damage":23,"enemies":"Exordium Wildlife","floor":12,"turns":10},{"damage":14,"enemies":"Gremlin Gang","floor":14,"turns":7},{"damage":9,"enemies":"Exordium Thugs","floor":15,"turns":5},{"damage":36,"enemies":"downfall:Defect","floor":16,"turns":5}],"seed_played":"-5885306171864109827","potions_obtained":[{"floor":8,"key":"Languid Potion"},{"floor":12,"key":"Adrenaline Potion"},{"floor":14,"key":"blueLaboratory:LouseDecoction"}],"is_trial":false,"path_per_floor":["R","M","M","$","?","M","T","M","R","M","?","M","R","M","M","B"],"character_chosen":"THE_CONSTRUCT_MOD","items_purchased":["Discovery","construct:Autoturret","MerchantsRug","construct:FlammableFog"],"campfire_rested":2,"item_purchase_floors":[4,4,4,4],"current_hp_per_floor":[61,45,45,42,42,41,41,38,63,56,56,33,58,44,35,0,0],"gold":210,"neow_bonus":"TWO_FIFTY_GOLD","is_daily":false,"chose_seed":false,"campfire_upgraded":0,"win_rate":0.0,"timestamp":1608638398,"path_taken":["R","M","M","$","?","M","T","M","R","?","?","M","R","?","M","BOSS"],"items_purchased_type":["Card","Card","Relic","Card"],"build_version":"2020-12-13","purchased_purges":0,"victory":false,"max_hp_per_floor":[85,85,85,85,85,85,85,85,85,85,85,85,85,85,85,85,85],"card_choices":[{"not_picked":["construct:VentSteam","construct:MoltenSmash"],"picked":"construct:Zapper","floor":2},{"not_picked":["construct:Backup","construct:ClusterMines"],"picked":"construct:Disrupt","floor":3},{"not_picked":["construct:SuppressiveFire","construct:Implosion"],"picked":"construct:ForceCore","floor":4},{"not_picked":["construct:BatteryAcid","construct:Backfire"],"picked":"construct:LaserCore","floor":6},{"not_picked":["construct:ScrapCannon","construct:SaveState"],"picked":"construct:Autoturret","floor":8},{"not_picked":["construct:MoltenSmash","construct:SuppressiveFire"],"picked":"construct:Synchronize","floor":9},{"not_picked":["construct:Electrocute","construct:Boost"],"picked":"ReplayTheSpireMod:Mirror System","floor":10},{"not_picked":["construct:FocusedBeam","construct:Accumulate","construct:ClusterMines"],"picked":"SKIP","floor":12},{"not_picked":["construct:HeavyBolt","construct:Implosion"],"picked":"construct:SuppressiveFire","floor":13},{"not_picked":["construct:Meltdown","construct:PhosphorStorm"],"picked":"construct:PowerUp","floor":14},{"not_picked":["construct:FlammableFog","construct:ClusterMines","construct:SyphonStrike"],"picked":"SKIP","floor":15}],"player_experience":293064,"relics_obtained":[{"floor":7,"key":"Dream Catcher"}],"event_choices":[{"cards_removed":["construct:Strike_Gold"],"damage_healed":0,"gold_gain":0,"player_choice":"Offered Basic","damage_taken":0,"max_hp_gain":0,"max_hp_loss":0,"event_name":"Bonfire Elementals","floor":5,"gold_loss":0}],"is_beta":false,"boss_relics":[],"items_purged_floors":[],"is_endless":false,"potions_floor_spawned":[8,12,14],"killed_by":"downfall:Defect","ascension_level":0}}