{"host":"jm9833yuloeli2yd","time":1608600115,"event":{"mods":["AchievementEnabler","BaseMod","Better Altar","Better Match","Better Note","Better Sensory Stone","Better Skull","Better Vampires","Colored Map","Colored Powertips","DeckTracker","Minty Spire (QoL Compilation)","Permanent Neow","Quick Restart","Replay The Spire","StSLib","SuperFastMode"],"gold_per_floor":[117,117,47,60,80,108,120,143,178,200,212,253,281,293,305,317,317],"floor_reached":16,"playtime":471,"items_purged":[],"score":174,"play_id":"7f05567c-731a-4aeb-8565-1230858bf8fe","local_time":"20201221202155","is_ascension_mode":true,"campfire_choices":[{"data":"Eruption","floor":7,"key":"SMITH"},{"data":"WheelKick","floor":11,"key":"SMITH"},{"floor":15,"key":"REST"}],"circlet_count":0,"master_deck":["AscendersBane","Strike_P","Strike_P","Defend_P","Defend_P","Defend_P","Defend_P","Eruption+1","Vigilance","CarveReality","Prostrate","LikeWater","FlurryOfBlows","WheelKick+1","Tantrum","Consecrate","FlurryOfBlows","Protect","SpiritShield"],"relics":["VioletLotus","MawBank","Happy Flower","Akabeko"],"acts_visited":["Exordium"],"potions_floor_usage":[6,12,16],"damage_taken":[{"damage":0,"enemies":"Small Slimes","floor":1,"turns":2},{"damage":0,"enemies":"Cultist","floor":4,"turns":3},{"damage":0,"enemies":"Jaw Worm","floor":5,"turns":2},{"damage":13,"enemies":"Lagavulin","floor":6,"turns":7},{"damage":2,"enemies":"2 Fungi Beasts","floor":8,"turns":3},{"damage":14,"enemies":"Lots of Slimes","floor":10,"turns":3},{"damage":22,"enemies":"3 Sentries","floor":12,"turns":6},{"damage":3,"enemies":"Looter","floor":13,"turns":3},{"damage":40,"enemies":"Hexaghost","floor":16,"turns":9}],"seed_played":"1676840096163928166","potions_obtained":[{"floor":1,"key":"StancePotion"},{"floor":4,"key":"StancePotion"},{"floor":5,"key":"PowerPotion"},{"floor":8,"key":"Dexterity Potion"}],"is_trial":false,"path_per_floor":["M","?","$","M","M","E","R","M","T","M","R","E","M","?","R_BF","B"],"character_chosen":"WATCHER","items_purchased":["LikeWater"],"campfire_rested":1,"item_purchase_floors":[3],"current_hp_per_floor":[65,65,65,65,65,52,52,50,50,36,36,14,11,11,32,0,0],"gold":317,"neow_bonus":"BOSS_RELIC","is_daily":false,"chose_seed":false,"campfire_upgraded":2,"win_rate":0.0,"timestamp":1608600115,"path_taken":["M","?","$","?","M","E","R","M","T","M","R","E","M","?","R_BF","BOSS"],"items_purchased_type":["Card"],"build_version":"2020-12-13","purchased_purges":0,"victory":false,"max_hp_per_floor":[72,72,72,72,72,72,72,72,72,72,72,72,72,72,72,72,72],"card_choices":[{"not_picked":["Sanctity","FlurryOfBlows"],"picked":"CarveReality","floor":1},{"not_picked":["Nirvana","Pray"],"picked":"FlurryOfBlows","floor":4},{"not_picked":["ThirdEye","Crescendo"],"picked":"WheelKick","floor":5},{"not_picked":["Evaluate","Blasphemy"],"picked":"Tantrum","floor":6},{"not_picked":["Adaptation","DeceiveReality"],"picked":"Consecrate","floor":8},{"not_picked":["CutThroughFate","Pray"],"picked":"FlurryOfBlows","floor":10},{"not_picked":["DeceiveReality","Replay:AtTheReady"],"picked":"Protect","floor":12},{"not_picked":["CrushJoints","Replay:AtTheReady"],"picked":"SpiritShield","floor":13}],"player_experience":1151142,"relics_obtained":[{"floor":6,"key":"MawBank"},{"floor":9,"key":"Happy Flower"},{"floor":12,"key":"Akabeko"}],"event_choices":[{"damage_healed":0,"gold_gain":0,"cards_transformed":["Strike_P"],"player_choice":"Transformed","damage_taken":0,"max_hp_gain":0,"max_hp_loss":0,"event_name":"Transmorgrifier","floor":2,"gold_loss":0,"cards_obtained":["Prostrate"]},{"cards_removed":["Strike_P"],"damage_healed":0,"gold_gain":0,"player_choice":"Purged","damage_taken":0,"max_hp_gain":0,"max_hp_loss":0,"event_name":"Purifier","floor":14,"gold_loss":0}],"is_beta":false,"boss_relics":[],"items_purged_floors":[],"is_endless":false,"potions_floor_spawned":[1,4,5,8],"killed_by":"Hexaghost","ascension_level":11}}