{"host":"6he3f0ic6yesrium","time":1608649101,"event":{"mods":["BaseMod","Colored Map","Downfall","Minty Spire (QoL Compilation)","StSLib"],"gold_per_floor":[99,109,122,139,151,162,188,208,208,226,226,226,226],"floor_reached":11,"playtime":648,"items_purged":[],"score":69,"play_id":"74cada0f-62b6-4c32-85d5-edefe9eb0dc3","local_time":"20201222095821","is_ascension_mode":false,"campfire_choices":[{"data":"hexamod:Float","floor":1,"key":"SMITH"},{"data":"hexamod:ExtraCrispy","floor":9,"key":"SMITH"}],"circlet_count":0,"master_deck":["hexamod:Strike","hexamod:Strike","hexamod:Strike","hexamod:Strike","hexamod:Defend","hexamod:Defend","hexamod:Defend","hexamod:Defend","hexamod:Sear","hexamod:Float+1","hexamod:NightmareGuise","hexamod:BacktrackSmack","hexamod:Hexaguard","hexamod:ExtraCrispy+1","hexamod:SpectersWail","hexamod:PhantomFireball","hexamod:ThirdSeal"],"relics":["hexamod:SpiritBrand","Strawberry","Bronze Scales"],"acts_visited":["Exordium"],"potions_floor_usage":[5,11],"damage_taken":[{"damage":0,"enemies":"Cultist","floor":2,"turns":3},{"damage":0,"enemies":"2 Louse","floor":3,"turns":3},{"damage":0,"enemies":"Small Slimes","floor":4,"turns":3},{"damage":26,"enemies":"Gremlin Gang","floor":5,"turns":5},{"damage":9,"enemies":"3 Louse","floor":6,"turns":4},{"damage":1,"enemies":"2 Fungi Beasts","floor":8,"turns":3},{"damage":4,"enemies":"Gremlin Gang","floor":10,"turns":3},{"damage":38,"enemies":"3 Sentries","floor":11,"turns":10}],"seed_played":"-8209595335142907538","potions_obtained":[{"floor":3,"key":"sneckomod:MuddlingPotion"},{"floor":4,"key":"PowerPotion"},{"floor":5,"key":"sneckomod:MuddlingPotion"}],"is_trial":false,"path_per_floor":["R","M","M","M","M","M","T","M","R","M","E"],"character_chosen":"THE_SPIRIT","items_purchased":[],"campfire_rested":0,"item_purchase_floors":[],"current_hp_per_floor":[77,77,77,77,51,42,42,41,41,37,0,0,0],"gold":226,"neow_bonus":"RANDOM_COMMON_RELIC","is_daily":false,"chose_seed":false,"campfire_upgraded":2,"win_rate":0.0,"timestamp":1608649101,"path_taken":["R","M","M","M","M","M","T","M","R","M","E"],"items_purchased_type":[],"build_version":"2020-12-13","purchased_purges":0,"victory":false,"max_hp_per_floor":[77,77,77,77,77,77,77,77,77,77,77,77,77],"card_choices":[{"not_picked":["hexamod:BurningTouch","hexamod:Haunt"],"picked":"hexamod:NightmareGuise","floor":2},{"not_picked":["hexamod:SpectralAdrenaline","hexamod:SpectersWail"],"picked":"hexamod:BacktrackSmack","floor":3},{"not_picked":["hexamod:NightmareStrike","hexamod:HeatShield"],"picked":"hexamod:Hexaguard","floor":4},{"not_picked":["hexamod:AdvancingGuard","hexamod:NightmareStrike"],"picked":"hexamod:ExtraCrispy","floor":5},{"not_picked":["hexamod:ThermalTransfer","hexamod:SpectralAdrenaline"],"picked":"hexamod:SpectersWail","floor":6},{"not_picked":["hexamod:FirstSeal","hexamod:EmpoweringStance"],"picked":"hexamod:PhantomFireball","floor":8},{"not_picked":["hexamod:ThermalTransfer","hexamod:NightmareStrike"],"picked":"hexamod:ThirdSeal","floor":10}],"player_experience":265355,"relics_obtained":[{"floor":7,"key":"Bronze Scales"}],"event_choices":[],"is_beta":false,"boss_relics":[],"items_purged_floors":[],"is_endless":false,"potions_floor_spawned":[3,4,5],"killed_by":"3 Sentries","ascension_level":0}}