{"host":"c59zqhrgluvxuu0k","time":1608592458,"event":{"mods":["BaseMod","Better Altar","Better Third Choice","BetterRewards","Colored Map","Colored Powertips","Curses Come First","Downfall","Duelist Mod","Friendly Minions","Hermit","Hubris","Minty Spire (QoL Compilation)","Replay The Spire","Shop Mod","Spicy Shops","StSLib","The Administrix","The Blackbeard","The Cursed","The Death Knight","The Dragon Tamer","The Druid","The Jungle","The Runesmith","The Wild Card"],"gold_per_floor":[121,136,198,217,228,228,260,9,9,9,43,43,218,218,218,313,313,331,126,126,140,89,116,236,236,236,270,285,318,318,334,334,430,430,444,9,24,41,61,92,92,120,120,148,158,248,248,248,248,248,248,248,19,53,53],"floor_reached":56,"playtime":10309,"items_purged":["AdministrixMod:Strike_Administrix","Hallucinations"],"score":1651,"play_id":"ed19f3c4-bbfc-44c9-bdd0-0f32a914858d","local_time":"20201221161418","is_ascension_mode":false,"campfire_choices":[{"data":"AdministrixMod:DreamsMausoleum","floor":6,"key":"SMITH"},{"floor":10,"key":"RECALL"},{"data":"AdministrixMod:BloodBargain","floor":12,"key":"SMITH"},{"data":"AdministrixMod:Convergence","floor":25,"key":"SMITH"},{"data":"AdministrixMod:Wuji","floor":32,"key":"SMITH"},{"floor":49,"key":"DIG"},{"floor":52,"key":"DIG"}],"circlet_count":0,"master_deck":["DTMod:Observe+1","AdministrixMod:Strike_Administrix","AdministrixMod:Strike_Administrix","AdministrixMod:Strike_Administrix","AdministrixMod:RedCloak","AdministrixMod:Defend_Administrix","AdministrixMod:Defend_Administrix","AdministrixMod:Defend_Administrix","AdministrixMod:Defend_Administrix","AdministrixMod:BlueCloak","AdministrixMod:DreamsMausoleum+1","AdministrixMod:RebukeDesires","AdministrixMod:UnstableVigor+1","AdministrixMod:SealAway","AdministrixMod:BloodBargain+1","AdministrixMod:SyncreticSurge","AdministrixMod:CenturiesAscent+1","AdministrixMod:LifeforceNet","AdministrixMod:DeathByGlamour","AdministrixMod:JustRewards+1","AdministrixMod:Convergence+1","AdministrixMod:GuanyinBlessing","AdministrixMod:BegetEternity","AdministrixMod:Untouchable","AdministrixMod:CastOffRegrets+1","Pot Of Greed","Pot Of Greed","Pot Of Greed","AdministrixMod:Wuji+1","AdministrixMod:SyncreticSurge+1","AdministrixMod:HaveItAll+1","AdministrixMod:ImmortalGrace+1","AdministrixMod:CenturiesAscent","AdministrixMod:ExtolVirtue+1","AdministrixMod:ShadowPlay+1","AdministrixMod:Mastermind+1","AdministrixMod:DreamsMausoleum+1","AdministrixMod:QuietConspiracy+1","AdministrixMod:HarmonicReverence","Pot Of Greed","Madness","Madness"],"relics":["AdministrixMod:ConductorRitualBaton","NeowsBlessing","Replay:Multitool","Omamori","Blood Vial","Replay:WaspNest","Replay:Rubber Ducky","AdministrixMod:ElixirOfImmorality","BargainBundle","Nunchaku","Grinning Jar","hubris:BottledRain","Regal Pillow","Black Star","OrangePellets","Cauldron","Replay:Baseball","InkBottle","hubris:SlimyHat","Replay:Towering Pillar of Hats","AdministrixMod:PrescriptionBottle","TungstenRod","Ornamental Fan","hubris:Metronome","Lantern","Sundial","ReplayTheSpireMod:CursedCoin","Centennial Puzzle","Guardian:PocketSentry","Replay:Bottled Flurry","Runesmith:AutoHammer"],"acts_visited":["Exordium","Exordium","TheBeyond","TheEnding"],"potions_floor_usage":[7,7,11,16,20,20,27,27,28,31,33,33,40,40,45,45],"damage_taken":[{"damage":0,"enemies":"2 Louse","floor":1,"turns":2},{"damage":0,"enemies":"Jaw Worm","floor":2,"turns":1},{"damage":0,"enemies":"Small Slimes","floor":4,"turns":1},{"damage":2,"enemies":"Blue Slaver","floor":5,"turns":5},{"damage":4,"enemies":"3 Sentries","floor":7,"turns":9},{"damage":1,"enemies":"Lagavulin","floor":11,"turns":7},{"damage":13,"enemies":"Fading Forest","floor":16,"turns":11},{"damage":4,"enemies":"theJungle:MUSHROOMGANG","floor":18,"turns":4},{"damage":0,"enemies":"JungleHuntersEvent","floor":20,"turns":6},{"damage":0,"enemies":"theJungle:GiantWrat","floor":21,"turns":3},{"damage":4,"enemies":"theJungle:MamaSnecko","floor":23,"turns":5},{"damage":1,"enemies":"theJungle:2_Phrogs","floor":27,"turns":6},{"damage":0,"enemies":"theJungle:JungleHuntersEncounter","floor":28,"turns":2},{"damage":109,"enemies":"theJungle:MamaSnecko","floor":29,"turns":5},{"damage":3,"enemies":"Snake Plant","floor":31,"turns":5},{"damage":0,"enemies":"theJungle:FunGuy","floor":33,"turns":6},{"damage":0,"enemies":"Orb Walker","floor":35,"turns":3},{"damage":1,"enemies":"3 Darklings","floor":37,"turns":3},{"damage":1,"enemies":"Maw","floor":38,"turns":9},{"damage":10,"enemies":"Jaw Worm Horde","floor":39,"turns":4},{"damage":1,"enemies":"Nemesis","floor":40,"turns":7},{"damage":0,"enemies":"R_Hoarder","floor":42,"turns":7},{"damage":8,"enemies":"Nemesis","floor":44,"turns":5},{"damage":0,"enemies":"Transient","floor":45,"turns":5},{"damage":0,"enemies":"Donu and Deca","floor":50,"turns":2},{"damage":0,"enemies":"Shield and Spear","floor":54,"turns":4},{"damage":0,"enemies":"The Heart","floor":55,"turns":10}],"seed_played":"6790775882592810525","potions_obtained":[{"floor":1,"key":"PowerPotion"},{"floor":3,"key":"LifebloodPotion"},{"floor":3,"key":"Explosive Potion"},{"floor":3,"key":"LiquidMemories"},{"floor":11,"key":"LifebloodPotion"},{"floor":15,"key":"SneckoOil"},{"floor":15,"key":"Flashbang"},{"floor":18,"key":"ColorlessPotion"},{"floor":23,"key":"LiquidMemories"},{"floor":29,"key":"GamblersBrew"},{"floor":30,"key":"Adrenaline Potion"},{"floor":30,"key":"AttackPotion"},{"floor":30,"key":"Languid Potion"},{"floor":33,"key":"SteroidPotion"},{"floor":36,"key":"DistilledChaos"},{"floor":44,"key":"Adrenaline Potion"}],"is_trial":false,"path_per_floor":["M","M","?","M","M","R","E","$","T","R","E","R","?","?","R","B",null,"M","$","?","M","$","E","?","R","T","E","M","E","?","M","R","B",null,"M","$","M","M","M","E","R","E","T","E","M","R","?","?","R","B",null,"R","$","E","B",null],"character_chosen":"TheAdministrix","items_purchased":["Omamori","Blood Vial","AdministrixMod:CenturiesAscent+1","BargainBundle","AdministrixMod:Convergence","AdministrixMod:GuanyinBlessing","AdministrixMod:CastOffRegrets+1","OrangePellets","Cauldron","Replay:Baseball","AdministrixMod:CenturiesAscent","ReplayTheSpireMod:CursedCoin","Centennial Puzzle","Guardian:PocketSentry","Weak Potion"],"campfire_rested":0,"item_purchase_floors":[8,8,8,19,19,19,22,36,36,36,36,53,53,53,53],"current_hp_per_floor":[65,65,49,49,47,47,43,43,43,43,44,44,44,44,44,33,65,61,61,63,65,65,61,52,52,52,53,55,19,19,18,18,20,65,65,65,64,64,55,56,37,39,39,33,35,35,35,28,28,30,65,65,65,65,65],"gold":53,"neow_bonus":"THREE_ENEMY_KILL","is_daily":false,"chose_seed":false,"campfire_upgraded":4,"win_rate":0.0,"timestamp":1608592458,"path_taken":["M","M","?","M","M","R","E","$","T","R","E","R","?","?","R","BOSS","M","$","?","M","$","E","?","R","T","E","M","E","?","M","R","BOSS","M","$","?","?","M","E","R","E","T","E","M","R","?","?","R","BOSS","R","$","E","BOSS"],"items_purchased_type":["Relic","Relic","Card","Relic","Card","Card","Card","Relic","Relic","Relic","Card","Relic","Relic","Relic","Potion"],"build_version":"2020-12-13","purchased_purges":2,"victory":true,"max_hp_per_floor":[65,65,65,65,65,65,65,65,65,65,65,65,65,65,65,65,65,65,65,65,65,65,65,65,65,65,65,65,65,65,65,65,65,65,65,65,65,65,65,65,65,65,65,65,65,65,65,65,65,65,65,65,65,65,65],"card_choices":[{"not_picked":["AdministrixMod:Overdrive","AdministrixMod:FuneraryRites"],"picked":"AdministrixMod:DreamsMausoleum","floor":1},{"not_picked":["AdministrixMod:TouchOfCinnabar","AdministrixMod:DiversionaryTactic"],"picked":"AdministrixMod:RebukeDesires","floor":2},{"not_picked":["AdministrixMod:TrickOfTheLight","AdministrixMod:FuneraryRites"],"picked":"AdministrixMod:UnstableVigor","floor":3},{"not_picked":["AdministrixMod:CrackingPangu","AdministrixMod:DiversionaryTactic"],"picked":"AdministrixMod:SealAway","floor":4},{"not_picked":["AdministrixMod:XianArts","AdministrixMod:ShadowPlay"],"picked":"AdministrixMod:BloodBargain","floor":5},{"not_picked":["AdministrixMod:PlateOfAntiquity","AdministrixMod:CastOffRegrets"],"picked":"AdministrixMod:SyncreticSurge","floor":7},{"not_picked":["AdministrixMod:BishamonBlessing","AdministrixMod:ImmortalPurity"],"picked":"AdministrixMod:LifeforceNet","floor":11},{"not_picked":["AdministrixMod:BrewingCloister","AdministrixMod:AmassedMasks"],"picked":"AdministrixMod:DeathByGlamour","floor":16},{"not_picked":["AdministrixMod:Untouchable","AdministrixMod:FuneraryRites+1"],"picked":"AdministrixMod:JustRewards","floor":18},{"not_picked":["AdministrixMod:BloodBargain","AdministrixMod:TrickOfTheLight"],"picked":"AdministrixMod:BegetEternity","floor":20},{"not_picked":["AdministrixMod:RebukeDesires","AdministrixMod:SeventeenArticleLaser"],"picked":"AdministrixMod:Untouchable","floor":21},{"not_picked":["AdministrixMod:Untouchable","AdministrixMod:CenturiesAscent+1","AdministrixMod:JustRewards"],"picked":"SKIP","floor":23},{"not_picked":["AdministrixMod:CastOffRegrets","AdministrixMod:MixOfMercury","AdministrixMod:WickedPunishment+1"],"picked":"SKIP","floor":27},{"not_picked":["AdministrixMod:MixOfMercury+1","AdministrixMod:CenturiesAscent"],"picked":"AdministrixMod:Wuji","floor":28},{"not_picked":["AdministrixMod:SipOfSparks","AdministrixMod:RebukeDesires"],"picked":"AdministrixMod:SyncreticSurge+1","floor":29},{"not_picked":["AdministrixMod:HarmonicReverence","AdministrixMod:WickedPunishment+1","AdministrixMod:Transition+1"],"picked":"SKIP","floor":31},{"not_picked":["AdministrixMod:BattleforgedBonds","AdministrixMod:DeathByGlamour"],"picked":"AdministrixMod:HaveItAll","floor":33},{"not_picked":["AdministrixMod:PlateOfAntiquity","AdministrixMod:CrackingPangu"],"picked":"AdministrixMod:ImmortalGrace+1","floor":35},{"not_picked":["AdministrixMod:PassageOfAges","AdministrixMod:SeventeenArticleLaser+1"],"picked":"AdministrixMod:ExtolVirtue+1","floor":37},{"not_picked":["AdministrixMod:Transcension+1","AdministrixMod:ImmortalGrace+1"],"picked":"AdministrixMod:ShadowPlay+1","floor":38},{"not_picked":["AdministrixMod:ImmortalPurity","AdministrixMod:PassageOfAges"],"picked":"AdministrixMod:Mastermind","floor":39},{"not_picked":["AdministrixMod:HiddenPower+1","AdministrixMod:RebukeDesires+1"],"picked":"AdministrixMod:DreamsMausoleum+1","floor":40},{"not_picked":["AdministrixMod:JustRewards+1","AdministrixMod:RebukeDesires+1"],"picked":"AdministrixMod:QuietConspiracy+1","floor":42},{"not_picked":["AdministrixMod:Katabasis+1","AdministrixMod:RebukeDesires"],"picked":"AdministrixMod:HarmonicReverence","floor":44},{"not_picked":["AdministrixMod:NoblePath+1","AdministrixMod:DeathByGlamour","AdministrixMod:Katabasis"],"picked":"SKIP","floor":45},{"not_picked":["AdministrixMod:Transition","AdministrixMod:FuneraryRites+1","AdministrixMod:DreamsMausoleum+1"],"picked":"SKIP","floor":54}],"player_experience":2135726,"relics_obtained":[{"floor":7,"key":"Replay:Multitool"},{"floor":9,"key":"Replay:WaspNest"},{"floor":11,"key":"Replay:Rubber Ducky"},{"floor":20,"key":"Nunchaku"},{"floor":23,"key":"Grinning Jar"},{"floor":27,"key":"hubris:BottledRain"},{"floor":29,"key":"Regal Pillow"},{"floor":40,"key":"InkBottle"},{"floor":40,"key":"hubris:SlimyHat"},{"floor":42,"key":"Replay:Towering Pillar of Hats"},{"floor":42,"key":"AdministrixMod:PrescriptionBottle"},{"floor":43,"key":"TungstenRod"},{"floor":44,"key":"Ornamental Fan"},{"floor":44,"key":"hubris:Metronome"},{"floor":49,"key":"Lantern"},{"floor":52,"key":"Sundial"},{"floor":54,"key":"Replay:Bottled Flurry"},{"floor":54,"key":"Runesmith:AutoHammer"}],"event_choices":[{"damage_healed":0,"gold_gain":175,"player_choice":"AGREE","damage_taken":43,"max_hp_gain":0,"max_hp_loss":0,"event_name":"betterThird:BetterSerpent","floor":13,"gold_loss":0},{"damage_healed":0,"gold_gain":0,"player_choice":"Got Potions","damage_taken":0,"max_hp_gain":0,"max_hp_loss":0,"event_name":"Lab","floor":30,"gold_loss":0},{"damage_healed":0,"gold_gain":0,"player_choice":"Embrace Madness","damage_taken":8,"max_hp_gain":0,"max_hp_loss":0,"event_name":"Winding Halls","floor":48,"gold_loss":0,"cards_obtained":["Madness","Madness"]}],"is_beta":false,"boss_relics":[{"not_picked":["Empty Cage","hubris:GrandSneckoEye"],"picked":"AdministrixMod:ElixirOfImmorality"},{"not_picked":["Kintsugi","Painkiller Herb"],"picked":"Black Star"}],"items_purged_floors":[19,53],"is_endless":false,"potions_floor_spawned":[1,5,11,18,23,29,33,35,44],"ascension_level":0}}