{"host":"owox7x4ngjt9htcc","time":1608613328,"event":{"mods":["BaseMod","Colored Map","DeckTracker","Keyboard Shortcuts","Minty Spire (QoL Compilation)","SuperFastMode"],"gold_per_floor":[114,129,144,144,104,134,134,149,149,164,179,194,224,174,174,274,274,259,9,9,108,108,138,153,183,233,248,248,278,293,308,308,408,408,423,423,438,438,438,438],"floor_reached":39,"playtime":1197,"items_purged":["Strike_B"],"score":553,"play_id":"c24b121e-b8be-4f0c-9900-4d2c953afa37","local_time":"20201222140208","daily_mods":["Allstar","Diverse","DeadlyEvents"],"is_ascension_mode":false,"campfire_choices":[{"data":"Zap","floor":7.0,"key":"SMITH"},{"data":"True Grit","floor":15.0,"key":"SMITH"},{"floor":28.0,"key":"REST"},{"floor":32.0,"key":"REST"}],"circlet_count":0,"master_deck":["Strike_B+1","Strike_B+1","Defend_B+1","Defend_B+1","Defend_B+1","Defend_B+1","Zap+1","Dualcast","Chrysalis","Enlightenment","Good Instincts","The Bomb","Thinking Ahead","Shrug It Off","Coolheaded","Shrug It Off","True Grit+1","Rampage","DevaForm","Anger+1","Barrage","Writhe","Anger+1","Conserve Battery+1","Flying Knee+1","JustLucky","Armaments+1","PiercingWail+1","Madness","Madness","Flash of Steel"],"relics":["Cracked Core","Unceasing Top","Letter Opener","Ginger","Inserter","Bag of Preparation","Strawberry","Ancient Tea Set","Centennial Puzzle","Art of War","Girya","Fusion Hammer"],"acts_visited":["Exordium","TheCity","TheBeyond"],"potions_floor_usage":[39],"damage_taken":[{"damage":1.0,"enemies":"Jaw Worm","floor":1.0,"turns":4.0},{"damage":0.0,"enemies":"2 Louse","floor":2.0,"turns":3.0},{"damage":1.0,"enemies":"Cultist","floor":3.0,"turns":4.0},{"damage":5.0,"enemies":"Lagavulin","floor":6.0,"turns":9.0},{"damage":0.0,"enemies":"2 Fungi Beasts","floor":8.0,"turns":3.0},{"damage":1.0,"enemies":"3 Louse","floor":10.0,"turns":3.0},{"damage":8.0,"enemies":"Looter","floor":11.0,"turns":4.0},{"damage":4.0,"enemies":"2 Fungi Beasts","floor":12.0,"turns":3.0},{"damage":13.0,"enemies":"3 Sentries","floor":13.0,"turns":5.0},{"damage":0.0,"enemies":"Slime Boss","floor":16.0,"turns":6.0},{"damage":8.0,"enemies":"2 Thieves","floor":18.0,"turns":4.0},{"damage":27.0,"enemies":"Book of Stabbing","floor":23.0,"turns":6.0},{"damage":8.0,"enemies":"Shell Parasite","floor":24.0,"turns":5.0},{"damage":18.0,"enemies":"Slavers","floor":25.0,"turns":4.0},{"damage":10.0,"enemies":"Snake Plant","floor":27.0,"turns":4.0},{"damage":0.0,"enemies":"Gremlin Leader","floor":29.0,"turns":4.0},{"damage":5.0,"enemies":"Chosen and Byrds","floor":30.0,"turns":4.0},{"damage":14.0,"enemies":"Centurion and Healer","floor":31.0,"turns":6.0},{"damage":36.0,"enemies":"Automaton","floor":33.0,"turns":7.0},{"damage":13.0,"enemies":"3 Darklings","floor":35.0,"turns":4.0},{"damage":18.0,"enemies":"Orb Walker","floor":37.0,"turns":5.0},{"damage":63,"enemies":"Reptomancer","floor":39,"turns":3}],"seed_played":"-7682526130134428503","potions_obtained":[{"floor":5.0,"key":"FearPotion"},{"floor":5.0,"key":"SpeedPotion"},{"floor":5.0,"key":"SneckoOil"},{"floor":8.0,"key":"Fire Potion"},{"floor":11.0,"key":"Fire Potion"},{"floor":12.0,"key":"BlessingOfTheForge"},{"floor":13.0,"key":"DuplicationPotion"},{"floor":23.0,"key":"LiquidBronze"},{"floor":29.0,"key":"Weak Potion"},{"floor":30.0,"key":"Block Potion"},{"floor":31.0,"key":"SteroidPotion"}],"is_trial":false,"path_per_floor":["M","M","M","?","?","E","R","M","T","M","M","M","E","?","R","B",null,"M","$","?","?","?","E","M","E","T","M","R","E","M","M","R","B",null,"M","?","M","?","E"],"character_chosen":"DEFECT","items_purchased":["Bag of Preparation","Barrage"],"campfire_rested":2,"item_purchase_floors":[19,19],"current_hp_per_floor":[74,74,73,78,78,73,73,73,73,72,64,60,47,47,47,47,80,72,72,72,72,79,52,44,26,26,16,42,42,37,23,49,13,87,74,63,45,45,0,0],"gold":438,"neow_bonus":"","is_daily":true,"chose_seed":false,"campfire_upgraded":2,"win_rate":0.0,"timestamp":1608613328,"path_taken":["M","M","M","?","?","E","R","M","T","M","M","M","?","?","R","BOSS","M","$","?","?","?","E","M","?","T","M","R","?","M","M","R","BOSS","M","?","?","?","?"],"items_purchased_type":["Relic","Card"],"build_version":"2020-12-13","purchased_purges":1,"victory":false,"max_hp_per_floor":[75,75,75,80,80,80,80,80,80,80,80,80,80,80,80,80,80,80,80,80,80,87,87,87,87,87,87,87,87,87,87,87,87,87,87,87,87,87,87,87],"card_choices":[{"not_picked":["BootSequence","Skewer"],"picked":"Shrug It Off","floor":1.0},{"not_picked":["Prostrate","EmptyFist"],"picked":"Coolheaded","floor":2.0},{"not_picked":["Grand Finale","Leap"],"picked":"Shrug It Off","floor":3.0},{"not_picked":["Distraction","Wireheading","Sanctity"],"picked":"SKIP","floor":6.0},{"not_picked":["Iron Wave","Streamline"],"picked":"True Grit","floor":8.0},{"not_picked":["Heatsinks","Redo","Skim"],"picked":"SKIP","floor":10.0},{"not_picked":["Heatsinks","Redo","Skim"],"picked":"SKIP","floor":10.0},{"not_picked":["Adaptation","Acrobatics","Steam"],"picked":"SKIP","floor":11.0},{"not_picked":["Redo","Creative AI","ClearTheMind"],"picked":"SKIP","floor":12.0},{"not_picked":["Cloak And Dagger","Sword Boomerang"],"picked":"Rampage","floor":13.0},{"not_picked":["Multi-Cast","Tools of the Trade"],"picked":"DevaForm","floor":16.0},{"not_picked":["Capacitor","Barrage"],"picked":"Anger+1","floor":18.0},{"not_picked":["Swivel","WindmillStrike"],"picked":"Anger+1","floor":23.0},{"not_picked":["Dual Wield","BowlingBash+1"],"picked":"Conserve Battery+1","floor":24.0},{"not_picked":["Ball Lightning+1","Cleave+1","MasterReality"],"picked":"SKIP","floor":25.0},{"not_picked":["Perfected Strike","Clash+1"],"picked":"Flying Knee+1","floor":27.0},{"not_picked":["WaveOfTheHand+1","Pummel","JustLucky"],"picked":"SKIP","floor":29.0},{"not_picked":["WaveOfTheHand+1","Pummel"],"picked":"JustLucky","floor":29.0},{"not_picked":["Bane","FlyingSleeves"],"picked":"Armaments+1","floor":30.0},{"not_picked":["Sunder","Deadly Poison","BowlingBash"],"picked":"SKIP","floor":31.0},{"not_picked":["Ball Lightning","Study"],"picked":"PiercingWail+1","floor":35.0},{"not_picked":["Hemokinesis+1","Havoc+1","Cloak And Dagger+1"],"picked":"SKIP","floor":37.0}],"player_experience":848428,"relics_obtained":[{"floor":6.0,"key":"Unceasing Top"},{"floor":9.0,"key":"Letter Opener"},{"floor":13.0,"key":"Ginger"},{"floor":23.0,"key":"Ancient Tea Set"},{"floor":25.0,"key":"Centennial Puzzle"},{"floor":26.0,"key":"Art of War"},{"floor":29.0,"key":"Girya"}],"event_choices":[{"damage_healed":0.0,"max_hp_gain":5.0,"max_hp_loss":0.0,"gold_gain":0.0,"event_name":"Big Fish","player_choice":"Donut","floor":4.0,"gold_loss":0.0,"damage_taken":0.0},{"damage_healed":0.0,"max_hp_gain":0.0,"max_hp_loss":0.0,"gold_gain":0.0,"event_name":"The Woman in Blue","player_choice":"Bought 3 Potions","floor":5.0,"gold_loss":0.0,"damage_taken":0.0},{"cards_removed":["Strike_B"],"damage_healed":0.0,"max_hp_gain":0.0,"max_hp_loss":0.0,"gold_gain":0.0,"event_name":"The Cleric","player_choice":"Card Removal","floor":14.0,"gold_loss":50.0,"damage_taken":0.0},{"damage_healed":0.0,"max_hp_gain":0.0,"max_hp_loss":0.0,"gold_gain":0.0,"event_name":"Back to Basics","player_choice":"Simplicity","floor":20.0,"gold_loss":0.0,"damage_taken":0.0,"cards_upgraded":["Strike_B","Strike_B","Defend_B","Defend_B","Defend_B","Defend_B"]},{"damage_healed":0.0,"max_hp_gain":0.0,"max_hp_loss":0.0,"gold_gain":99.0,"event_name":"Nest","player_choice":"Stole From Cult","floor":21.0,"gold_loss":0.0,"damage_taken":0.0},{"damage_healed":0.0,"max_hp_gain":0.0,"max_hp_loss":0.0,"gold_gain":0.0,"event_name":"The Mausoleum","player_choice":"Opened","floor":22.0,"gold_loss":0.0,"damage_taken":0.0,"relics_obtained":["Strawberry"],"cards_obtained":["Writhe"]},{"damage_healed":0.0,"max_hp_gain":0.0,"max_hp_loss":0.0,"gold_gain":0.0,"event_name":"Winding Halls","player_choice":"Embrace Madness","floor":36.0,"gold_loss":0.0,"damage_taken":11.0,"cards_obtained":["Madness","Madness"]},{"damage_healed":0.0,"max_hp_gain":0.0,"max_hp_loss":0.0,"gold_gain":0.0,"event_name":"Match and Keep!","player_choice":"1 cards matched","floor":38.0,"gold_loss":0.0,"damage_taken":0.0,"cards_obtained":["Flash of Steel"]}],"is_beta":false,"boss_relics":[{"not_picked":["Black Star","Cursed Key"],"picked":"Inserter"},{"not_picked":["Snecko Eye","Empty Cage"],"picked":"Fusion Hammer"}],"items_purged_floors":[19],"is_endless":false,"potions_floor_spawned":[8,11,12,13,23,29,30,31],"killed_by":"Reptomancer","ascension_level":0}}