{"host":"5gc11emcm5chfr5t","time":1608621874,"event":{"mods":["2.2 Compatiblity","AchievementEnabler","BaseMod","Bestiary","Better Note","Colored Map","Colored Powertips","Downfall","Googly Eyes","Minty Spire (QoL Compilation)","Rare Cards Sparkle","StSLib"],"gold_per_floor":[99,99,99,99,99,99,99,24,47,66,66,93,18,51,71,145,145,145,157,257,257,257,207,232,251,48,73,73,83,68,100,112,189,189,114,124,143,50,132,132,132,132,132,145,178,191,191,191],"floor_reached":47,"playtime":2076,"items_purged":[],"score":1140,"play_id":"cf647424-ea43-4240-8fce-5bca7ae70015","local_time":"20201222022434","is_ascension_mode":true,"campfire_choices":[{"floor":1,"key":"RECALL"},{"data":"sneckomod:ImprovisedGuard","floor":8,"key":"SMITH"},{"data":"sneckomod:SoulRoll","floor":11,"key":"SMITH"},{"floor":13,"key":"REST"},{"data":"sneckomod:Unknown3Cost","floor":18,"key":"SMITH"},{"floor":28,"key":"REST"},{"floor":35,"key":"REST"},{"floor":43,"key":"REST"}],"circlet_count":0,"master_deck":["AscendersBane","sneckomod:Defend","sneckomod:Defend","sneckomod:Defend","sneckomod:TailWhip+1","sneckomod:SnekBite","sneckomod:Unknown","sneckomod:Unknown","sneckomod:SoulCleanse","sneckomod:ImprovisedGuard+1","sneckomod:Unknown0Cost","sneckomod:SoulRoll+1","sneckomod:QuickMove","sneckomod:UnknownWeak","sneckomod:Unknown2Cost","sneckomod:UnknownStrike","sneckomod:Unknown3Cost+1","sneckomod:UnknownCommonSkill","sneckomod:UnknownStrength","sneckomod:UnknownRareSkill","J.A.X.","sneckomod:SlitherStrike+1","sneckomod:ImprovisedAttack","sneckomod:SlitherStrike","sneckomod:UnknownVulnerable+1","sneckomod:UnknownClassSLIMEBOUND+1","sneckomod:DiceBlock+1","sneckomod:UnknownClassPURPLE+1","sneckomod:SerpentIdol+1","sneckomod:Mudshield","sneckomod:UnknownRarePower","sneckomod:SoulRoll+1","sneckomod:SoulCleanse+1","sneckomod:WideSting","sneckomod:UnknownRareAttack","expansioncontent:Hexaburn","sneckomod:QuickMove+1","sneckomod:UnknownClassRED+1","sneckomod:IronFang"],"relics":["sneckomod:SneckoSoul","downfall:HeartsMalice","HornCleat","Matryoshka","downfall:HeartBlessingRed","Odd Mushroom","sneckomod:ConfusingCodex","downfall:HeartBlessingGreen","Unceasing Top","SlaversCollar","MutagenicStrength","Nilry\u0027s Codex","Tiny Chest","Toxic Egg 2","Potion Belt","Whetstone","Bronze Scales","Akabeko","Fusion Hammer","downfall:HeartBlessingBlue","Chemical X","Ornamental Fan","Bottled Flame","Shuriken"],"acts_visited":["Exordium","TheCity","TheBeyond"],"potions_floor_usage":[10,14,16,20,29,30,30,33,37,37,38,44,44],"damage_taken":[{"damage":0,"enemies":"Cultist","floor":2,"turns":1},{"damage":0,"enemies":"Jaw Worm","floor":3,"turns":1},{"damage":0,"enemies":"Small Slimes","floor":6,"turns":1},{"damage":11,"enemies":"The Mushroom Lair","floor":9,"turns":4},{"damage":0,"enemies":"Gremlin Gang","floor":10,"turns":3},{"damage":33,"enemies":"Lagavulin","floor":12,"turns":6},{"damage":29,"enemies":"Gremlin Nob","floor":14,"turns":5},{"damage":0,"enemies":"2 Fungi Beasts","floor":15,"turns":4},{"damage":5,"enemies":"downfall:Watcher","floor":16,"turns":11},{"damage":9,"enemies":"Shell Parasite","floor":19,"turns":2},{"damage":12,"enemies":"downfall:Augmenter","floor":20,"turns":5},{"damage":2,"enemies":"Snake Plant","floor":25,"turns":4},{"damage":5,"enemies":"downfall:FleeingMerchant","floor":26,"turns":4},{"damage":27,"enemies":"Book of Stabbing","floor":27,"turns":3},{"damage":14,"enemies":"Chosen and Byrds","floor":29,"turns":6},{"damage":4,"enemies":"downfall:FleeingMerchant","floor":30,"turns":4},{"damage":0,"enemies":"Gremlin Leader","floor":31,"turns":3},{"damage":5,"enemies":"Centurion and Healer","floor":32,"turns":5},{"damage":31,"enemies":"downfall:Silent","floor":33,"turns":6},{"damage":1,"enemies":"Orb Walker","floor":36,"turns":3},{"damage":31,"enemies":"3 Darklings","floor":37,"turns":5},{"damage":0,"enemies":"downfall:FleeingMerchant","floor":38,"turns":3},{"damage":14,"enemies":"Sphere and 2 Shapes","floor":44,"turns":4},{"damage":42,"enemies":"Nemesis","floor":45,"turns":5},{"damage":43,"enemies":"Maw","floor":46,"turns":7},{"damage":11,"enemies":"Reptomancer","floor":47,"turns":6}],"seed_played":"-6948396737425159052","potions_obtained":[{"floor":9,"key":"hexamod:EctoCoolerPotion"},{"floor":12,"key":"SteroidPotion"},{"floor":14,"key":"LiquidMemories"},{"floor":16,"key":"Swift Potion"},{"floor":25,"key":"sneckomod:CheatPotion"},{"floor":27,"key":"Fire Potion"},{"floor":29,"key":"SkillPotion"},{"floor":31,"key":"BlessingOfTheForge"},{"floor":32,"key":"Explosive Potion"},{"floor":36,"key":"sneckomod:DiceRollPotion"},{"floor":37,"key":"Explosive Potion"}],"is_trial":false,"path_per_floor":["R","M","M","?","?","M","T","R","?","M","R","E","R","E","M","B",null,"R","M","?","?","T","?","T","M","$","E","R","M","$","E","M","B",null,"R","M","M","$","T","?","T","$","R","M","E","M","E"],"character_chosen":"THE_SNECKO","items_purchased":["Whetstone","sneckomod:UnknownVulnerable+1","Chemical X","sneckomod:UnknownRareAttack","Guardian:BlockOnCardUsePotion"],"campfire_rested":4,"item_purchase_floors":[26,26,38,38,38],"current_hp_per_floor":[75,75,75,75,75,76,76,76,65,72,72,48,73,49,50,46,78,78,70,60,39,39,81,81,79,80,64,91,77,78,78,73,43,82,105,105,74,75,75,75,75,75,106,92,51,8,0,0],"gold":191,"neow_bonus":"THREE_ENEMY_KILL","is_daily":false,"chose_seed":false,"campfire_upgraded":3,"win_rate":0.0,"timestamp":1608621874,"path_taken":["R","M","?","?","?","?","T","R","?","M","R","E","R","E","M","BOSS","R","M","?","?","?","?","T","M","$","E","R","M","?","E","M","BOSS","R","M","?","$","?","?","T","?","R","?","E","M","E"],"items_purchased_type":["Relic","Card","Relic","Card","Potion"],"build_version":"2020-12-13","purchased_purges":0,"victory":false,"max_hp_per_floor":[83,83,83,83,83,84,84,84,84,84,84,85,85,86,87,88,88,88,89,91,91,91,91,91,91,92,93,93,93,94,94,94,95,95,105,105,105,106,106,106,106,106,106,106,107,107,107,107],"card_choices":[{"not_picked":["sneckomod:UnknownClassGUARDIAN","sneckomod:DiceCrush"],"picked":"sneckomod:SoulCleanse","floor":2},{"not_picked":["sneckomod:SoulRoll","sneckomod:UnknownCommonAttack"],"picked":"sneckomod:ImprovisedGuard","floor":3},{"not_picked":["sneckomod:UnknownClassBLUE","sneckomod:Nope"],"picked":"sneckomod:Unknown0Cost","floor":6},{"not_picked":["sneckomod:UnknownClassSLIMEBOUND","sneckomod:UnknownClassBLUE"],"picked":"sneckomod:SoulRoll","floor":9},{"not_picked":["sneckomod:RainOfDice","sneckomod:DiceBlock"],"picked":"sneckomod:QuickMove","floor":10},{"not_picked":["sneckomod:UnlimitedRolls","sneckomod:SoulDraw"],"picked":"sneckomod:UnknownWeak","floor":12},{"not_picked":["sneckomod:UnknownClassGREEN","sneckomod:RainOfDice"],"picked":"sneckomod:Unknown2Cost","floor":14},{"not_picked":["sneckomod:QuickMove","sneckomod:UnknownCommonAttack"],"picked":"sneckomod:UnknownStrike","floor":15},{"not_picked":["sneckomod:UnknownColorless","sneckomod:UnlimitedRolls"],"picked":"sneckomod:Unknown3Cost","floor":16},{"not_picked":["sneckomod:MasterEye","sneckomod:RainOfDice"],"picked":"sneckomod:UnknownCommonSkill","floor":19},{"not_picked":[],"picked":"J.A.X.","floor":20},{"not_picked":["sneckomod:UnknownClassTHE_CHAMP_GRAY","sneckomod:UnknownBlock"],"picked":"sneckomod:SlitherStrike","floor":20},{"not_picked":["sneckomod:UnknownWeak+1","sneckomod:Unknown1Cost+1"],"picked":"sneckomod:ImprovisedAttack","floor":25},{"not_picked":["sneckomod:UnknownBlock+1","sneckomod:UnknownClassTHE_CHAMP_GRAY+1"],"picked":"sneckomod:SlitherStrike","floor":26},{"not_picked":["sneckomod:Nope+1","sneckomod:DiceBlock+1"],"picked":"sneckomod:UnknownClassSLIMEBOUND+1","floor":27},{"not_picked":["sneckomod:UnknownCommonAttack","sneckomod:RainOfDice"],"picked":"sneckomod:DiceBlock+1","floor":29},{"not_picked":["sneckomod:DiceBoulder+1","sneckomod:DiceCrush"],"picked":"sneckomod:UnknownClassPURPLE+1","floor":30},{"not_picked":["sneckomod:DiceBlock+1","sneckomod:PureSnecko+1"],"picked":"sneckomod:SerpentIdol+1","floor":31},{"not_picked":["sneckomod:QuickBite","sneckomod:QuickMove+1"],"picked":"sneckomod:Mudshield","floor":32},{"not_picked":["sneckomod:UnlimitedRolls","sneckomod:SoulExchange+1"],"picked":"sneckomod:UnknownRarePower","floor":33},{"not_picked":["sneckomod:Nope+1","sneckomod:Unknown1Cost+1"],"picked":"sneckomod:SoulRoll+1","floor":36},{"not_picked":["sneckomod:QuickBite","sneckomod:SoulDraw+1"],"picked":"sneckomod:SoulCleanse+1","floor":37},{"not_picked":["sneckomod:IronFang","sneckomod:UnknownCommonSkill+1"],"picked":"sneckomod:WideSting","floor":38},{"not_picked":["expansioncontent:GoopSpray+1","expansioncontent:Flail"],"picked":"expansioncontent:Hexaburn","floor":40},{"not_picked":["sneckomod:Unknown1Cost+1","sneckomod:SoulCleanse+1"],"picked":"sneckomod:QuickMove+1","floor":44},{"not_picked":["sneckomod:UnknownClassTHE_CHAMP_GRAY+1","sneckomod:Nope+1"],"picked":"sneckomod:UnknownClassRED+1","floor":45},{"not_picked":["sneckomod:UnknownBlock+1","sneckomod:UnknownClassGREEN+1"],"picked":"sneckomod:IronFang","floor":46}],"player_experience":470669,"relics_obtained":[{"floor":7,"key":"Matryoshka"},{"floor":9,"key":"Odd Mushroom"},{"floor":12,"key":"sneckomod:ConfusingCodex"},{"floor":14,"key":"Unceasing Top"},{"floor":20,"key":"MutagenicStrength"},{"floor":21,"key":"Nilry\u0027s Codex"},{"floor":22,"key":"Tiny Chest"},{"floor":22,"key":"Toxic Egg 2"},{"floor":24,"key":"Potion Belt"},{"floor":27,"key":"Bronze Scales"},{"floor":31,"key":"Akabeko"},{"floor":39,"key":"Ornamental Fan"},{"floor":41,"key":"Bottled Flame"},{"floor":45,"key":"Shuriken"}],"event_choices":[{"cards_removed":["sneckomod:Strike"],"damage_healed":0,"gold_gain":0,"player_choice":"Purged","damage_taken":0,"max_hp_gain":0,"max_hp_loss":0,"event_name":"Purifier","floor":5,"gold_loss":0},{"damage_healed":0,"gold_gain":0,"player_choice":"Fought Mushrooms","damage_taken":0,"max_hp_gain":0,"max_hp_loss":0,"event_name":"Mushrooms","floor":9,"gold_loss":0}],"is_beta":false,"boss_relics":[{"not_picked":["Empty Cage","Tiny House"],"picked":"SlaversCollar"},{"not_picked":["Velvet Choker","Runic Pyramid"],"picked":"Fusion Hammer"}],"items_purged_floors":[],"is_endless":false,"potions_floor_spawned":[9,12,14,16,25,27,29,31,32,36,37],"killed_by":"Reptomancer","ascension_level":20}}