{"host":"baymyijz6sxaqj5s","time":1608645145,"event":{"mods":["AchievementEnabler","BaseMod","Colored Map","Colored Powertips","DeckTracker","KOR Keyword Fix","Keyboard Shortcuts","Minty Spire (QoL Compilation)","Quick Restart","StSLib","SuperFastMode"],"gold_per_floor":[115,132,143,157,173,173,123,142,166,178,198,210,210,230,230,334,334,344,358,368,378,378,378,398,398,444,444,456,123,123,137,137,137,137],"floor_reached":33,"playtime":1099,"items_purged":["Strike_R"],"score":249,"play_id":"4b432915-18ed-44e2-9d97-6a894ee161b0","local_time":"20201222225225","is_ascension_mode":false,"campfire_choices":[{"data":"Seeing Red","floor":6,"key":"SMITH"},{"data":"Power Through","floor":15,"key":"SMITH"},{"floor":23,"key":"REST"},{"floor":25,"key":"REST"},{"floor":27,"key":"REST"},{"data":"Limit Break","floor":30,"key":"SMITH"},{"data":"Flame Barrier","floor":32,"key":"SMITH"}],"circlet_count":0,"master_deck":["Strike_R","Strike_R","Defend_R","Defend_R","Defend_R","Defend_R","Bash","Inflame","Flame Barrier","Power Through+1","Seeing Red+1","Ghostly Armor","Headbutt","Thunderclap","Offering","Body Slam+1","Infernal Blade+1","Flame Barrier+1","Limit Break+1"],"relics":["Burning Blood","MealTicket","SacredBark","Blood Vial","Regal Pillow","Mercury Hourglass"],"acts_visited":["Exordium","TheCity"],"potions_floor_usage":[5,5,14,16,16,20,24,31,31,31],"damage_taken":[{"damage":2,"enemies":"Small Slimes","floor":1,"turns":5},{"damage":10,"enemies":"Jaw Worm","floor":2,"turns":4},{"damage":1,"enemies":"Cultist","floor":3,"turns":4},{"damage":4,"enemies":"Blue Slaver","floor":4,"turns":5},{"damage":15,"enemies":"Exordium Thugs","floor":5,"turns":9},{"damage":6,"enemies":"2 Fungi Beasts","floor":8,"turns":6},{"damage":9,"enemies":"Exordium Wildlife","floor":10,"turns":6},{"damage":2,"enemies":"Blue Slaver","floor":11,"turns":5},{"damage":2,"enemies":"3 Louse","floor":12,"turns":4},{"damage":2,"enemies":"Exordium Wildlife","floor":14,"turns":7},{"damage":64,"enemies":"Hexaghost","floor":16,"turns":16},{"damage":34,"enemies":"3 Byrds","floor":18,"turns":9},{"damage":23,"enemies":"Spheric Guardian","floor":19,"turns":6},{"damage":6,"enemies":"Shelled Parasite and Fungi","floor":20,"turns":6},{"damage":37,"enemies":"Cultist and Chosen","floor":21,"turns":10},{"damage":34,"enemies":"Chosen and Byrds","floor":24,"turns":7},{"damage":36,"enemies":"Snake Plant","floor":28,"turns":5},{"damage":13,"enemies":"Snecko","floor":31,"turns":5},{"damage":109,"enemies":"Champ","floor":33,"turns":14}],"seed_played":"4093671660436053876","potions_obtained":[{"floor":3,"key":"SpeedPotion"},{"floor":4,"key":"Weak Potion"},{"floor":5,"key":"GamblersBrew"},{"floor":8,"key":"GamblersBrew"},{"floor":12,"key":"AttackPotion"},{"floor":14,"key":"AttackPotion"},{"floor":19,"key":"Dexterity Potion"},{"floor":21,"key":"SteroidPotion"},{"floor":24,"key":"Regen Potion"},{"floor":28,"key":"BlessingOfTheForge"}],"is_trial":false,"path_per_floor":["M","M","M","M","M","R","?","M","T","M","M","M","?","M","R","B",null,"M","M","M","M","?","R","M","R","T","R","M","$","R","M","R","B"],"character_chosen":"IRONCLAD","items_purchased":["Mercury Hourglass"],"campfire_rested":3,"item_purchase_floors":[29],"current_hp_per_floor":[88,84,88,88,79,79,79,79,79,76,80,84,77,81,81,23,88,60,43,43,12,12,38,12,38,38,79,51,66,66,88,88,0,0],"gold":137,"neow_bonus":"TEN_PERCENT_HP_BONUS","is_daily":false,"chose_seed":false,"campfire_upgraded":4,"win_rate":0.0,"timestamp":1608645145,"path_taken":["M","M","M","M","M","R","?","M","T","M","M","M","?","?","R","BOSS","M","?","M","M","?","R","M","R","T","R","M","?","R","?","R","BOSS"],"items_purchased_type":["Relic"],"build_version":"2020-12-13","purchased_purges":1,"victory":false,"max_hp_per_floor":[88,88,88,88,88,88,88,88,88,88,88,88,88,88,88,88,88,88,88,88,88,88,88,88,88,88,88,88,88,88,88,88,88,88],"card_choices":[{"not_picked":["Clothesline","Sever Soul"],"picked":"Inflame","floor":1},{"not_picked":["Perfected Strike","Spot Weakness"],"picked":"Flame Barrier","floor":2},{"not_picked":["Clothesline","Burning Pact","True Grit"],"picked":"SKIP","floor":3},{"not_picked":["Sentinel","Iron Wave"],"picked":"Power Through","floor":4},{"not_picked":["Clash","Metallicize"],"picked":"Seeing Red","floor":5},{"not_picked":["Perfected Strike","Bloodletting"],"picked":"Ghostly Armor","floor":8},{"not_picked":["Rage","Bloodletting"],"picked":"Headbutt","floor":10},{"not_picked":["Dropkick","Exhume"],"picked":"Thunderclap","floor":11},{"not_picked":["Clash","Whirlwind","Pummel"],"picked":"SKIP","floor":12},{"not_picked":["Bloodletting","Sentinel","Twin Strike"],"picked":"SKIP","floor":14},{"not_picked":["Berserk","Immolate"],"picked":"Offering","floor":16},{"not_picked":["Havoc+1","Sword Boomerang"],"picked":"Body Slam+1","floor":18},{"not_picked":["Searing Blow","True Grit","Warcry"],"picked":"SKIP","floor":19},{"not_picked":["Rampage","True Grit+1"],"picked":"Infernal Blade+1","floor":20},{"not_picked":["Iron Wave","Cleave"],"picked":"Flame Barrier","floor":21},{"not_picked":["Headbutt","Perfected Strike+1","Havoc+1"],"picked":"SKIP","floor":24},{"not_picked":["Carnage","Flex"],"picked":"Limit Break","floor":28},{"not_picked":["Perfected Strike+1","Clothesline","Thunderclap+1"],"picked":"SKIP","floor":31}],"player_experience":184349,"relics_obtained":[{"floor":9,"key":"MealTicket"},{"floor":22,"key":"Blood Vial"},{"floor":26,"key":"Regal Pillow"}],"event_choices":[{"cards_removed":["Strike_R"],"damage_healed":0,"gold_gain":0,"player_choice":"Card Removal","damage_taken":0,"max_hp_gain":0,"max_hp_loss":0,"event_name":"The Cleric","floor":7,"gold_loss":50},{"cards_removed":["Strike_R"],"damage_healed":0,"gold_gain":0,"player_choice":"Card Removal","damage_taken":7,"max_hp_gain":0,"max_hp_loss":0,"event_name":"Golden Wing","floor":13,"gold_loss":0},{"damage_healed":0,"gold_gain":0,"player_choice":"Relic","damage_taken":0,"max_hp_gain":0,"max_hp_loss":0,"event_name":"Wheel of Change","floor":22,"gold_loss":0}],"is_beta":false,"boss_relics":[{"not_picked":["Philosopher\u0027s Stone","Sozu"],"picked":"SacredBark"}],"items_purged_floors":[29],"is_endless":false,"potions_floor_spawned":[3,4,5,8,12,14,19,21,24,28],"killed_by":"Champ","ascension_level":0}}