{"host":"knoo6yq0od847mqf","time":1608664554,"event":{"mods":["BaseMod","Bestiary","CatGirl Mod","Displayed Cursed Tome","Downfall","Hubris","Marisa????????","Minty Spire (QoL Compilation)","Replay The Spire","StSLib","The Alterego","The Bug Knight","The Dragon Tamer"],"gold_per_floor":[119,119,132,148,148,148,160,175,175,175,195,9,9,35,35,135,185,204,186,202,202,202,202,202,202],"floor_reached":24,"playtime":1179,"items_purged":[],"score":223,"play_id":"afe1be01-a522-4776-8a26-e3005890eb07","local_time":"20201222201554","is_ascension_mode":false,"campfire_choices":[{"data":"alterego_mod:BiFurious","floor":6,"key":"SMITH"},{"data":"alterego_mod:DiscoLights","floor":10,"key":"SMITH"},{"data":"alterego_mod:RidiculouslyBig","floor":13,"key":"SMITH"},{"data":"alterego_mod:Rip","floor":15,"key":"SMITH"},{"data":"alterego_mod:AlterEgo","floor":23,"key":"SMITH"}],"circlet_count":0,"master_deck":["alterego_mod:Strike","alterego_mod:Strike","alterego_mod:Strike","alterego_mod:Defend","alterego_mod:Defend","alterego_mod:Defend","alterego_mod:Defend","alterego_mod:Impale+1","alterego_mod:BigMeatyClaws","alterego_mod:BrynhildrsRune","alterego_mod:BiFurious+1","alterego_mod:RidiculouslyBig+1","alterego_mod:DiscoLights+1","alterego_mod:MaintainEyeContact","alterego_mod:Rip+1","alterego_mod:SakuraFive","alterego_mod:AlterEgo+1","alterego_mod:Lift","alterego_mod:BustOut","alterego_mod:Punishment+1"],"relics":["alterego_mod:MasochisticConstitution","Pantograph","HollowMod:LifeEnderRelic","Oddly Smooth Stone","Replay:Accelerometer","Tiny House"],"acts_visited":["Exordium","TheCity"],"potions_floor_usage":[19,19,20,24],"damage_taken":[{"damage":2,"enemies":"2 Louse","floor":1,"turns":5},{"damage":10,"enemies":"Cultist","floor":3,"turns":4},{"damage":0,"enemies":"Small Slimes","floor":4,"turns":5},{"damage":23,"enemies":"Exordium Thugs","floor":7,"turns":14},{"damage":5,"enemies":"3 Louse","floor":8,"turns":8},{"damage":6,"enemies":"2 Fungi Beasts","floor":11,"turns":6},{"damage":13,"enemies":"HollowMod:MossKnight","floor":14,"turns":6},{"damage":6,"enemies":"Slime Boss","floor":16,"turns":12},{"damage":0,"enemies":"Spheric Guardian","floor":18,"turns":6},{"damage":11,"enemies":"2 Thieves","floor":19,"turns":4},{"damage":22,"enemies":"3 Cultists","floor":20,"turns":7},{"damage":42,"enemies":"Cultist and Chosen","floor":24,"turns":6}],"seed_played":"6811734517287560963","potions_obtained":[{"floor":7,"key":"Strength Potion"},{"floor":11,"key":"DistilledChaos"},{"floor":16,"key":"LiquidMemories"},{"floor":17,"key":"PowerPotion"},{"floor":19,"key":"Swift Potion"},{"floor":20,"key":"Energy Potion"}],"is_trial":false,"path_per_floor":["M","?","M","M","T","R","M","M","T","R","M","$","R","E","R","B",null,"M","M","M","?","?","R","M"],"character_chosen":"The_Alterego","items_purchased":["Oddly Smooth Stone","alterego_mod:SakuraFive"],"campfire_rested":0,"item_purchase_floors":[12,12],"current_hp_per_floor":[78,78,69,76,76,76,61,71,71,71,73,73,73,61,61,84,89,89,79,58,40,40,40,0,0],"gold":202,"neow_bonus":"TEN_PERCENT_HP_BONUS","is_daily":false,"chose_seed":false,"campfire_upgraded":5,"win_rate":0.0,"timestamp":1608664554,"path_taken":["M","?","M","?","?","R","M","?","T","R","M","?","R","E","R","BOSS","M","M","M","?","?","R","M"],"items_purchased_type":["Relic","Card"],"build_version":"2020-12-13","purchased_purges":0,"victory":false,"max_hp_per_floor":[78,78,79,79,79,79,80,81,81,81,82,82,82,83,83,84,89,89,90,91,96,96,96,96,96],"card_choices":[{"not_picked":["alterego_mod:Cooking","alterego_mod:Maid"],"picked":"alterego_mod:BiFurious","floor":1},{"not_picked":["alterego_mod:Punishment","alterego_mod:Rip"],"picked":"alterego_mod:RidiculouslyBig","floor":3},{"not_picked":["alterego_mod:Smother","alterego_mod:Cycle","alterego_mod:BiFurious"],"picked":"SKIP","floor":4},{"not_picked":["alterego_mod:TrashNCrash","alterego_mod:Cycle"],"picked":"alterego_mod:DiscoLights","floor":7},{"not_picked":["alterego_mod:Bunnysuit","alterego_mod:Skirt"],"picked":"alterego_mod:MaintainEyeContact","floor":8},{"not_picked":["alterego_mod:Crossover","alterego_mod:Cooking"],"picked":"alterego_mod:Rip","floor":11},{"not_picked":["alterego_mod:BiFurious","alterego_mod:Mirror"],"picked":"alterego_mod:AlterEgo","floor":14},{"not_picked":["alterego_mod:Valkyrie","alterego_mod:InsideBaseball"],"picked":"alterego_mod:Lift","floor":16},{"not_picked":["alterego_mod:1TonWallop","alterego_mod:Mirror+1","alterego_mod:Skirt"],"picked":"SKIP","floor":18},{"not_picked":["alterego_mod:Birthday","alterego_mod:Cushion"],"picked":"alterego_mod:BustOut","floor":19},{"not_picked":["alterego_mod:Belle","alterego_mod:Jiggle"],"picked":"alterego_mod:Punishment+1","floor":20}],"player_experience":196249,"relics_obtained":[{"floor":5,"key":"Pantograph"},{"floor":9,"key":"HollowMod:LifeEnderRelic"},{"floor":14,"key":"Replay:Accelerometer"}],"event_choices":[{"cards_removed":["alterego_mod:Strike"],"damage_healed":0,"gold_gain":0,"player_choice":"Purged","damage_taken":0,"max_hp_gain":0,"max_hp_loss":0,"event_name":"Purifier","floor":2,"gold_loss":0},{"damage_healed":0,"gold_gain":0,"player_choice":"Shed Blood","damage_taken":23,"max_hp_gain":5,"max_hp_loss":0,"event_name":"Forgotten Altar","floor":21,"gold_loss":0},{"damage_healed":0,"gold_gain":0,"player_choice":"Ignored","damage_taken":0,"max_hp_gain":0,"max_hp_loss":0,"event_name":"NoteForYourself","floor":22,"gold_loss":0}],"is_beta":false,"boss_relics":[{"not_picked":["Snecko Eye","Velvet Choker"],"picked":"Tiny House"}],"items_purged_floors":[],"is_endless":false,"potions_floor_spawned":[7,11,16,19,20],"killed_by":"Cultist and Chosen","ascension_level":0}}