{"host":"kgn6pirtmnazmm9y","time":1608638312,"event":{"mods":["AchievementEnabler","Act Like it!","Bard","BaseMod","Better Match","Better Note","Better Sensory Stone","Better Skull","Better Third Choice","Colored Powertips","Conspire","Downfall","Friendly Minions","Gensokyo","Hallownest","Highlight Path","Hubris","Infinite Spire","Jorbs\u0027s Wanderer Trilogy","Marisa????????","Minty Spire (QoL Compilation)","READ ME - Guardian Mod","Replay The Spire","Say the Spire","Spicy Shops","StSLib","The Blackbeard","The Bug Knight","The Construct","The Cursed","The Disciple","The Jungle","The Mystic","The Servant 0.9.4"],"gold_per_floor":[99,99,99,99,119,137,162,162,36,36,36,47,222,234,252,252,252],"floor_reached":16,"playtime":865,"items_purged":[],"score":90,"play_id":"19be767a-cbe3-4ce1-b234-b16c54c1f32c","local_time":"20201222135832","is_ascension_mode":false,"campfire_choices":[{"floor":1,"key":"RECALL"},{"data":"bard:SixFourTime","floor":11,"key":"SMITH"}],"circlet_count":0,"master_deck":["bard:Strike","bard:Strike","bard:Strike","bard:Strike","bard:Defend","bard:Defend","bard:Defend","bard:Defend","bard:Riposte","bard:Inspire","bard:Greatness","bard:Heroism","bard:Sift","bard:FeastOnFear","bard:FirstStrike","bard:LingeringPerformance","bard:SixFourTime+1","bard:ViciousMockery","bard:ViciousMockery","bard:Rest","Doubt","bard:DiscordantVoice","bard:PrismaticSpray"],"relics":["bard:PitchPipe","bard:BagPipes","downfall:HeartsMalice","Replay:Mystery Machine"],"acts_visited":["Exordium"],"potions_floor_usage":[9,16,16,16],"damage_taken":[{"damage":0,"enemies":"Cultist","floor":2,"turns":1},{"damage":0,"enemies":"Jaw Worm","floor":3,"turns":1},{"damage":0,"enemies":"2 Louse","floor":4,"turns":1},{"damage":32,"enemies":"Exordium Thugs","floor":5,"turns":9},{"damage":3,"enemies":"Large Slime","floor":6,"turns":13},{"damage":0,"enemies":"downfall:FleeingMerchant","floor":9,"turns":4},{"damage":12,"enemies":"Exordium Thugs","floor":12,"turns":4},{"damage":0,"enemies":"2 Fungi Beasts","floor":14,"turns":2},{"damage":11,"enemies":"Red Slaver","floor":15,"turns":4},{"damage":59,"enemies":"downfall:Ironclad","floor":16,"turns":10}],"seed_played":"8079366716321991402","potions_obtained":[{"floor":5,"key":"LiquidBronze"},{"floor":6,"key":"ColorlessPotion"},{"floor":10,"key":"infinitespire:BlackPotion"},{"floor":10,"key":"Slimebound:ThreeZeroPotion"},{"floor":15,"key":"Explosive Potion"}],"is_trial":false,"path_per_floor":["R","M","M","M","M","M","T","?","$","?","R","M","?","M","M","B"],"character_chosen":"BARD","items_purchased":["bard:SixFourTime","bard:ViciousMockery"],"campfire_rested":0,"item_purchase_floors":[9,9],"current_hp_per_floor":[70,70,70,70,38,35,35,56,56,56,56,44,44,44,37,0,0],"gold":252,"neow_bonus":"THREE_ENEMY_KILL","is_daily":false,"chose_seed":false,"campfire_upgraded":1,"win_rate":0.0,"timestamp":1608638312,"path_taken":["R","M","M","M","M","?","T","?","$","?","R","?","?","M","M","BOSS"],"items_purchased_type":["Card","Card"],"build_version":"2020-12-13","purchased_purges":0,"victory":false,"max_hp_per_floor":[70,70,70,70,70,70,70,70,70,70,70,70,70,70,70,70,70],"card_choices":[{"not_picked":["bard:SongBolt","bard:SixFourTime"],"picked":"bard:Greatness","floor":2},{"not_picked":["bard:PhantasmalForce","bard:Parry"],"picked":"bard:Heroism","floor":3},{"not_picked":["bard:Fermata","bard:StudiedStrike"],"picked":"bard:Sift","floor":4},{"not_picked":["bard:Aphasia","bard:Fermata"],"picked":"bard:FeastOnFear","floor":5},{"not_picked":["bard:LifeDrain","bard:InspiringSong"],"picked":"bard:FirstStrike","floor":6},{"not_picked":["bard:HideousLaughter","bard:BucklerBash"],"picked":"bard:LingeringPerformance","floor":9},{"not_picked":["bard:Accelerando","bard:Sift"],"picked":"bard:Rest","floor":12},{"not_picked":["bard:LocateObject","bard:Thunderwave"],"picked":"bard:DiscordantVoice","floor":14},{"not_picked":["bard:Flourish","bard:DervishDance"],"picked":"bard:PrismaticSpray","floor":15}],"player_experience":11216,"relics_obtained":[{"floor":7,"key":"Replay:Mystery Machine"}],"event_choices":[{"damage_healed":0,"gold_gain":0,"player_choice":"Got Potions","damage_taken":0,"max_hp_gain":0,"max_hp_loss":0,"event_name":"Lab","floor":10,"gold_loss":0}],"is_beta":false,"boss_relics":[],"items_purged_floors":[],"is_endless":false,"potions_floor_spawned":[5,6,12,14,15],"killed_by":"downfall:Ironclad","ascension_level":0}}