{"host":"obza8r4x8ovwwhn2","time":1608624061,"event":{"mods":["BaseMod","BetterRewards","Colored Map","Downfall","Highlight Path","Minty Spire (QoL Compilation)","Permanent Neow","Quick Restart","Replay The Spire","Shop Mod","StSLib","SuperFastMode"],"gold_per_floor":[99,111,139,46,66,81,130,130,34,62,62,62,73,87,106,210,210,210,210,210,210],"floor_reached":19,"playtime":989,"items_purged":[],"score":177,"play_id":"8f1cff08-162f-4f5b-bec9-661852a32035","local_time":"20201222000101","is_ascension_mode":false,"campfire_choices":[{"data":"hexamod:Sear","floor":1.0,"key":"SMITH"},{"floor":8.0,"key":"REST"},{"data":"hexamod:WildfireWeapon","floor":18,"key":"SMITH"}],"circlet_count":0,"master_deck":["hexamod:Strike","hexamod:Strike","hexamod:Strike","hexamod:Strike","hexamod:Defend","hexamod:Defend","hexamod:Defend","hexamod:Defend","hexamod:Sear+1","hexamod:Float","hexamod:ThermalTransfer","hexamod:HeatCrush","hexamod:FirstSeal","hexamod:BurningTouch","hexamod:ThermalTransfer","hexamod:HeatMetal","hexamod:Rewind","hexamod:Haunt","hexamod:GhostOfSpirePast","hexamod:AdvancingGuard","hexamod:SpectersWail","hexamod:FourthSeal","Amnesia","hexamod:WildfireWeapon+1","hexamod:DynamicBlow","hexamod:SixthSeal"],"relics":["hexamod:SpiritBrand","Du-Vu Doll","Toy Ornithopter","Regal Pillow","Bird Faced Urn","ReplayTheSpireMod:Ring of Collecting","ReplayTheSpireMod:Ring of Exchange","Replay:Grab Bag","Cursed Key","Replay:Bronze Core","SacredBark","Black Star"],"acts_visited":["Exordium","TheCity"],"potions_floor_usage":[],"damage_taken":[{"damage":0.0,"enemies":"Cultist","floor":2.0,"turns":3.0},{"damage":40.0,"enemies":"3 Sentries","floor":3.0,"turns":11.0},{"damage":0.0,"enemies":"downfall:FleeingMerchant","floor":4.0,"turns":4.0},{"damage":3.0,"enemies":"2 Louse","floor":5.0,"turns":3.0},{"damage":0.0,"enemies":"Small Slimes","floor":6.0,"turns":3.0},{"damage":0.0,"enemies":"downfall:FleeingMerchant","floor":9.0,"turns":4.0},{"damage":45.0,"enemies":"Gremlin Nob","floor":10.0,"turns":6.0},{"damage":2.0,"enemies":"Large Slime","floor":13.0,"turns":5.0},{"damage":13.0,"enemies":"Red Slaver","floor":14.0,"turns":5.0},{"damage":8.0,"enemies":"Blue Slaver","floor":15.0,"turns":3.0},{"damage":29.0,"enemies":"downfall:Watcher","floor":16.0,"turns":7.0},{"damage":0,"enemies":"Spheric Guardian","floor":19,"turns":3}],"seed_played":"-5713123053254703620","potions_obtained":[{"floor":6.0,"key":"Elixir"},{"floor":10.0,"key":"Fire Potion"},{"floor":13.0,"key":"LiquidMemories"},{"floor":14.0,"key":"Languid Potion"},{"floor":15.0,"key":"DistilledChaos"},{"floor":16.0,"key":"Explosive Potion"},{"floor":16.0,"key":"Weak Potion"}],"is_trial":false,"path_per_floor":["R","M","E","$","M","M","T","R","$","E","?","?","M","M","M","B",null,"R","M"],"character_chosen":"THE_SPIRIT","items_purchased":["hexamod:BurningTouch","hexamod:ThermalTransfer","hexamod:GhostOfSpirePast","hexamod:AdvancingGuard"],"campfire_rested":1,"item_purchase_floors":[4,4,9,9],"current_hp_per_floor":[49,49,9,9,13,20,20,56,63,25,25,25,34,34,39,35,70,70,70,70,70],"gold":210,"neow_bonus":"ONE_RARE_RELIC","is_daily":false,"chose_seed":false,"campfire_upgraded":2,"win_rate":0.0,"timestamp":1608624061,"path_taken":["R","M","E","?","M","M","T","R","$","E","?","?","M","M","M","BOSS","R","M"],"items_purchased_type":["Card","Card","Card","Card"],"build_version":"2020-12-13","purchased_purges":0,"victory":false,"max_hp_per_floor":[70,70,70,70,70,70,70,70,70,70,70,70,70,70,70,70,70,70,70,70,70],"card_choices":[{"not_picked":["hexamod:RainOfEmbers","hexamod:InspiringFlames"],"picked":"hexamod:ThermalTransfer","floor":2.0},{"not_picked":["hexamod:BurningTouch","hexamod:NightmareStrike"],"picked":"hexamod:HeatCrush","floor":3.0},{"not_picked":["hexamod:Incineration","hexamod:SpectersWail"],"picked":"hexamod:FirstSeal","floor":4.0},{"not_picked":["hexamod:Haunt","hexamod:HauntingEcho"],"picked":"hexamod:HeatMetal","floor":5.0},{"not_picked":["hexamod:Firestarter","hexamod:AdvancingGuard"],"picked":"hexamod:Rewind","floor":6.0},{"not_picked":["hexamod:Firestarter","hexamod:InspiringFlames"],"picked":"hexamod:Haunt","floor":9.0},{"not_picked":["hexamod:CatchUp","hexamod:GhostShield"],"picked":"hexamod:SpectersWail","floor":10.0},{"not_picked":["hexamod:RecurringNightmare","hexamod:StepThrough","hexamod:NightmareStrike"],"picked":"SKIP","floor":13.0},{"not_picked":["hexamod:ThirdSeal","hexamod:ThermalTransfer"],"picked":"hexamod:WildfireWeapon","floor":14.0},{"not_picked":["hexamod:SoulSteal","hexamod:SpectralAdrenaline"],"picked":"hexamod:DynamicBlow","floor":15.0},{"not_picked":["hexamod:UnleashSpirits","hexamod:VolcanoVisage"],"picked":"hexamod:SixthSeal","floor":16.0}],"player_experience":593682,"relics_obtained":[{"floor":3.0,"key":"Toy Ornithopter"},{"floor":7.0,"key":"Regal Pillow"},{"floor":10.0,"key":"Bird Faced Urn"},{"floor":12.0,"key":"ReplayTheSpireMod:Ring of Collecting"},{"floor":12.0,"key":"ReplayTheSpireMod:Ring of Exchange"}],"event_choices":[],"is_beta":false,"boss_relics":[{"not_picked":["Ring of Chaos","ChewingGum"],"picked":"Replay:Grab Bag"},{"not_picked":["Sozu","ReplayTheSpireMod:DimensionalGlitch"],"picked":"Cursed Key"},{"not_picked":["Velvet Choker","Fusion Hammer"],"picked":"Replay:Bronze Core"},{"not_picked":["Kintsugi","Snecko Eye"],"picked":"SacredBark"},{"not_picked":["Replay:Drink Me","Pandora\u0027s Box"],"picked":"Black Star"}],"items_purged_floors":[],"is_endless":false,"potions_floor_spawned":[6,10,14,15,16],"killed_by":"Spheric Guardian","ascension_level":0}}