{"host":"cijwx898anu8dehj","time":1608681487,"event":{"mods":["AchievementEnabler","AlwaysNeverKeys","BaseMod","Colored Map","Colored Powertips","Highlight Path","Minty Spire (QoL Compilation)","Rare Cards Sparkle","Relic Stats","Slay-I"],"gold_per_floor":[118,136,136,152,171,171,21,51,51,78,103,114,79,96,96,191,191,206,218,218,143,65,90,90,15,15,15,27,56,0,11,11,113,113,130,130,150,164,183,183,216,216,267,49,49,95,95,0,0,0],"floor_reached":51,"playtime":3571,"items_purged":["Defend_P","Strike_P"],"score":1149,"play_id":"ed8dda5c-a2bc-4171-90b7-41ea6b4da9dc","local_time":"20201222215807","is_ascension_mode":true,"campfire_choices":[{"data":"Eruption","floor":6.0,"key":"SMITH"},{"data":"TalkToTheHand","floor":15.0,"key":"SMITH"},{"data":"ForeignInfluence","floor":24.0,"key":"SMITH"},{"data":"Wish","floor":27.0,"key":"SMITH"},{"data":"Conclude","floor":32.0,"key":"SMITH"},{"data":"Wish","floor":40.0,"key":"SMITH"},{"data":"Tantrum","floor":42,"key":"SMITH"},{"data":"SandsOfTime","floor":47,"key":"SMITH"},{"data":"TalkToTheHand","floor":49,"key":"SMITH"}],"circlet_count":0,"master_deck":["Defend_P","Defend_P","Eruption+1","Vigilance","CutThroughFate","Halt","Tantrum","CarveReality","MentalFortress","FearNoEvil","Wireheading","TalkToTheHand+1","Wish+1","ClearTheMind+1","ForeignInfluence+1","SignatureMove","CrushJoints+1","Tantrum+1","DeusExMachina","Conclude+1","Wish+1","Fasting2","Writhe","ThirdEye","ThirdEye","ThirdEye+1","EmptyFist+1","Nirvana","TalkToTheHand+1","SandsOfTime+1"],"relics":["Coffee Dripper","ClockworkSouvenir","Dream Catcher","Damaru","InkBottle","Odd Mushroom","Empty Cage","Ancient Tea Set","PreservedInsect","White Beast Statue","Black Star","TungstenRod","Mercury Hourglass","Bag of Preparation","Red Mask"],"acts_visited":["Exordium","TheCity","TheBeyond"],"potions_floor_usage":[41,46,46,50],"damage_taken":[{"damage":0.0,"enemies":"Cultist","floor":1.0,"turns":4.0},{"damage":2.0,"enemies":"2 Louse","floor":2.0,"turns":3.0},{"damage":4.0,"enemies":"Jaw Worm","floor":4.0,"turns":3.0},{"damage":0.0,"enemies":"Large Slime","floor":5.0,"turns":4.0},{"damage":0.0,"enemies":"Lagavulin","floor":8.0,"turns":4.0},{"damage":40.0,"enemies":"Gremlin Nob","floor":10.0,"turns":5.0},{"damage":0.0,"enemies":"The Mushroom Lair","floor":11.0,"turns":3.0},{"damage":0.0,"enemies":"Exordium Wildlife","floor":12.0,"turns":3.0},{"damage":1.0,"enemies":"Blue Slaver","floor":14.0,"turns":3.0},{"damage":0.0,"enemies":"The Guardian","floor":16.0,"turns":7.0},{"damage":12.0,"enemies":"3 Byrds","floor":18.0,"turns":4.0},{"damage":7.0,"enemies":"Shell Parasite","floor":19.0,"turns":4.0},{"damage":23.0,"enemies":"Gremlin Leader","floor":23.0,"turns":7.0},{"damage":0.0,"enemies":"Shelled Parasite and Fungi","floor":28.0,"turns":2.0},{"damage":6.0,"enemies":"Book of Stabbing","floor":29.0,"turns":3.0},{"damage":7.0,"enemies":"Centurion and Healer","floor":31.0,"turns":4.0},{"damage":23.0,"enemies":"Champ","floor":33.0,"turns":6.0},{"damage":19.0,"enemies":"3 Shapes","floor":35.0,"turns":3.0},{"damage":4.0,"enemies":"3 Darklings","floor":37.0,"turns":4.0},{"damage":5.0,"enemies":"Spire Growth","floor":38.0,"turns":3.0},{"damage":0.0,"enemies":"Maw","floor":39.0,"turns":6.0},{"damage":5,"enemies":"Nemesis","floor":41,"turns":7},{"damage":0,"enemies":"4 Shapes","floor":46,"turns":5},{"damage":52,"enemies":"Time Eater","floor":50,"turns":11}],"seed_played":"4330302212068174313","potions_obtained":[{"floor":1.0,"key":"Fruit Juice"},{"floor":2.0,"key":"DuplicationPotion"},{"floor":11.0,"key":"Strength Potion"},{"floor":14.0,"key":"Fruit Juice"},{"floor":16.0,"key":"CultistPotion"},{"floor":23.0,"key":"Swift Potion"},{"floor":31.0,"key":"AttackPotion"},{"floor":33.0,"key":"DistilledChaos"},{"floor":35.0,"key":"Weak Potion"},{"floor":38.0,"key":"LiquidMemories"},{"floor":41,"key":"DuplicationPotion"},{"floor":46,"key":"FairyPotion"}],"is_trial":false,"path_per_floor":["M","M","?","M","M","R","$","E","T","E","?","M","?","M","R","B",null,"M","M","?","?","$","E","R","$","T","R","M","E","?","M","R","B",null,"M","?","M","M","M","R","E","R","T","$","?","M","R","?","R","B",null],"character_chosen":"WATCHER","items_purchased":["ClockworkSouvenir","SignatureMove","Nirvana","TalkToTheHand"],"campfire_rested":0,"item_purchase_floors":[7,22,44,44],"current_hp_per_floor":[70,68,68,64,64,64,64,64,64,24,24,24,43,47,47,47,73,61,54,81,81,81,58,58,58,58,58,58,52,52,45,45,22,67,48,69,65,60,60,60,55,55,55,55,55,55,55,55,55,3],"gold":0,"neow_bonus":"BOSS_RELIC","is_daily":false,"chose_seed":false,"campfire_upgraded":9,"win_rate":0.0,"timestamp":1608681487,"path_taken":["M","?","?","M","M","R","$","E","T","E","?","M","?","M","R","BOSS","M","M","?","?","$","E","R","$","T","R","?","E","?","M","R","BOSS","M","?","M","M","M","R","E","R","T","$","?","M","R","?","R","BOSS"],"items_purchased_type":["Relic","Card","Card","Card"],"build_version":"2020-12-13","purchased_purges":2,"victory":true,"max_hp_per_floor":[77,77,77,77,77,77,77,77,77,77,77,77,77,82,82,82,82,82,82,82,82,82,82,82,82,82,82,82,82,82,82,82,82,82,82,82,82,82,82,82,82,82,82,82,82,82,82,82,82,82],"relic_stats":{"Dream Catcher":0,"counters":[24,108],"PreservedInsect":93,"Black Star":1,"Bag of Preparation":[5],"obtain_stats":[{"Damaru":9,"PreservedInsect":26,"Bag of Preparation":43,"Odd Mushroom":11,"Empty Cage":17,"Ancient Tea Set":23,"White Beast Statue":29,"ClockworkSouvenir":7,"Mercury Hourglass":41,"Dream Catcher":8,"Coffee Dripper":0,"Black Star":34,"Red Mask":48,"PureWater":0,"InkBottle":10,"TungstenRod":41},{"Damaru":5,"PreservedInsect":13,"Bag of Preparation":22,"Odd Mushroom":7,"Empty Cage":10,"Ancient Tea Set":13,"White Beast Statue":15,"ClockworkSouvenir":4,"Mercury Hourglass":22,"Dream Catcher":5,"Coffee Dripper":0,"Black Star":17,"Red Mask":23,"PureWater":0,"InkBottle":6,"TungstenRod":22},{"Damaru":18,"PreservedInsect":54,"Bag of Preparation":92,"Odd Mushroom":26,"Empty Cage":39,"Ancient Tea Set":54,"White Beast Statue":59,"ClockworkSouvenir":14,"Mercury Hourglass":92,"Dream Catcher":18,"Coffee Dripper":0,"Black Star":69,"Red Mask":97,"PureWater":0,"InkBottle":23,"TungstenRod":92}],"InkBottle":[35],"TungstenRod":4,"Mercury Hourglass":[57]},"card_choices":[{"not_picked":["SashWhip","Halt"],"picked":"CutThroughFate","floor":1.0},{"not_picked":["PathToVictory","BowlingBash"],"picked":"Halt","floor":2.0},{"not_picked":["FlyingSleeves","LikeWater"],"picked":"Tantrum","floor":4.0},{"not_picked":["Prostrate","MentalFortress"],"picked":"CarveReality","floor":5.0},{"not_picked":["Crescendo","EmptyBody"],"picked":"MentalFortress","floor":8.0},{"not_picked":["PathToVictory","EmptyMind"],"picked":"FearNoEvil","floor":10.0},{"not_picked":["EmptyBody","Crescendo"],"picked":"Wireheading","floor":11.0},{"not_picked":["BowlingBash","FollowUp"],"picked":"TalkToTheHand","floor":12.0},{"not_picked":["FlurryOfBlows","Perseverance"],"picked":"Halt","floor":14.0},{"not_picked":["MasterReality","Devotion"],"picked":"Wish","floor":16.0},{"not_picked":["ThirdEye","CrushJoints"],"picked":"ClearTheMind+1","floor":18.0},{"not_picked":["CutThroughFate","Vengeance+1"],"picked":"ForeignInfluence","floor":19.0},{"not_picked":["Evaluate","Consecrate"],"picked":"CrushJoints+1","floor":23.0},{"not_picked":["Perseverance","Swivel"],"picked":"Tantrum","floor":28.0},{"not_picked":["CrushJoints+1","WaveOfTheHand"],"picked":"DeusExMachina","floor":29.0},{"not_picked":["Meditate","Worship"],"picked":"Conclude","floor":31.0},{"not_picked":["DeusExMachina","ConjureBlade"],"picked":"Wish","floor":33.0},{"not_picked":["TalkToTheHand","FearNoEvil"],"picked":"Fasting2","floor":35.0},{"not_picked":["Protect+1","MentalFortress+1"],"picked":"ThirdEye","floor":37.0},{"not_picked":["FollowUp","BowlingBash+1"],"picked":"ThirdEye","floor":38.0},{"not_picked":["Protect+1","Prostrate"],"picked":"ThirdEye+1","floor":39.0},{"not_picked":["BowlingBash","FlyingSleeves+1"],"picked":"EmptyFist+1","floor":41},{"not_picked":["ReachHeaven","JustLucky"],"picked":"SandsOfTime","floor":46}],"player_experience":910849,"relics_obtained":[{"floor":8.0,"key":"Dream Catcher"},{"floor":9.0,"key":"Damaru"},{"floor":10.0,"key":"InkBottle"},{"floor":11.0,"key":"Odd Mushroom"},{"floor":23.0,"key":"Ancient Tea Set"},{"floor":26.0,"key":"PreservedInsect"},{"floor":29.0,"key":"White Beast Statue"},{"floor":41,"key":"TungstenRod"},{"floor":41,"key":"Mercury Hourglass"},{"floor":43,"key":"Bag of Preparation"}],"event_choices":[{"cards_removed":["Strike_P"],"damage_healed":0.0,"max_hp_gain":0.0,"max_hp_loss":0.0,"gold_gain":0.0,"event_name":"Living Wall","player_choice":"Forget","floor":3.0,"gold_loss":0.0,"damage_taken":0.0},{"damage_healed":0.0,"max_hp_gain":0.0,"max_hp_loss":0.0,"gold_gain":0.0,"event_name":"Mushrooms","player_choice":"Fought Mushrooms","floor":11.0,"gold_loss":0.0,"damage_taken":0.0},{"damage_healed":19.0,"max_hp_gain":0.0,"max_hp_loss":0.0,"gold_gain":0.0,"event_name":"The Cleric","player_choice":"Healed","floor":13.0,"gold_loss":35.0,"damage_taken":0.0},{"damage_healed":27.0,"max_hp_gain":0.0,"max_hp_loss":0.0,"gold_gain":0.0,"event_name":"The Library","player_choice":"Heal","floor":20.0,"gold_loss":0.0,"damage_taken":0.0},{"cards_removed":["Strike_P"],"damage_healed":0.0,"max_hp_gain":0.0,"max_hp_loss":0.0,"gold_gain":0.0,"event_name":"Beggar","player_choice":"Gave Gold","floor":21.0,"gold_loss":75.0,"damage_taken":0.0},{"damage_healed":0.0,"max_hp_gain":0.0,"max_hp_loss":0.0,"gold_gain":0.0,"event_name":"Masked Bandits","player_choice":"Paid Fearfully","floor":30.0,"gold_loss":56.0,"damage_taken":0.0},{"damage_healed":21.0,"max_hp_gain":0.0,"max_hp_loss":0.0,"gold_gain":0.0,"event_name":"Winding Halls","player_choice":"Writhe","floor":36.0,"gold_loss":0.0,"damage_taken":0.0,"cards_obtained":["Writhe"]},{"cards_removed":["Halt"],"damage_healed":0,"gold_gain":0,"player_choice":"Removed Skill","damage_taken":0,"max_hp_gain":0,"max_hp_loss":0,"event_name":"Falling","floor":45,"gold_loss":0},{"damage_healed":0,"gold_gain":0,"player_choice":"Paid","damage_taken":0,"relics_obtained":["Red Mask"],"max_hp_gain":0,"max_hp_loss":0,"event_name":"Tomb of Lord Red Mask","floor":48,"gold_loss":95}],"is_beta":false,"boss_relics":[{"not_picked":["Ectoplasm","Velvet Choker"],"picked":"Empty Cage"},{"not_picked":["SlaversCollar","Snecko Eye"],"picked":"Black Star"}],"items_purged_floors":[25,44],"is_endless":false,"potions_floor_spawned":[1,2,11,14,16,23,31,33,35,37,38,39,41,46],"ascension_level":9}}