{"host":"vyt5ne9ydo1z9gg1","time":1608632531,"event":{"mods":["BaseMod","Curses Come First","DeckTracker","GifTheSpireLib","Minty Spire (QoL Compilation)","StSLib"],"gold_per_floor":[114,133,208,208,208,208,238,238,264,214,67,78,113,132,132,228,228,242,258,110,128,128,128,157,176,176,176,176,176,176,275,275,372,372,392,1,18,18,18,18,49,49,49,49,59,92,107,138,150,162],"floor_reached":51,"playtime":3235,"items_purged":["Strike_G","Strike_G"],"score":1243,"play_id":"557b8279-267e-4c94-bf1c-bc3370cd5515","local_time":"20201222212211","is_ascension_mode":true,"campfire_choices":[{"floor":6.0,"key":"REST"},{"data":"Survivor","floor":8.0,"key":"SMITH"},{"data":"Bouncing Flask","floor":15.0,"key":"SMITH"},{"data":"Ghostly","floor":23.0,"key":"SMITH"},{"floor":29.0,"key":"REST"},{"data":"Burst","floor":32.0,"key":"SMITH"},{"floor":40.0,"key":"RECALL"},{"floor":42.0,"key":"REST"},{"data":"Deadly Poison","floor":49.0,"key":"SMITH"}],"circlet_count":0,"master_deck":["Defend_G+1","Defend_G+1","Defend_G+1","Defend_G+1","Defend_G+1","Survivor+1","Neutralize+1","Predator+1","Flechettes+1","Acrobatics+1","Blade Dance+1","Blade Dance+1","Bouncing Flask+1","Burst+1","CurseOfTheBell","Deflect+1","Tactician+1","Calculated Gamble+1","Dagger Spray+1","Ghostly+1","Ghostly+1","Ghostly+1","Ghostly+1","Ghostly+1","Prepared+1","Catalyst+1","Necronomicurse","Masterful Stab+1","Backflip+1","Venomology+1","Blur+1","Footwork+1","Purity+1","Accuracy+1","Dagger Throw+1","Deadly Poison+1","Catalyst+1","After Image"],"relics":["HoveringKite","Pen Nib","Anchor","PreservedInsect","Strawberry","Calling Bell","Incense Burner","HornCleat","Orichalcum","War Paint","Mango","Necronomicon","Cursed Key","Snake Skull","Bag of Preparation","Mark of the Bloom","Eternal Feather","Ancient Tea Set","MawBank"],"acts_visited":["Exordium","TheCity","TheBeyond"],"potions_floor_usage":[50,50],"damage_taken":[{"damage":12.0,"enemies":"Jaw Worm","floor":1.0,"turns":6.0},{"damage":1.0,"enemies":"Small Slimes","floor":2.0,"turns":3.0},{"damage":10.0,"enemies":"Lagavulin","floor":7.0,"turns":6.0},{"damage":0.0,"enemies":"2 Louse","floor":12.0,"turns":2.0},{"damage":0.0,"enemies":"Gremlin Nob","floor":13.0,"turns":2.0},{"damage":0.0,"enemies":"Large Slime","floor":14.0,"turns":3.0},{"damage":16.0,"enemies":"The Guardian","floor":16.0,"turns":8.0},{"damage":0.0,"enemies":"Chosen","floor":18.0,"turns":3.0},{"damage":0.0,"enemies":"Spheric Guardian","floor":19.0,"turns":3.0},{"damage":10.0,"enemies":"Snake Plant","floor":21.0,"turns":3.0},{"damage":0.0,"enemies":"Book of Stabbing","floor":24.0,"turns":5.0},{"damage":7.0,"enemies":"3 Cultists","floor":25.0,"turns":6.0},{"damage":11.0,"enemies":"Automaton","floor":33.0,"turns":12.0},{"damage":0.0,"enemies":"Orb Walker","floor":35.0,"turns":5.0},{"damage":0.0,"enemies":"3 Shapes","floor":37.0,"turns":3.0},{"damage":0.0,"enemies":"Nemesis","floor":41.0,"turns":7.0},{"damage":0.0,"enemies":"Transient","floor":45.0,"turns":5.0},{"damage":0.0,"enemies":"Reptomancer","floor":46.0,"turns":4.0},{"damage":0.0,"enemies":"Jaw Worm Horde","floor":47.0,"turns":4.0},{"damage":0.0,"enemies":"Giant Head","floor":48.0,"turns":6.0},{"damage":0,"enemies":"Donu and Deca","floor":50,"turns":8}],"seed_played":"788670657477409732","potions_obtained":[{"floor":2.0,"key":"EntropicBrew"},{"floor":7.0,"key":"AttackPotion"},{"floor":16.0,"key":"Weak Potion"},{"floor":21.0,"key":"Strength Potion"},{"floor":24.0,"key":"Strength Potion"},{"floor":25.0,"key":"ColorlessPotion"},{"floor":33.0,"key":"SneckoOil"},{"floor":35.0,"key":"LiquidMemories"},{"floor":37.0,"key":"SkillPotion"}],"is_trial":false,"path_per_floor":["M","M","?","?","?","R","E","R","T","?","$","M","E","M","R","B",null,"M","M","$","M","?","R","E","M","T","?","?","R","?","?","R","B",null,"M","$","M","?","?","R","E","R","T","$","M","E","M","E","R","B",null],"character_chosen":"THE_SILENT","items_purchased":["PreservedInsect","Calculated Gamble","Snake Skull","Bag of Preparation"],"campfire_rested":3,"item_purchase_floors":[11,20,36,36],"current_hp_per_floor":[58,57,46,32,25,46,36,36,36,36,36,36,43,43,43,27,65,65,65,65,55,38,38,38,31,45,29,29,44,44,44,44,33,47,47,47,47,47,47,47,47,47,47,47,47,47,47,47,47,47],"gold":174,"neow_bonus":"BOSS_RELIC","is_daily":false,"chose_seed":false,"campfire_upgraded":5,"win_rate":0.0,"timestamp":1608632531,"path_taken":["M","M","?","?","?","R","E","R","T","?","$","M","E","M","R","BOSS","M","M","$","M","?","R","E","M","T","?","?","R","?","?","R","BOSS","M","$","M","?","?","R","E","R","T","?","M","E","?","E","R","BOSS"],"items_purchased_type":["Relic","Card","Relic","Relic"],"build_version":"2020-12-13","purchased_purges":2,"victory":true,"max_hp_per_floor":[70,70,70,70,70,70,70,70,70,70,70,70,77,77,77,77,77,77,77,77,77,38,38,38,38,52,52,52,52,52,52,52,52,52,52,52,52,52,52,52,52,52,52,52,52,52,52,52,52,52],"card_choices":[{"not_picked":["Underhanded Strike","PiercingWail"],"picked":"Predator","floor":1.0},{"not_picked":["Blade Dance","Outmaneuver"],"picked":"Flechettes","floor":2.0},{"not_picked":["Setup","Sucker Punch"],"picked":"Acrobatics","floor":7.0},{"not_picked":["Quick Slash","Deflect"],"picked":"Blade Dance","floor":12.0},{"not_picked":["Setup","Bane"],"picked":"Blade Dance","floor":13.0},{"not_picked":["All Out Attack","Skewer"],"picked":"Bouncing Flask","floor":14.0},{"not_picked":["Phantasmal Killer","Grand Finale"],"picked":"Burst","floor":16.0},{"not_picked":["Escape Plan","Choke"],"picked":"Deflect+1","floor":18.0},{"not_picked":["Acrobatics","Escape Plan"],"picked":"Tactician","floor":19.0},{"not_picked":["Acrobatics","Expertise+1"],"picked":"Dagger Spray","floor":21.0},{"not_picked":["Well Laid Plans","Storm of Steel"],"picked":"Prepared+1","floor":24.0},{"not_picked":["Quick Slash","Blade Dance"],"picked":"Catalyst+1","floor":25.0},{"not_picked":["Wraith Form v2","Bullet Time"],"picked":"Venomology","floor":33.0},{"not_picked":["Blade Dance+1","Flying Knee+1"],"picked":"Blur","floor":35.0},{"not_picked":["Deadly Poison+1","Infinite Blades"],"picked":"Footwork+1","floor":37.0},{"not_picked":["Trip","Dark Shackles"],"picked":"Purity","floor":38.0},{"not_picked":["Dagger Throw","Dash+1"],"picked":"Accuracy+1","floor":41.0},{"not_picked":["Skewer+1","Dagger Throw+1","Quick Slash"],"picked":"SKIP","floor":45.0},{"not_picked":["Skewer+1","Quick Slash"],"picked":"Dagger Throw+1","floor":45.0},{"not_picked":["PiercingWail+1","Endless Agony"],"picked":"Deadly Poison","floor":46.0},{"not_picked":["Sucker Punch","Bane+1"],"picked":"Catalyst+1","floor":47.0},{"not_picked":["Backstab+1","Dagger Throw+1"],"picked":"After Image","floor":48.0}],"player_experience":130448,"relics_obtained":[{"floor":7.0,"key":"Anchor"},{"floor":13.0,"key":"Strawberry"},{"floor":17.0,"key":"Incense Burner"},{"floor":17.0,"key":"HornCleat"},{"floor":17.0,"key":"Orichalcum"},{"floor":24.0,"key":"War Paint"},{"floor":26.0,"key":"Mango"},{"floor":27.0,"key":"Necronomicon"},{"floor":41.0,"key":"Eternal Feather"},{"floor":46.0,"key":"Ancient Tea Set"},{"floor":48.0,"key":"MawBank"}],"event_choices":[{"damage_healed":0.0,"max_hp_gain":0.0,"max_hp_loss":0.0,"gold_gain":75.0,"event_name":"World of Goop","player_choice":"Gather Gold","floor":3.0,"gold_loss":0.0,"damage_taken":11.0},{"damage_healed":0.0,"max_hp_gain":0.0,"max_hp_loss":0.0,"gold_gain":0.0,"event_name":"Shining Light","player_choice":"Entered Light","floor":4.0,"gold_loss":0.0,"damage_taken":14.0,"cards_upgraded":["Flechettes","Defend_G"]},{"damage_healed":0.0,"max_hp_gain":0.0,"max_hp_loss":0.0,"gold_gain":0.0,"event_name":"Scrap Ooze","player_choice":"Success","floor":5.0,"gold_loss":0.0,"damage_taken":7.0,"relics_obtained":["Pen Nib"]},{"cards_removed":["Strike_G"],"damage_healed":0.0,"max_hp_gain":0.0,"max_hp_loss":0.0,"gold_gain":0.0,"event_name":"The Cleric","player_choice":"Card Removal","floor":10.0,"gold_loss":50.0,"damage_taken":0.0},{"damage_healed":0.0,"max_hp_gain":0.0,"max_hp_loss":39.0,"gold_gain":0.0,"event_name":"Ghosts","player_choice":"Became a Ghost","floor":22.0,"gold_loss":0.0,"damage_taken":0.0,"cards_obtained":["Ghostly","Ghostly","Ghostly","Ghostly","Ghostly"]},{"damage_healed":0.0,"max_hp_gain":0.0,"max_hp_loss":0.0,"gold_gain":0.0,"event_name":"Cursed Tome","player_choice":"Obtained Book","floor":27.0,"gold_loss":0.0,"damage_taken":16.0},{"damage_healed":0.0,"max_hp_gain":0.0,"max_hp_loss":0.0,"gold_gain":0.0,"event_name":"The Mausoleum","player_choice":"Ignored","floor":28.0,"gold_loss":0.0,"damage_taken":0.0},{"damage_healed":0.0,"max_hp_gain":0.0,"max_hp_loss":0.0,"gold_gain":0.0,"cards_transformed":["Strike_G","Strike_G"],"event_name":"Drug Dealer","player_choice":"Became Test Subject","floor":30.0,"gold_loss":0.0,"damage_taken":0.0,"cards_obtained":["Masterful Stab","Backflip"]},{"damage_healed":0.0,"max_hp_gain":0.0,"max_hp_loss":0.0,"gold_gain":99.0,"event_name":"Nest","player_choice":"Stole From Cult","floor":31.0,"gold_loss":0.0,"damage_taken":0.0},{"damage_healed":0.0,"max_hp_gain":0.0,"max_hp_loss":0.0,"gold_gain":0.0,"event_name":"SensoryStone","player_choice":"Memory 1","floor":38.0,"gold_loss":0.0,"damage_taken":0.0},{"damage_healed":0.0,"max_hp_gain":0.0,"max_hp_loss":0.0,"gold_gain":0.0,"event_name":"MindBloom","player_choice":"Upgrade","floor":39.0,"gold_loss":0.0,"damage_taken":0.0,"cards_upgraded":["Defend_G","Defend_G","Defend_G","Neutralize","Predator","Acrobatics","Blade Dance","Blade Dance","Tactician","Dagger Spray","Ghostly","Ghostly","Ghostly","Ghostly","Masterful Stab","Backflip","Venomology","Blur","Purity"],"relics_obtained":["Mark of the Bloom"]}],"is_beta":false,"boss_relics":[{"not_picked":["Velvet Choker","Runic Dome"],"picked":"Calling Bell"},{"not_picked":["Tiny House","Sozu"],"picked":"Cursed Key"}],"items_purged_floors":[20,36],"is_endless":false,"potions_floor_spawned":[2,7,16,21,24,25,33,35,37,47,48],"ascension_level":5}}