{"host":"m6aaltr68g9tvoay","time":1608616620,"event":{"mods":["AchievementEnabler","BaseMod","Colored Map","Minty Spire (QoL Compilation)","StSLib"],"gold_per_floor":[118,41,61,73,43,43,63,21,21,54,70,70,70,82,82,155,155,171,188,188,188,204,204,216,250,250,250,274,274,16,37,37,37,37],"floor_reached":33,"playtime":1042,"items_purged":[],"score":511,"play_id":"b3870896-d0f0-406c-9f9d-51a1fe2a078f","local_time":"20201221215700","is_ascension_mode":true,"campfire_choices":[{"floor":6,"key":"REST"},{"data":"Melter","floor":12,"key":"SMITH"},{"floor":15,"key":"REST"},{"floor":23,"key":"REST"},{"floor":27,"key":"REST"},{"data":"Electrodynamics","floor":29,"key":"SMITH"},{"floor":32,"key":"REST"}],"circlet_count":0,"master_deck":["AscendersBane","Strike_B","Strike_B","Strike_B","Defend_B","Defend_B","Defend_B","Zap","Dualcast","Barrage","Melter+1","Leap","Conserve Battery","Gash","Gash","Glacier","Loop","Ball Lightning","Auto Shields","Biased Cognition","Electrodynamics+1","BootSequence","RitualDagger","Rebound","Ball Lightning","Doom and Gloom","Leap","Glacier","Rebound+1"],"relics":["Cracked Core","FossilizedHelix","Du-Vu Doll","Centennial Puzzle","Empty Cage","CeramicFish","Juzu Bracelet","DataDisk"],"acts_visited":["Exordium","TheCity"],"potions_floor_usage":[10,14,16,24,25,25,31,33],"damage_taken":[{"damage":1,"enemies":"Cultist","floor":1,"turns":3},{"damage":10,"enemies":"Small Slimes","floor":3,"turns":3},{"damage":2,"enemies":"Jaw Worm","floor":4,"turns":3},{"damage":0,"enemies":"Looter","floor":7,"turns":2},{"damage":12,"enemies":"3 Sentries","floor":10,"turns":6},{"damage":0,"enemies":"Exordium Wildlife","floor":11,"turns":3},{"damage":7,"enemies":"Gremlin Gang","floor":14,"turns":4},{"damage":8,"enemies":"The Guardian","floor":16,"turns":12},{"damage":0,"enemies":"Chosen","floor":18,"turns":5},{"damage":0,"enemies":"Spheric Guardian","floor":19,"turns":3},{"damage":15,"enemies":"Snake Plant","floor":22,"turns":4},{"damage":14,"enemies":"3 Cultists","floor":24,"turns":7},{"damage":13,"enemies":"Slavers","floor":25,"turns":3},{"damage":7,"enemies":"Cultist and Chosen","floor":28,"turns":4},{"damage":0,"enemies":"Snake Plant","floor":31,"turns":6},{"damage":78,"enemies":"Collector","floor":33,"turns":8}],"seed_played":"1857971560848043242","potions_obtained":[{"floor":1,"key":"SkillPotion"},{"floor":4,"key":"SneckoOil"},{"floor":11,"key":"ColorlessPotion"},{"floor":16,"key":"LiquidMemories"},{"floor":19,"key":"Energy Potion"},{"floor":24,"key":"DistilledChaos"},{"floor":28,"key":"Weak Potion"}],"is_trial":false,"path_per_floor":["M","$","M","M","$","R","M","$","T","E","M","R","?","M","R","B",null,"M","M","?","?","M","R","M","E","T","R","M","R","$","M","R","B"],"character_chosen":"DEFECT","items_purchased":["Melter","Gash","Glacier","DataDisk","Glacier","Block Potion"],"campfire_rested":5,"item_purchase_floors":[2,5,8,30,30,30],"current_hp_per_floor":[70,70,60,58,58,78,78,78,78,66,66,66,55,48,71,63,74,74,74,74,68,53,76,62,49,49,72,65,65,65,65,78,0,0],"gold":37,"neow_bonus":"TEN_PERCENT_HP_BONUS","is_daily":false,"chose_seed":false,"campfire_upgraded":2,"win_rate":0.0,"timestamp":1608616620,"path_taken":["M","?","M","M","$","R","M","$","T","E","?","R","?","M","R","BOSS","M","M","?","?","M","R","M","E","T","R","M","R","?","M","R","BOSS"],"items_purchased_type":["Card","Card","Card","Relic","Card","Potion"],"build_version":"2020-12-13","purchased_purges":0,"victory":false,"max_hp_per_floor":[78,78,78,78,78,78,78,78,78,78,78,78,78,78,78,78,78,78,78,78,78,78,78,78,78,78,78,78,78,78,78,78,78,78],"card_choices":[{"not_picked":["Ball Lightning","Leap"],"picked":"Barrage","floor":1},{"not_picked":["Sweeping Beam","Aggregate"],"picked":"Leap","floor":3},{"not_picked":["Steam","Redo"],"picked":"Conserve Battery","floor":4},{"not_picked":["Compile Driver","Undo"],"picked":"Gash","floor":7},{"not_picked":["Cold Snap","Capacitor"],"picked":"Loop","floor":10},{"not_picked":["Steam","Conserve Battery"],"picked":"Ball Lightning","floor":11},{"not_picked":["Cold Snap","Ball Lightning"],"picked":"Auto Shields","floor":14},{"not_picked":["Core Surge","Reboot"],"picked":"Biased Cognition","floor":16},{"not_picked":["Streamline","Go for the Eyes","Turbo"],"picked":"SKIP","floor":18},{"not_picked":["Chill","Rebound"],"picked":"Electrodynamics","floor":19},{"not_picked":["Redo","Steam"],"picked":"Rebound","floor":22},{"not_picked":["Beam Cell","Cold Snap"],"picked":"Ball Lightning","floor":24},{"not_picked":["Undo","Chaos"],"picked":"Doom and Gloom","floor":25},{"not_picked":["Rip and Tear","Heatsinks"],"picked":"Leap","floor":28},{"not_picked":["Streamline","Beam Cell"],"picked":"Rebound+1","floor":31}],"player_experience":1285340,"relics_obtained":[{"floor":9,"key":"FossilizedHelix"},{"floor":10,"key":"Du-Vu Doll"},{"floor":25,"key":"CeramicFish"},{"floor":26,"key":"Juzu Bracelet"}],"event_choices":[{"damage_healed":0,"gold_gain":0,"player_choice":"Success","damage_taken":11,"relics_obtained":["Centennial Puzzle"],"max_hp_gain":0,"max_hp_loss":0,"event_name":"Scrap Ooze","floor":13,"gold_loss":0},{"damage_healed":0,"gold_gain":0,"player_choice":"Read","damage_taken":0,"max_hp_gain":0,"max_hp_loss":0,"event_name":"The Library","floor":20,"gold_loss":0,"cards_obtained":["BootSequence"]},{"damage_healed":0,"gold_gain":0,"player_choice":"Joined the Cult","damage_taken":6,"max_hp_gain":0,"max_hp_loss":0,"event_name":"Nest","floor":21,"gold_loss":0,"cards_obtained":["RitualDagger"]}],"is_beta":false,"boss_relics":[{"not_picked":["Runic Pyramid","Snecko Eye"],"picked":"Empty Cage"}],"items_purged_floors":[],"is_endless":false,"potions_floor_spawned":[1,4,11,16,19,24,28],"killed_by":"Collector","ascension_level":18}}