{"host":"fq9q35as5g8xdsoo","time":1608597420,"event":{"mods":["2.2 Compatiblity","AchievementEnabler","Act Like it!","Aspiration","BaseMod","Beaked The Cultist","Better Skull","Card Forge","Colored Map","Colored Powertips","Conspire","Dota2Spire","Energized Spire","Gensokyo","GifTheSpireLib","Halation","Hermit","Hubris","Marked Mod","Menagerie","Minty Spire (QoL Compilation)","Pale of the Ancients","Permanent Neow","Quick Restart","Relic Filter","Replay The Spire","Robot Space Explorer","Spicy Shops","Spikes Relics","StSLib","Stuff the Spire","SuperFastMode","The Blue Laboratory","The Construct","The Disciple","The Factory","The Gatherer","The Jungle","The Marked","The Runesmith","The Servant 0.9.4","Trackpad","WarShipGirlsR/????R mod","vexMod"],"gold_per_floor":[111,111,111,111,2,37,37,37,37,37,37,37],"floor_reached":11,"playtime":1080,"items_purged":[],"score":174,"play_id":"2d4f47cf-41d9-485f-b772-2664fef59e1a","local_time":"20201221163700","daily_mods":["Draft","Vintage","Heirloom","Flight","DeadlyEvents","Elite Swarm","Lethality","Binary"],"is_ascension_mode":true,"campfire_choices":[{"floor":7,"key":"RECALL"},{"data":"construct:MetalShell","floor":8,"key":"SMITH"},{"data":"construct:MetalShell","floor":10,"key":"SMITH"}],"circlet_count":0,"master_deck":["AscendersBane","construct:MetalShell+1","construct:Overcharge","construct:Boost","construct:Backfire","construct:Reinforce","construct:ForceCore","construct:SuppressiveFire","construct:FocusedBeam","construct:Versatility","construct:SweepLaser","construct:MetalShell+1","construct:SweepLaser","construct:Reinforce","construct:Forcefield","Gensokyo:BlemishedSteel","Gensokyo:TarnishedGold","construct:LaserCore"],"relics":["construct:ClockworkPhoenix","Hammer of Thor","Seething Fire","Anvil of the Gods","Busted Crown","replay:Trail_Library","StuffTheSpire:Nightcore","PreservedInsect","Gensokyo:NagashiBinaDoll","vexMod:RetaliationKit","Runesmith:Nanobots"],"acts_visited":["Gensokyo:Gensokyo"],"potions_floor_usage":[],"damage_taken":[{"damage":0.0,"enemies":"Gensokyo:2_Kodama","floor":1.0,"turns":3.0},{"damage":0,"enemies":"Gensokyo:Cirno","floor":6,"turns":3},{"damage":0,"enemies":"Gensokyo:Mamizou","floor":11,"turns":1}],"seed_played":"-5747385078959571802","potions_obtained":[{"floor":1.0,"key":"construct:MegaPotion"}],"is_trial":true,"path_per_floor":["M","?","T","?","COS","E","R","R","T","R","E"],"character_chosen":"THE_CONSTRUCT_MOD","items_purchased":[],"campfire_rested":0,"item_purchase_floors":[],"current_hp_per_floor":[72,72,72,72,72,72,72,72,72,72,72,72],"gold":37,"neow_bonus":"","is_daily":false,"chose_seed":false,"campfire_upgraded":2,"win_rate":0.0,"timestamp":1608597420,"path_taken":["M","?","?","?","COS","E","R","R","T","R","E"],"items_purchased_type":[],"build_version":"2020-12-13","purchased_purges":0,"victory":false,"max_hp_per_floor":[80,80,80,80,80,80,80,80,80,80,80,80],"card_choices":[{"not_picked":["construct:HeavyBolt","construct:SyphonStrike"],"picked":"construct:MetalShell","floor":0.0},{"not_picked":["construct:HeavyBolt","construct:Versatility"],"picked":"construct:Overcharge","floor":0.0},{"not_picked":["construct:ReactiveShield","construct:ScrapCannon"],"picked":"construct:Boost","floor":0.0},{"not_picked":["construct:Backup","construct:ModeShift"],"picked":"construct:Backfire","floor":0.0},{"not_picked":["construct:CriticalHit","construct:Backfire"],"picked":"construct:Reinforce","floor":0.0},{"not_picked":["construct:Accumulate","construct:HardReboot"],"picked":"construct:ForceCore","floor":0.0},{"not_picked":["construct:PointDefense","construct:Failsafe"],"picked":"construct:SuppressiveFire","floor":0.0},{"not_picked":["construct:Forcefield","construct:ClusterMines"],"picked":"construct:FocusedBeam","floor":0.0},{"not_picked":["construct:BatteryAcid","construct:HeavyBolt"],"picked":"construct:Versatility","floor":0.0},{"not_picked":["construct:Reinforce","construct:Synchronize"],"picked":"construct:PowerUp","floor":0.0},{"not_picked":["construct:Autoturret","construct:Analyze"],"picked":"construct:Accumulate","floor":0.0},{"not_picked":["construct:Reinforce","construct:Autoturret"],"picked":"construct:SweepLaser","floor":0.0},{"not_picked":["construct:Enhance","construct:Synchronize"],"picked":"construct:MetalShell","floor":0.0},{"not_picked":["construct:HardReboot","construct:Boost"],"picked":"construct:SweepLaser","floor":0.0},{"not_picked":["construct:Accumulate","construct:VentSteam"],"picked":"construct:Reinforce","floor":0.0}],"player_experience":962488,"relics_obtained":[{"floor":1.0,"key":"PreservedInsect"},{"floor":6,"key":"vexMod:RetaliationKit"},{"floor":9,"key":"Runesmith:Nanobots"}],"event_choices":[],"is_beta":false,"boss_relics":[],"items_purged_floors":[],"is_endless":false,"potions_floor_spawned":[1],"killed_by":"Gensokyo:Mamizou","ascension_level":20}}