{"host":"z9grmtg2w0nmz8n1","time":1608612306,"event":{"mods":["Aspiration","Bard","BaseMod","Beaked The Cultist","Better Altar","Better Match","Better Note","Better Sensory Stone","Better Skull","Better Third Choice","BetterRewards","CCEM","Colored Map","Conspire","Downfall","GifTheSpireLib","Googly Eyes","Halation","Hermit","Highlight Path","Hubris","Hunter ??","Jedi Mod","Jorbs\u0027s Wanderer Trilogy","Mad Scientist","Marisa????????","Minty Spire (QoL Compilation)","Permanent Neow","Replay The Spire","Shade Mod","Shop Mod","Spicy Shops","StSLib","Stuff the Spire","The Bug Knight","The Construct","The Necromancer","The Runesmith","The Witch"],"gold_per_floor":[111,160,174,192,267,294,314,314,314],"floor_reached":8,"playtime":381,"items_purged":[],"score":61,"play_id":"85dfaba4-d7b7-453c-bd90-4e674233a630","local_time":"20201222024506","is_ascension_mode":true,"campfire_choices":[],"circlet_count":0,"master_deck":["Strike_B","Strike_B","Strike_B","Strike_B","Defend_B","Defend_B","Defend_B","Defend_B","Zap","Dualcast","Tempest","Leap","Genetic Algorithm"],"relics":["Cracked Core","aspiration:DSix","CCEMRelics:GrapeVine","Regal Pillow"],"acts_visited":["Exordium"],"potions_floor_usage":[6,6,8,8,8],"damage_taken":[{"damage":5,"enemies":"Jaw Worm","floor":1,"turns":4},{"damage":3,"enemies":"2 Louse","floor":3,"turns":2},{"damage":5,"enemies":"Cultist","floor":4,"turns":4},{"damage":14,"enemies":"Gremlin Nob","floor":6,"turns":3},{"damage":3,"enemies":"Red Slaver","floor":7,"turns":4},{"damage":37,"enemies":"3 Sentries","floor":8,"turns":6}],"seed_played":"-1764615374923675192","potions_obtained":[{"floor":2,"key":"GamblersBrew"},{"floor":4,"key":"AttackPotion"},{"floor":7,"key":"EntropicBrew"}],"is_trial":false,"path_per_floor":["M","?","M","M","?","E","M","E"],"character_chosen":"DEFECT","items_purchased":[],"campfire_rested":0,"item_purchase_floors":[],"current_hp_per_floor":[70,70,67,62,51,37,34,0,0],"gold":314,"neow_bonus":"DSIX","is_daily":false,"chose_seed":false,"campfire_upgraded":0,"win_rate":0.0,"timestamp":1608612306,"path_taken":["M","?","M","M","?","E","?","E"],"items_purchased_type":[],"build_version":"2020-12-13","purchased_purges":0,"victory":false,"max_hp_per_floor":[75,75,75,75,75,75,75,75,75],"card_choices":[{"not_picked":["Coolheaded","Stack","ReplayTheSpireMod:Repulse"],"picked":"SKIP","floor":1},{"not_picked":["Skim","jedi:sharpshooter"],"picked":"Tempest","floor":2},{"not_picked":["Streamline","Hologram","Coolheaded"],"picked":"SKIP","floor":3},{"not_picked":["Panic Button","jedi:BurstLightning","Go for the Eyes"],"picked":"SKIP","floor":4},{"not_picked":["Steam","hubris:Prefetch"],"picked":"Leap","floor":6},{"not_picked":["Leap","Rebound"],"picked":"Genetic Algorithm","floor":7}],"player_experience":615895,"relics_obtained":[{"floor":2,"key":"CCEMRelics:GrapeVine"},{"floor":6,"key":"Regal Pillow"}],"event_choices":[{"damage_healed":0,"gold_gain":75,"player_choice":"Gold","damage_taken":11,"max_hp_gain":0,"max_hp_loss":0,"event_name":"betterThird:BetterGoop","floor":5,"gold_loss":0}],"is_beta":false,"boss_relics":[],"items_purged_floors":[],"is_endless":false,"potions_floor_spawned":[4,7],"killed_by":"3 Sentries","ascension_level":1}}