{"host":"0vd2boh2oi7jm085","time":1608630506,"event":{"mods":["BaseMod","Colored Map","Colored Powertips","Highlight Path","Minty Spire (QoL Compilation)","Quick Restart","StSLib","The IronCluck"],"gold_per_floor":[116,116,116,189,207,207,232,532,532,532,553,566,566,716,716,811,811,811,831,533,533,533,533],"floor_reached":22,"playtime":488,"items_purged":["Doubt"],"score":378,"play_id":"cd2f2a37-27b0-442c-bd82-350fe5e42350","local_time":"20201222014826","is_ascension_mode":true,"campfire_choices":[{"floor":6.0,"key":"REST"},{"floor":13.0,"key":"REST"},{"floor":15.0,"key":"REST"}],"circlet_count":0,"master_deck":["AscendersBane","Strike_R","Strike_R","Strike_R","Strike_R","Strike_R","Defend_R","Defend_R","Defend_R","Defend_R","Bash","Demon Form","Heavy Blade+1","Injury","Flex","Reaper","Spot Weakness+1"],"relics":["Burning Blood","Golden Idol","Old Coin","Frozen Egg 2","Self Forming Clay","Runic Cube","Vajra"],"acts_visited":["Exordium","TheCity"],"potions_floor_usage":[],"damage_taken":[{"damage":2.0,"enemies":"Cultist","floor":1.0,"turns":4.0},{"damage":16.0,"enemies":"Jaw Worm","floor":5.0,"turns":5.0},{"damage":6.0,"enemies":"2 Louse","floor":7.0,"turns":4.0},{"damage":11.0,"enemies":"Looter","floor":11.0,"turns":4.0},{"damage":7.0,"enemies":"3 Louse","floor":12.0,"turns":4.0},{"damage":53.0,"enemies":"Hexaghost","floor":16.0,"turns":8.0},{"damage":0.0,"enemies":"3 Byrds","floor":18.0,"turns":1.0},{"damage":40,"enemies":"Spheric Guardian","floor":19,"turns":6},{"damage":45,"enemies":"Shelled Parasite and Fungi","floor":22,"turns":3}],"seed_played":"2602116595753500447","potions_obtained":[{"floor":1.0,"key":"LiquidBronze"},{"floor":12.0,"key":"EntropicBrew"}],"is_trial":false,"path_per_floor":["M","?","?","?","M","R","M","T","T","?","M","M","R","?","R","B",null,"M","M","$","?","M"],"character_chosen":"IRONCLAD","items_purchased":["Vajra","Fire Potion"],"campfire_rested":3,"item_purchase_floors":[20,20],"current_hp_per_floor":[54,54,54,54,44,66,66,66,66,31,26,25,47,47,69,22,62,68,34,34,34,0,0],"gold":533,"neow_bonus":"THREE_RARE_CARDS","is_daily":false,"chose_seed":false,"campfire_upgraded":0,"win_rate":0.0,"timestamp":1608630506,"path_taken":["M","?","?","?","M","R","M","?","T","?","?","M","R","?","R","BOSS","M","M","$","?","?"],"items_purchased_type":["Relic","Potion"],"build_version":"2020-12-13","purchased_purges":1,"victory":false,"max_hp_per_floor":[75,75,75,75,75,75,75,75,75,75,75,75,75,75,75,75,75,75,75,75,75,75,75],"card_choices":[{"not_picked":["Limit Break","Corruption"],"picked":"Demon Form","floor":0.0},{"not_picked":["Body Slam","Havoc"],"picked":"Heavy Blade","floor":1.0},{"not_picked":["Rampage","Havoc","Shockwave"],"picked":"SKIP","floor":5.0},{"not_picked":["Rampage","Havoc","Shockwave"],"picked":"SKIP","floor":5.0},{"not_picked":["Thunderclap","Second Wind","Wild Strike"],"picked":"SKIP","floor":7.0},{"not_picked":["Anger","Feed"],"picked":"Flex","floor":11.0},{"not_picked":["Armaments","Clash","Metallicize+1"],"picked":"SKIP","floor":12.0},{"not_picked":["Limit Break","Feed"],"picked":"Reaper","floor":16.0},{"not_picked":["Clothesline","Warcry"],"picked":"Spot Weakness+1","floor":19}],"player_experience":97929,"relics_obtained":[{"floor":8.0,"key":"Old Coin"},{"floor":9.0,"key":"Frozen Egg 2"}],"event_choices":[{"damage_healed":0.0,"max_hp_gain":0.0,"max_hp_loss":0.0,"gold_gain":0.0,"event_name":"Living Wall","player_choice":"Grow","floor":2.0,"gold_loss":0.0,"damage_taken":0.0,"cards_upgraded":["Heavy Blade"]},{"damage_healed":0.0,"max_hp_gain":0.0,"max_hp_loss":0.0,"gold_gain":0.0,"event_name":"Golden Idol","player_choice":"Take Wound","floor":3.0,"gold_loss":0.0,"damage_taken":0.0,"relics_obtained":["Golden Idol"],"cards_obtained":["Injury"]},{"damage_healed":0.0,"max_hp_gain":0.0,"max_hp_loss":0.0,"gold_gain":73.0,"event_name":"Golden Wing","player_choice":"Gained Gold","floor":4.0,"gold_loss":0.0,"damage_taken":0.0},{"damage_healed":0.0,"max_hp_gain":0.0,"max_hp_loss":0.0,"gold_gain":0.0,"event_name":"Scrap Ooze","player_choice":"Success","floor":10.0,"gold_loss":0.0,"damage_taken":35.0,"relics_obtained":["Self Forming Clay"]},{"damage_healed":0.0,"max_hp_gain":0.0,"max_hp_loss":0.0,"gold_gain":150.0,"event_name":"Liars Game","player_choice":"AGREE","floor":14.0,"gold_loss":0.0,"damage_taken":0.0,"cards_obtained":["Doubt"]},{"damage_healed":0,"gold_gain":0,"player_choice":"Ignored","damage_taken":0,"max_hp_gain":0,"max_hp_loss":0,"event_name":"Transmorgrifier","floor":21,"gold_loss":0}],"is_beta":false,"boss_relics":[{"not_picked":["Fusion Hammer","Cursed Key"],"picked":"Runic Cube"}],"items_purged_floors":[20],"is_endless":false,"potions_floor_spawned":[1,12],"killed_by":"Shelled Parasite and Fungi","ascension_level":18}}