{"host":"pi8b3ffzwvxqztac","time":1608667706,"event":{"mods":["BaseMod","Colored Map","Downfall","Minty Spire (QoL Compilation)","StSLib"],"gold_per_floor":[99,119,130,144,161,192,192,212,232,251,251,251,251,285,303,405,405,405,421,437,51,66,66,66,66,66,4,4,91,102,117,137,232,232,232,248,248,263,275,305,332,350,350,350,370,370,370,404,420,420],"floor_reached":51,"playtime":3149,"items_purged":["Slimebound:Tackle","Slimebound:Strike_Slimebound"],"score":784,"play_id":"51f69b65-4c03-485b-9151-77eecd37277c","local_time":"20201223090826","is_ascension_mode":true,"campfire_choices":[{"data":"Slimebound:Split","floor":1,"key":"SMITH"},{"data":"Slimebound:CorrosiveSpit","floor":11,"key":"SMITH"},{"data":"Slimebound:Teamwork","floor":13,"key":"SMITH"},{"data":"Slimebound:Equalize","floor":18,"key":"SMITH"},{"data":"Slimebound:GrowthPunch","floor":23,"key":"SMITH"},{"data":"Slimebound:HauntingLick","floor":25,"key":"SMITH"},{"data":"Slimebound:Teamwork","floor":35,"key":"SMITH"},{"data":"Slimebound:SlimeSpikes","floor":44,"key":"SMITH"},{"data":"Slimebound:SamplingLick","floor":47,"key":"SMITH"}],"circlet_count":0,"master_deck":["Slimebound:Strike_Slimebound","Slimebound:Strike_Slimebound","Slimebound:Defend_Slimebound","Slimebound:Defend_Slimebound","Slimebound:Defend_Slimebound","Slimebound:Split+1","Slimebound:CorrosiveSpit+1","Slimebound:SplitBruiser","Slimebound:GrowthPunch+1","Slimebound:HauntingLick+1","Slimebound:DuplicatedForm+1","Slimebound:SlimeSpikes+1","Slimebound:Teamwork+1","Slimebound:Equalize+1","Slimebound:SamplingLick+1","Slimebound:Teamwork+1","Slimebound:SlimeBrawl+1","Slimebound:OozeBath"],"relics":["Slimebound:AbsorbEndCombat","Torii","Mango","Gremlin Horn","Busted Crown","Lee\u0027s Waffle","Boot","Slimebound:MaxSlimesRelic","MutagenicStrength","Anchor","Black Star","Pen Nib","Potion Belt","Bronze Scales","Bottled Flame","MealTicket"],"acts_visited":["Exordium","TheCity","TheBeyond"],"potions_floor_usage":[10,14,14,16,22,31,33,33,40,40,48],"damage_taken":[{"damage":8,"enemies":"Cultist","floor":2,"turns":3},{"damage":12,"enemies":"2 Louse","floor":3,"turns":2},{"damage":13,"enemies":"Small Slimes","floor":4,"turns":3},{"damage":7,"enemies":"3 Louse","floor":5,"turns":3},{"damage":30,"enemies":"Lagavulin","floor":6,"turns":6},{"damage":13,"enemies":"Exordium Wildlife","floor":8,"turns":3},{"damage":27,"enemies":"2 Fungi Beasts","floor":9,"turns":4},{"damage":42,"enemies":"Exordium Thugs","floor":10,"turns":5},{"damage":38,"enemies":"3 Sentries","floor":14,"turns":5},{"damage":9,"enemies":"Blue Slaver","floor":15,"turns":3},{"damage":38,"enemies":"downfall:Silent","floor":16,"turns":6},{"damage":38,"enemies":"Spheric Guardian","floor":19,"turns":4},{"damage":19,"enemies":"3 Byrds","floor":20,"turns":4},{"damage":27,"enemies":"downfall:FleeingMerchant","floor":21,"turns":4},{"damage":50,"enemies":"Snake Plant","floor":22,"turns":4},{"damage":31,"enemies":"downfall:FleeingMerchant","floor":27,"turns":4},{"damage":32,"enemies":"downfall:FleeingMerchant","floor":29,"turns":4},{"damage":31,"enemies":"Cultist and Chosen","floor":30,"turns":5},{"damage":31,"enemies":"Shelled Parasite and Fungi","floor":31,"turns":4},{"damage":31,"enemies":"Centurion and Healer","floor":32,"turns":6},{"damage":46,"enemies":"downfall:Watcher","floor":33,"turns":7},{"damage":31,"enemies":"3 Shapes","floor":36,"turns":5},{"damage":27,"enemies":"Orb Walker","floor":38,"turns":3},{"damage":44,"enemies":"Spire Growth","floor":39,"turns":5},{"damage":32,"enemies":"Reptomancer","floor":40,"turns":5},{"damage":31,"enemies":"Transient","floor":42,"turns":5},{"damage":31,"enemies":"Maw","floor":45,"turns":6},{"damage":31,"enemies":"Maw","floor":46,"turns":3},{"damage":44,"enemies":"Giant Head","floor":48,"turns":8},{"damage":31,"enemies":"Jaw Worm Horde","floor":49,"turns":3},{"damage":55,"enemies":"downfall:Ironclad","floor":50,"turns":15}],"seed_played":"8330222925733687575","potions_obtained":[{"floor":4,"key":"champ:CounterPotion"},{"floor":6,"key":"ColorlessPotion"},{"floor":8,"key":"LiquidBronze"},{"floor":14,"key":"Slimebound:SpawnSlimePotion"},{"floor":16,"key":"Fire Potion"},{"floor":19,"key":"ColorlessPotion"},{"floor":22,"key":"SkillPotion"},{"floor":30,"key":"SpeedPotion"},{"floor":32,"key":"champ:CounterPotion"},{"floor":38,"key":"GamblersBrew"},{"floor":39,"key":"Swift Potion"},{"floor":40,"key":"AttackPotion"}],"is_trial":false,"path_per_floor":["R","M","M","M","M","E","T","M","M","M","R","?","R","E","M","B",null,"R","M","M","$","M","R","T","R","?","$","?","$","M","M","M","B",null,"R","M","?","M","M","E","T","M","?","R","M","?","R","E","M","B",null],"character_chosen":"SLIMEBOUND","items_purchased":["Lee\u0027s Waffle","Boot","Slimebound:SamplingLick","Anchor"],"campfire_rested":0,"item_purchase_floors":[21,21,27,29],"current_hp_per_floor":[60,60,60,60,60,48,62,63,67,56,56,56,56,51,58,63,74,74,65,64,81,60,60,60,60,60,74,74,81,81,81,81,74,81,81,81,81,81,68,80,80,81,81,81,81,81,81,70,81,64],"gold":420,"neow_bonus":"","is_daily":false,"chose_seed":false,"campfire_upgraded":9,"win_rate":0.0,"timestamp":1608667706,"path_taken":["R","M","?","M","M","E","T","M","M","M","R","?","R","E","M","BOSS","R","M","M","$","M","R","T","R","?","$","?","?","M","M","M","BOSS","R","M","?","M","M","E","T","M","?","R","?","?","R","E","M","BOSS"],"items_purchased_type":["Relic","Relic","Card","Relic"],"build_version":"2020-12-13","purchased_purges":2,"victory":true,"max_hp_per_floor":[60,60,60,60,60,60,74,74,74,74,74,74,74,74,74,74,74,74,74,74,81,81,81,81,81,81,81,81,81,81,81,81,81,81,81,81,81,81,81,81,81,81,81,81,81,81,81,81,81,81],"card_choices":[{"not_picked":["Slimebound:LeechEnergy","Slimebound:BestDefense"],"picked":"Slimebound:SplitBruiser","floor":2},{"not_picked":["Slimebound:PressTheAttack","Slimebound:FormOfPuddle"],"picked":"Slimebound:GrowthPunch","floor":3},{"not_picked":["Slimebound:Equalize","Slimebound:FinishingTackle"],"picked":"Slimebound:HauntingLick","floor":4},{"not_picked":["Slimebound:LivingWall","Slimebound:PressTheAttack","Slimebound:ViciousTackle"],"picked":"SKIP","floor":5},{"not_picked":["Slimebound:SplitAcid","Slimebound:SlimeBrawl"],"picked":"Slimebound:DuplicatedForm","floor":6},{"not_picked":["Slimebound:Schlurp","Slimebound:SplitAcid"],"picked":"Slimebound:SlimeSpikes","floor":8},{"not_picked":["Slimebound:AcidTongue","Slimebound:SlimeSpikes"],"picked":"Slimebound:Teamwork","floor":9},{"not_picked":["Slimebound:ProtectTheBoss","Slimebound:LeechEnergy"],"picked":"Slimebound:Equalize","floor":10},{"not_picked":["Slimebound:GrowthPunch","Slimebound:Schlurp","Slimebound:ComboTackle"],"picked":"SKIP","floor":14},{"not_picked":["Slimebound:SplitMire","Slimebound:ForwardTackle","Slimebound:SlimeBrawl"],"picked":"SKIP","floor":15},{"not_picked":["Slimebound:SplitLeeching+1"],"picked":"SKIP","floor":19},{"not_picked":["Slimebound:LeechEnergy"],"picked":"SKIP","floor":20},{"not_picked":["Slimebound:AcidTongue+1"],"picked":"SKIP","floor":21},{"not_picked":["Slimebound:Nibble"],"picked":"SKIP","floor":22},{"not_picked":["Slimebound:LeechEnergy"],"picked":"SKIP","floor":27},{"not_picked":["Slimebound:HauntingLick"],"picked":"SKIP","floor":29},{"not_picked":["Slimebound:LeechingTouch"],"picked":"SKIP","floor":30},{"not_picked":["Slimebound:LeechEnergy+1"],"picked":"SKIP","floor":31},{"not_picked":["Slimebound:ProtectTheBoss"],"picked":"SKIP","floor":32},{"not_picked":[],"picked":"Slimebound:Teamwork","floor":33},{"not_picked":["Slimebound:FinishingTackle"],"picked":"SKIP","floor":36},{"not_picked":["Slimebound:FinishingTackle+1"],"picked":"SKIP","floor":38},{"not_picked":["Slimebound:SplitMire"],"picked":"SKIP","floor":39},{"not_picked":[],"picked":"Slimebound:SlimeBrawl+1","floor":40},{"not_picked":["Slimebound:ProtectTheBoss"],"picked":"SKIP","floor":42},{"not_picked":["Slimebound:LeechingTouch+1"],"picked":"SKIP","floor":45},{"not_picked":[],"picked":"Slimebound:OozeBath","floor":48},{"not_picked":["Slimebound:LeechingTouch"],"picked":"SKIP","floor":49}],"player_experience":422847,"relics_obtained":[{"floor":6,"key":"Torii"},{"floor":7,"key":"Mango"},{"floor":14,"key":"Gremlin Horn"},{"floor":24,"key":"Slimebound:MaxSlimesRelic"},{"floor":40,"key":"Pen Nib"},{"floor":40,"key":"Potion Belt"},{"floor":41,"key":"Bronze Scales"},{"floor":48,"key":"Bottled Flame"},{"floor":48,"key":"MealTicket"}],"event_choices":[{"damage_healed":0,"gold_gain":0,"player_choice":"Grow","damage_taken":0,"max_hp_gain":0,"max_hp_loss":0,"event_name":"Living Wall","floor":12,"gold_loss":0,"cards_upgraded":["Slimebound:DuplicatedForm"]},{"damage_healed":0,"gold_gain":0,"player_choice":"Inject Mutagens","damage_taken":0,"relics_obtained":["MutagenicStrength"],"max_hp_gain":0,"max_hp_loss":0,"event_name":"Drug Dealer","floor":26,"gold_loss":0},{"cards_removed":["Slimebound:Defend_Slimebound"],"damage_healed":0,"gold_gain":0,"player_choice":"Purged","damage_taken":0,"max_hp_gain":0,"max_hp_loss":0,"event_name":"Purifier","floor":43,"gold_loss":0}],"is_beta":false,"boss_relics":[{"not_picked":["Ectoplasm","Runic Pyramid"],"picked":"Busted Crown"},{"not_picked":["Philosopher\u0027s Stone","Snecko Eye"],"picked":"Black Star"}],"items_purged_floors":[21,29],"is_endless":false,"potions_floor_spawned":[4,6,8,9,14,16,19,22,30,32,38,39,40],"ascension_level":1}}