{"host":"4b06nrmhsmzqjm1r","time":1608650073,"event":{"mods":["2.2 Compatiblity","AchievementEnabler","BaseMod","BetterRewards","Colored Map","Colored Powertips","Downfall","Hermit","Highlight Path","Marisa????????","Minty Spire (QoL Compilation)","StSLib","The Animator","The Cursed","The Hierophant","The Servant 0.9.4"],"gold_per_floor":[114,114,74,93,112,150,169,172,172,191,72,91,91,91,91,216,216,235,254,169,94,113,151,180,180,230,259,307,307,307,326,326,461,461,490,490,304,304,304,304],"floor_reached":38,"playtime":5740,"items_purged":["hexamod:Strike","Slimebound:Icky"],"score":491,"play_id":"f1cf2d5d-61d3-4daf-ad59-6b2365afdb5e","local_time":"20201222161433","daily_mods":["Allstar","Blue Cards","Terminal"],"is_ascension_mode":false,"campfire_choices":[{"floor":15,"key":"REST"},{"floor":29,"key":"REST"},{"data":"hexamod:GhostflameBarrier","floor":32,"key":"SMITH"}],"circlet_count":0,"master_deck":["hexamod:Strike","hexamod:Strike","hexamod:Strike","hexamod:Defend","hexamod:Defend","hexamod:Defend","hexamod:Sear","hexamod:Float","Transmutation","Jack Of All Trades","expansioncontent:DarkVoid","Mayhem","Master of Strategy","hexamod:SkipABeat","hexamod:Rewind","Genetic Algorithm","hexamod:SwordOfDarkness","Sunder","hexamod:Firestarter+1","hexamod:Hexaguard","hexamod:PhantomFireball+1","hexamod:SearingWound","hexamod:FirstSeal","hexamod:RecurringNightmare","hexamod:UnleashSpirits+1","hexamod:AdvancingGuard","hexamod:HeatShield","hexamod:HeatMetal+1","hexamod:SecondSeal","hexamod:InspiringFlames","Slimebound:CheckThePlaybook","Sweeping Beam+1","hexamod:Hexaguard","hexamod:GhostflameBarrier+1","hexamod:Toasty+1","expansioncontent:DonusPower","hexamod:ThermalTransfer+1","hexamod:FlamesFromBeyond"],"relics":["hexamod:SpiritBrand","Golden Idol","Incense Burner","Odd Mushroom","Molten Egg 2","sneckomod:SneckoTalon","champ:DeflectingBracers","Boot","Bronze Scales","hexamod:MatchstickCase","Singing Bowl","SacredBark"],"acts_visited":["Exordium","TheCity","TheBeyond"],"potions_floor_usage":[6,12,16,18,18,27,33,33,33,38],"damage_taken":[{"damage":0,"enemies":"Jaw Worm","floor":1,"turns":3},{"damage":0,"enemies":"2 Louse","floor":4,"turns":4},{"damage":0,"enemies":"Cultist","floor":5,"turns":4},{"damage":2,"enemies":"Lagavulin","floor":6,"turns":5},{"damage":0,"enemies":"2 Fungi Beasts","floor":7,"turns":4},{"damage":4,"enemies":"The Mushroom Lair","floor":8,"turns":4},{"damage":1,"enemies":"3 Louse","floor":10,"turns":2},{"damage":0,"enemies":"Looter","floor":12,"turns":3},{"damage":0,"enemies":"Slime Boss","floor":16,"turns":8},{"damage":18,"enemies":"2 Thieves","floor":18,"turns":4},{"damage":1,"enemies":"Shell Parasite","floor":19,"turns":6},{"damage":5,"enemies":"Snake Plant","floor":22,"turns":5},{"damage":13,"enemies":"Book of Stabbing","floor":23,"turns":5},{"damage":0,"enemies":"Chosen and Byrds","floor":24,"turns":5},{"damage":11,"enemies":"Centurion and Healer","floor":27,"turns":8},{"damage":19,"enemies":"Slavers","floor":28,"turns":6},{"damage":0,"enemies":"Snake Plant","floor":31,"turns":2},{"damage":20,"enemies":"Automaton","floor":33,"turns":9},{"damage":2,"enemies":"3 Darklings","floor":35,"turns":8},{"damage":41,"enemies":"2 Orb Walkers","floor":38,"turns":4}],"seed_played":"-7682526130134428503","potions_obtained":[{"floor":3,"key":"Fire Potion"},{"floor":3,"key":"FearPotion"},{"floor":3,"key":"Strength Potion"},{"floor":4,"key":"EntropicBrew"},{"floor":6,"key":"BlessingOfTheForge"},{"floor":7,"key":"DuplicationPotion"},{"floor":18,"key":"SteroidPotion"},{"floor":27,"key":"Dexterity Potion"},{"floor":33,"key":"SteroidPotion"}],"is_trial":false,"path_per_floor":["M","?","?","M","M","E","M","?","T","M","$","M","?","?","R","B",null,"M","M","?","$","M","E","M","?","T","M","E","R","T","M","R","B",null,"M","?","$","?"],"character_chosen":"THE_SPIRIT","items_purchased":["hexamod:Hexaguard","hexamod:PhantomFireball+1","hexamod:FlamesFromBeyond","BlessingOfTheForge"],"campfire_rested":2,"item_purchase_floors":[11,11,37,37],"current_hp_per_floor":[68,51,51,51,51,49,49,45,45,44,44,44,37,37,53,53,52,41,40,40,40,42,36,36,36,36,32,20,32,32,32,32,19,35,36,35,34,0,0,0],"gold":304,"neow_bonus":"","is_daily":true,"chose_seed":false,"campfire_upgraded":1,"win_rate":0.0,"timestamp":1608650073,"path_taken":["M","?","?","M","?","E","M","?","T","M","$","M","?","?","R","BOSS","M","M","?","?","?","E","M","?","T","M","E","R","?","M","R","BOSS","M","?","?","?"],"items_purchased_type":["Card","Card","Card","Potion"],"build_version":"2020-12-13","purchased_purges":2,"victory":false,"max_hp_per_floor":[68,67,66,65,64,63,62,61,60,59,58,57,56,55,54,53,52,51,50,49,48,47,46,45,44,43,42,41,40,39,38,37,36,35,36,35,34,34,34,34],"card_choices":[{"not_picked":["hexamod:ThermalTransfer","FTL"],"picked":"hexamod:SkipABeat","floor":1},{"not_picked":["Ball Lightning","Barrage","Skim"],"picked":"SKIP","floor":4},{"not_picked":["hexamod:SwordOfDarkness","Hologram"],"picked":"hexamod:Rewind","floor":5},{"not_picked":["Tempest","Leap"],"picked":"Genetic Algorithm","floor":6},{"not_picked":["hexamod:HeatCrush","Glacier"],"picked":"hexamod:SwordOfDarkness","floor":7},{"not_picked":["All For One","Steam"],"picked":"Sunder","floor":8},{"not_picked":["Cold Snap+1","hexamod:HauntingEcho+1"],"picked":"hexamod:Firestarter+1","floor":10},{"not_picked":["hexamod:BacktrackSmack+1","hexamod:HauntingEcho+1"],"picked":"hexamod:SearingWound","floor":12},{"not_picked":["Multi-Cast","hexamod:TurnItUp"],"picked":"hexamod:UnleashSpirits+1","floor":16},{"not_picked":["hexamod:RecurringNightmare","Go for the Eyes+1"],"picked":"hexamod:AdvancingGuard","floor":18},{"not_picked":["Hello World+1","Hologram"],"picked":"hexamod:HeatShield","floor":19},{"not_picked":["hexamod:SwordOfDarkness+1","hexamod:GhostOfSpireFuture+1"],"picked":"hexamod:HeatMetal+1","floor":22},{"not_picked":["Chill+1","Hyperbeam+1"],"picked":"hexamod:SecondSeal","floor":23},{"not_picked":["Capacitor+1","Tempest+1"],"picked":"hexamod:InspiringFlames","floor":24},{"not_picked":["Conserve Battery","hexamod:BacktrackSmack+1"],"picked":"Sweeping Beam+1","floor":27},{"not_picked":["Skim+1","hexamod:GhostOfSpirePresent"],"picked":"hexamod:Hexaguard","floor":28},{"not_picked":["Tempest","hexamod:NightmareStrike+1"],"picked":"hexamod:GhostflameBarrier","floor":31},{"not_picked":["hexamod:ParanormalForm","hexamod:GiftsFromTheDead"],"picked":"hexamod:Toasty+1","floor":33},{"not_picked":["Beam Cell+1","Capacitor","Conserve Battery+1"],"picked":"Singing Bowl","floor":35}],"player_experience":207709,"relics_obtained":[{"floor":6,"key":"Incense Burner"},{"floor":8,"key":"Odd Mushroom"},{"floor":9,"key":"Molten Egg 2"},{"floor":23,"key":"Boot"},{"floor":26,"key":"Bronze Scales"},{"floor":28,"key":"hexamod:MatchstickCase"},{"floor":30,"key":"Singing Bowl"}],"event_choices":[{"damage_healed":0,"gold_gain":0,"player_choice":"Take Damage","damage_taken":17,"relics_obtained":["Golden Idol"],"max_hp_gain":0,"max_hp_loss":0,"event_name":"Golden Idol","floor":2,"gold_loss":0},{"damage_healed":0,"gold_gain":0,"player_choice":"Bought 3 Potions","damage_taken":0,"max_hp_gain":0,"max_hp_loss":0,"event_name":"The Woman in Blue","floor":3,"gold_loss":0},{"damage_healed":0,"gold_gain":0,"player_choice":"Fought Mushrooms","damage_taken":0,"max_hp_gain":0,"max_hp_loss":0,"event_name":"Mushrooms","floor":8,"gold_loss":0},{"damage_healed":0,"gold_gain":0,"cards_transformed":["hexamod:Defend"],"player_choice":"Change","damage_taken":0,"max_hp_gain":0,"max_hp_loss":0,"event_name":"Living Wall","floor":14,"gold_loss":0,"cards_obtained":["hexamod:RecurringNightmare"]},{"damage_healed":0,"gold_gain":0,"player_choice":"Obtained Relic","damage_taken":0,"relics_obtained":["champ:DeflectingBracers"],"max_hp_gain":0,"max_hp_loss":0,"event_name":"Addict","floor":20,"gold_loss":85},{"damage_healed":0,"gold_gain":0,"player_choice":"2 cards matched","damage_taken":0,"max_hp_gain":0,"max_hp_loss":0,"event_name":"Match and Keep!","floor":36,"gold_loss":0,"cards_obtained":["expansioncontent:DonusPower","hexamod:ThermalTransfer"]},{"damage_healed":0,"gold_gain":0,"player_choice":"Fight","damage_taken":0,"max_hp_gain":0,"max_hp_loss":0,"event_name":"Mysterious Sphere","floor":38,"gold_loss":0}],"is_beta":false,"boss_relics":[{"not_picked":["Cursed Key","Calling Bell"],"picked":"sneckomod:SneckoTalon"},{"not_picked":["Snecko Eye","Fusion Hammer"],"picked":"SacredBark"}],"items_purged_floors":[21,37],"is_endless":false,"potions_floor_spawned":[4,6,7,10,18,23,27,33],"killed_by":"2 Orb Walkers","ascension_level":0}}