{"host":"kuef36auaa0l5wkh","time":1608677955,"event":{"mods":["AchievementEnabler","Aspiration","BaseMod","Better Altar","Better Match","Better Note","Better Sensory Stone","Better Skull","Better Third Choice","BetterRewards","Colored Powertips","Conspire","Downfall","Energized Spire","Friendly Minions","GifTheSpireLib","Hubris","Marisa????????","Minty Spire (QoL Compilation)","Permanent Neow","Quick Restart","Rare Cards Sparkle","Replay The Spire","Shop Mod","StSLib","Stuff the Spire","SuperFastMode","The Disciple","The Jungle","The Runesmith","The Servant 0.9.4"],"gold_per_floor":[117,131,81,151,158,123,123,123,123,123,123,168,168,185,185,301,301,301],"floor_reached":17,"playtime":735,"items_purged":[],"score":170,"play_id":"524d7776-8e07-45c6-ae47-b7d84b26d9f6","local_time":"20201222165915","is_ascension_mode":false,"campfire_choices":[{"data":"CarveReality","floor":7,"key":"SMITH"},{"data":"conspire:SpireCoStock","floor":10,"key":"SMITH"},{"data":"PathToVictory","floor":15,"key":"SMITH"}],"circlet_count":0,"master_deck":["Strike_P","Strike_P","Strike_P","Strike_P","Defend_P","Defend_P","Defend_P","Defend_P","Eruption","Vigilance","PathToVictory+1","conspire:SpireCoStock+1","CarveReality+1","Ragnarok"],"relics":["PureWater","StuffTheSpire:Barrel","Yang","Iron Hammer","hubris:VirtuousBlindfold"],"acts_visited":["Exordium","TheCity"],"potions_floor_usage":[16,16],"damage_taken":[{"damage":0,"enemies":"2 Louse","floor":1,"turns":2},{"damage":1,"enemies":"Jaw Worm","floor":2,"turns":3},{"damage":12,"enemies":"Cultist","floor":5,"turns":5},{"damage":4,"enemies":"Looter","floor":12,"turns":3},{"damage":1,"enemies":"2 Fungi Beasts","floor":14,"turns":3},{"damage":63,"enemies":"Hexaghost","floor":16,"turns":8}],"seed_played":"5883455717533378891","potions_obtained":[{"floor":1,"key":"BlessingOfTheForge"},{"floor":2,"key":"Weak Potion"},{"floor":4,"key":"SneckoOil"},{"floor":4,"key":"Death Potion"},{"floor":12,"key":"StancePotion"}],"is_trial":false,"path_per_floor":["M","M","?","?","M","?","R","?","T","R","$","M","?","M","R","B",null],"character_chosen":"WATCHER","items_purchased":[],"campfire_rested":0,"item_purchase_floors":[],"current_hp_per_floor":[79,78,78,59,47,66,66,66,66,66,66,62,89,88,88,25,89,89],"gold":301,"neow_bonus":"TEN_PERCENT_HP_BONUS","is_daily":false,"chose_seed":false,"campfire_upgraded":3,"win_rate":0.0,"timestamp":1608677955,"path_taken":["M","M","?","?","?","?","R","?","T","R","$","?","?","M","R","BOSS"],"items_purchased_type":[],"build_version":"2020-12-13","purchased_purges":0,"victory":false,"max_hp_per_floor":[79,79,79,79,79,79,79,79,79,79,79,79,89,89,89,89,89,89],"card_choices":[{"not_picked":["InnerPeace","BowlingBash"],"picked":"PathToVictory","floor":1},{"not_picked":["FlyingSleeves","FlurryOfBlows","CrushJoints"],"picked":"SKIP","floor":2},{"not_picked":["FlyingSleeves","SashWhip"],"picked":"Alpha","floor":4},{"not_picked":["CrushJoints","BowlingBash"],"picked":"CarveReality","floor":5},{"not_picked":["Weave","ForeignInfluence","SashWhip"],"picked":"SKIP","floor":12},{"not_picked":["Weave","Wallop","Fasting2"],"picked":"SKIP","floor":14},{"not_picked":["Scrawl","LessonLearned"],"picked":"Ragnarok","floor":16}],"player_experience":163222,"relics_obtained":[{"floor":4,"key":"StuffTheSpire:Barrel"},{"floor":9,"key":"Iron Hammer"}],"event_choices":[{"damage_healed":0,"gold_gain":0,"player_choice":"Invest 1","damage_taken":0,"max_hp_gain":0,"max_hp_loss":0,"event_name":"conspire:Investor","floor":3,"gold_loss":0},{"damage_healed":19,"gold_gain":0,"player_choice":"Healed","damage_taken":0,"max_hp_gain":0,"max_hp_loss":0,"event_name":"The Cleric","floor":6,"gold_loss":35},{"damage_healed":0,"gold_gain":0,"player_choice":"Gave Potion","damage_taken":0,"relics_obtained":["Yang"],"max_hp_gain":0,"max_hp_loss":0,"event_name":"WeMeetAgain","floor":8,"gold_loss":0},{"cards_removed":["Alpha"],"damage_healed":17,"gold_gain":0,"player_choice":"Offered Rare","damage_taken":0,"max_hp_gain":10,"max_hp_loss":0,"event_name":"Bonfire Elementals","floor":13,"gold_loss":0}],"is_beta":false,"boss_relics":[{"not_picked":["aspiration:RunicSpoon","StuffTheSpire:Kangaroo"],"picked":"hubris:VirtuousBlindfold"}],"items_purged_floors":[],"is_endless":false,"potions_floor_spawned":[1,2,12],"ascension_level":0}}