{"host":"sv2o2io561l6x04h","time":1608611852,"event":{"mods":["BaseMod","Bestiary","Better Altar","Better Match","Better Note","Better Sensory Stone","Colored Map","Conspire","Custom Start","DeckTracker","Highlight Path","Hubris","Minty Spire (QoL Compilation)","Replay The Spire","Shop Mod","StSLib","The Runesmith"],"gold_per_floor":[118,136,61,11,33,87,87,107,132,177,191,217,217,73,73,183,183,225,261,305,322,322],"floor_reached":21,"playtime":1573,"items_purged":[],"score":318,"play_id":"0b012653-8b13-4b29-b0df-486112bb066c","local_time":"20201221233732","is_ascension_mode":false,"campfire_choices":[{"floor":7,"key":"RECALL"},{"data":"conspire:SpireCoStock","floor":15,"key":"SMITH"}],"circlet_count":0,"master_deck":["PanicButton+1","Crow Ritual+1","Devotion+1","Devotion+1","Devotion+1","Devotion+1","Entrench+1","Barricade+1","conspire:SpireCoStock+1"],"relics":["Burning Blood","Blood Vial","Replay:Baseball","conspire:TreasureMap","conspire:SpecialSausage"],"acts_visited":["Exordium","TheCity"],"potions_floor_usage":[16,18,20],"damage_taken":[{"damage":0,"enemies":"Cultist","floor":1,"turns":7},{"damage":3,"enemies":"Small Slimes","floor":2,"turns":3},{"damage":11,"enemies":"Jaw Worm","floor":5,"turns":3},{"damage":0,"enemies":"Lagavulin","floor":6,"turns":4},{"damage":6,"enemies":"2 Fungi Beasts","floor":8,"turns":3},{"damage":0,"enemies":"Blue Slaver","floor":10,"turns":5},{"damage":10,"enemies":"Looter","floor":11,"turns":3},{"damage":0,"enemies":"Gremlin Nob","floor":12,"turns":3},{"damage":90,"enemies":"Fading Forest","floor":16,"turns":11},{"damage":10,"enemies":"Shell Parasite","floor":18,"turns":3},{"damage":0,"enemies":"Spheric Guardian","floor":19,"turns":3},{"damage":12,"enemies":"Shelled Parasite and Fungi","floor":20,"turns":4},{"damage":85,"enemies":"Cultist and Chosen","floor":21,"turns":10}],"seed_played":"3883063857317794942","potions_obtained":[{"floor":2,"key":"DuplicationPotion"},{"floor":8,"key":"Strength Potion"},{"floor":10,"key":"LiquidMemories"},{"floor":18,"key":"BlessingOfTheForge"}],"is_trial":true,"path_per_floor":["M","M","$","?","M","E","R","M","T","M","M","E","?","$","R","B",null,"M","M","M","M"],"character_chosen":"IRONCLAD","items_purchased":["LiquidMemories","conspire:TreasureMap"],"campfire_rested":0,"item_purchase_floors":[3,14],"current_hp_per_floor":[80,80,80,80,75,80,80,80,80,80,76,80,85,85,85,33,85,81,85,79,0,0],"gold":322,"neow_bonus":"","is_daily":false,"chose_seed":false,"campfire_upgraded":1,"win_rate":0.0,"timestamp":1608611852,"path_taken":["M","M","?","?","M","E","R","M","T","M","M","E","?","?","R","BOSS","M","M","?","M"],"items_purchased_type":["Potion","Relic"],"build_version":"2020-12-13","purchased_purges":0,"victory":false,"max_hp_per_floor":[80,80,80,80,80,80,80,80,80,80,80,80,85,85,85,85,85,85,85,85,85,85],"card_choices":[{"not_picked":["Armaments","True Grit","Second Wind"],"picked":"SKIP","floor":1},{"not_picked":["Rage","Shrug It Off","hubris:ReadiedAction"],"picked":"SKIP","floor":2},{"not_picked":["Sword Boomerang","Inflame","Shrug It Off"],"picked":"SKIP","floor":5},{"not_picked":["Reckless Charge","Burning Pact","ReplayTheSpireMod:Stacked"],"picked":"SKIP","floor":6},{"not_picked":["Flex","Headbutt","Infernal Blade"],"picked":"SKIP","floor":8},{"not_picked":["hubris:ReadiedAction","Flex","Perfected Strike"],"picked":"SKIP","floor":10},{"not_picked":["Inflame","Clothesline","Rage"],"picked":"SKIP","floor":11},{"not_picked":["Infernal Blade","ReplayTheSpireMod:Stacked","Twin Strike"],"picked":"SKIP","floor":12},{"not_picked":["ReplayTheSpireMod:Strike From Hell","Rage","Clothesline+1"],"picked":"SKIP","floor":18},{"not_picked":["Twin Strike","Clothesline","conspire:Charge+1"],"picked":"SKIP","floor":19},{"not_picked":["Havoc+1","Defy Death","Searing Blow"],"picked":"SKIP","floor":20}],"player_experience":243135,"relics_obtained":[{"floor":6,"key":"Blood Vial"},{"floor":9,"key":"Replay:Baseball"}],"event_choices":[{"damage_healed":0,"gold_gain":0,"player_choice":"Invest 1","damage_taken":0,"max_hp_gain":0,"max_hp_loss":0,"event_name":"conspire:Investor","floor":4,"gold_loss":0},{"damage_healed":0,"gold_gain":0,"player_choice":"Donut","damage_taken":0,"max_hp_gain":5,"max_hp_loss":0,"event_name":"Big Fish","floor":13,"gold_loss":0}],"is_beta":false,"boss_relics":[{"not_picked":["Replay:Drink Me","hubris:GrandSneckoEye"],"picked":"conspire:SpecialSausage"}],"items_purged_floors":[],"is_endless":false,"potions_floor_spawned":[2,8,10,11,18],"killed_by":"Cultist and Chosen","ascension_level":0}}