{"host":"ky7z67tg8zpdk0g7","time":1608620371,"event":{"mods":["BaseMod","Beaked The Cultist","Better Third Choice","CapriCore","Displayed Cursed Tome","Energized Spire","Fireblade Mod","Hubris","Lobotomy","LobotomyExtend","Minty Spire (QoL Compilation)","Replay The Spire","SOS???????","Shop Mod","StSLib","Td1madao Mod","The Dragon Tamer","The Hayseed","The Hierophant","The Immortal","The Marked","The Necromancer","TheBandit","TheWitcher"],"gold_per_floor":[113,113,113,11,21,21,50,50,50,82,82,82,93,121,121,217,217,233,233,244,244,244,244,244,244],"floor_reached":24,"playtime":800,"items_purged":[],"score":220,"play_id":"0830bb26-5c70-4508-b851-9f52692ae8bf","local_time":"20201222135931","is_ascension_mode":true,"campfire_choices":[{"data":"theMarked:HeritageOfTheMarked","floor":6.0,"key":"SMITH"},{"data":"theMarked:SoldierOfQuellstein","floor":8.0,"key":"SMITH"},{"data":"theMarked:MysticalArsenal","floor":11.0,"key":"SMITH"},{"data":"theMarked:DeterminationOfTheMarked","floor":15.0,"key":"SMITH"},{"data":"theMarked:Challenge","floor":23,"key":"SMITH"}],"circlet_count":0,"master_deck":["theMarked:Strike","theMarked:Strike","theMarked:Strike","theMarked:Strike","theMarked:Defend","theMarked:Defend","theMarked:Defend","theMarked:Defend","theMarked:SoldierOfQuellstein+1","theMarked:HeritageOfTheMarked+1","theMarked:ThrowWeapon+1","theMarked:Frustration","theMarked:MysticalArsenal+1","theMarked:RepellingDischarge","theMarked:DeterminationOfTheMarked+1","theMarked:WardOff","theMarked:Challenge+1","theMarked:EmpowerWeapon"],"relics":["theMarked:ArtifactOfAir","Centennial Puzzle","LetterFromLob","hubris:ToyBattleship","Potion Belt","Regal Pillow","Odd Mushroom","energizedSpire:NeverEndingSparkler","hubris:BottledHeart"],"acts_visited":["Exordium","TheCity"],"potions_floor_usage":[24,24,24],"damage_taken":[{"damage":2.0,"enemies":"Small Slimes","floor":1.0,"turns":3.0},{"damage":9.0,"enemies":"2 Louse","floor":5.0,"turns":4.0},{"damage":18.0,"enemies":"Lagavulin","floor":7.0,"turns":5.0},{"damage":16.0,"enemies":"3 Sentries","floor":10.0,"turns":5.0},{"damage":0.0,"enemies":"Jaw Worm","floor":13.0,"turns":2.0},{"damage":4.0,"enemies":"The Mushroom Lair","floor":14.0,"turns":3.0},{"damage":7.0,"enemies":"The Guardian","floor":16.0,"turns":8.0},{"damage":19.0,"enemies":"Shell Parasite","floor":18.0,"turns":4.0},{"damage":0.0,"enemies":"Spheric Guardian","floor":20.0,"turns":5.0},{"damage":6,"enemies":"Slavers","floor":24,"turns":2}],"seed_played":"9205307400744538605","potions_obtained":[{"floor":1.0,"key":"Energy Potion"},{"floor":5.0,"key":"Cursed Concoction"},{"floor":13.0,"key":"AttackPotion"},{"floor":16.0,"key":"Energy Potion"},{"floor":20.0,"key":"FearPotion"}],"is_trial":false,"path_per_floor":["M","?","?","$","M","R","E","R","T","E","R","?","M","?","R","B",null,"M","?","M","?","$","R","E"],"character_chosen":"THE_DEFAULT","items_purchased":["Fruit Juice"],"campfire_rested":0,"item_purchase_floors":[4],"current_hp_per_floor":[68,73,73,78,69,69,51,51,51,35,35,43,43,39,39,32,80,61,1,1,1,1,1,0,0],"gold":244,"neow_bonus":"RANDOM_COMMON_RELIC","is_daily":false,"chose_seed":false,"campfire_upgraded":5,"win_rate":0.0,"timestamp":1608620371,"path_taken":["M","?","?","$","M","R","E","R","T","E","R","?","M","?","R","BOSS","M","?","M","?","$","R","E"],"items_purchased_type":["Potion"],"build_version":"2020-12-13","purchased_purges":0,"victory":false,"max_hp_per_floor":[70,75,75,80,80,80,80,80,80,80,80,80,80,80,80,80,80,80,1,1,1,1,1,1,1],"card_choices":[{"not_picked":["theMarked:SwordAndMagic","theMarked:RepellingDischarge"],"picked":"theMarked:HeritageOfTheMarked","floor":1.0},{"not_picked":["theMarked:ContemptForTheProud","theMarked:Indomitable"],"picked":"theMarked:Frustration","floor":5.0},{"not_picked":["theMarked:RepellingDischarge","theMarked:WastefulAttack"],"picked":"theMarked:MysticalArsenal","floor":7.0},{"not_picked":["theMarked:Aftermath","theMarked:SwordAndMagic"],"picked":"theMarked:RepellingDischarge","floor":10.0},{"not_picked":["theMarked:Static","theMarked:Reabsorb"],"picked":"theMarked:DeterminationOfTheMarked","floor":13.0},{"not_picked":["theMarked:CreepingChasm","theMarked:Snap"],"picked":"theMarked:WardOff","floor":14.0},{"not_picked":["theMarked:Levitate","theMarked:Snap"],"picked":"theMarked:Challenge","floor":16.0},{"not_picked":["theMarked:Electrify","theMarked:TunnelVision","theMarked:Electrocute+1"],"picked":"SKIP","floor":18.0},{"not_picked":["theMarked:WastefulDefense","theMarked:WastefulAttack"],"picked":"theMarked:EmpowerWeapon","floor":20.0}],"player_experience":291068,"relics_obtained":[{"floor":1.0,"key":"LetterFromLob"},{"floor":7.0,"key":"hubris:ToyBattleship"},{"floor":9.0,"key":"Potion Belt"},{"floor":10.0,"key":"Regal Pillow"},{"floor":14.0,"key":"Odd Mushroom"}],"event_choices":[{"damage_healed":0.0,"max_hp_gain":5.0,"max_hp_loss":0.0,"gold_gain":0.0,"event_name":"Big Fish","player_choice":"Donut","floor":2.0,"gold_loss":0.0,"damage_taken":0.0},{"damage_healed":0.0,"max_hp_gain":0.0,"max_hp_loss":0.0,"gold_gain":0.0,"event_name":"Mushrooms","player_choice":"Fought Mushrooms","floor":14.0,"gold_loss":0.0,"damage_taken":0.0},{"damage_healed":0,"gold_gain":0,"player_choice":"Ignored","damage_taken":0,"max_hp_gain":0,"max_hp_loss":0,"event_name":"Cursed Tome","floor":21,"gold_loss":0}],"is_beta":false,"boss_relics":[{"not_picked":["Replay:Wanted Poster","hubris:ScarierMask"],"picked":"energizedSpire:NeverEndingSparkler"}],"items_purged_floors":[],"is_endless":false,"potions_floor_spawned":[1,5,13,16,20],"killed_by":"Slavers","ascension_level":2}}