{"host":"vyt5ne9ydo1z9gg1","time":1608635825,"event":{"mods":["BaseMod","Curses Come First","DeckTracker","GifTheSpireLib","Minty Spire (QoL Compilation)","StSLib"],"gold_per_floor":[117,132,132,132,153,184,184,218,218,233,233,252,252,292,292,418,418,433,67,90,110,125,166,166,202,202,235,360,360,360,377,377,377,377],"floor_reached":33,"playtime":1449,"items_purged":["Injury"],"score":406,"play_id":"168d152c-49d2-4c37-81fc-a17be29cfee1","local_time":"20201222221705","is_ascension_mode":true,"campfire_choices":[{"floor":7.0,"key":"REST"},{"floor":11.0,"key":"REST"},{"data":"Sever Soul","floor":13.0,"key":"SMITH"},{"floor":15.0,"key":"REST"},{"floor":24,"key":"REST"},{"floor":30,"key":"REST"},{"data":"Inflame","floor":32,"key":"SMITH"}],"circlet_count":0,"master_deck":["Strike_R","Strike_R","Strike_R","Strike_R","Defend_R","Defend_R","Defend_R","Defend_R","Bash","Thunderclap","Cleave","Sever Soul+1","Feel No Pain","Headbutt","Shockwave","Inflame+1","Immolate","Flex+1","Rage","Juggernaut","Iron Wave+1","Uppercut+1","Metallicize","Clash","Twin Strike","Wild Strike+1","Anger+1"],"relics":["Sozu","Bloody Idol","FossilizedHelix","Question Card","Red Skull","Busted Crown","Membership Card","PreservedInsect","Oddly Smooth Stone","The Courier","Sundial","White Beast Statue","Unceasing Top","Molten Egg 2"],"acts_visited":["Exordium","TheCity"],"potions_floor_usage":[],"damage_taken":[{"damage":0.0,"enemies":"2 Louse","floor":1.0,"turns":3.0},{"damage":5.0,"enemies":"Small Slimes","floor":2.0,"turns":3.0},{"damage":7.0,"enemies":"Jaw Worm","floor":5.0,"turns":2.0},{"damage":43.0,"enemies":"Lagavulin","floor":6.0,"turns":7.0},{"damage":21.0,"enemies":"3 Sentries","floor":8.0,"turns":6.0},{"damage":0.0,"enemies":"3 Louse","floor":10.0,"turns":3.0},{"damage":0.0,"enemies":"Exordium Wildlife","floor":12.0,"turns":3.0},{"damage":7.0,"enemies":"Lagavulin","floor":14.0,"turns":6.0},{"damage":33.0,"enemies":"The Guardian","floor":16.0,"turns":8.0},{"damage":0.0,"enemies":"Spheric Guardian","floor":18.0,"turns":3.0},{"damage":11,"enemies":"2 Thieves","floor":20,"turns":2},{"damage":0,"enemies":"Snecko","floor":21,"turns":3},{"damage":9,"enemies":"Centurion and Healer","floor":22,"turns":2},{"damage":21,"enemies":"Slavers","floor":23,"turns":3},{"damage":14,"enemies":"Book of Stabbing","floor":25,"turns":3},{"damage":8,"enemies":"Gremlin Leader","floor":27,"turns":2},{"damage":0,"enemies":"Colosseum Slavers","floor":28,"turns":2},{"damage":0,"enemies":"Colosseum Nobs","floor":28,"turns":2},{"damage":6,"enemies":"3 Cultists","floor":31,"turns":3},{"damage":77,"enemies":"Champ","floor":33,"turns":8}],"seed_played":"-8961019602792695587","potions_obtained":[],"is_trial":false,"path_per_floor":["M","M","?","?","M","E","R","E","T","M","R","M","R","E","R","B",null,"M","$","M","M","M","E","R","E","T","E","?","?","R","M","R","B"],"character_chosen":"IRONCLAD","items_purchased":["Membership Card","PreservedInsect","Rage","Juggernaut"],"campfire_rested":5,"item_purchase_floors":[19,19,19,19],"current_hp_per_floor":[80,75,68,68,61,18,42,21,21,21,45,45,45,38,62,29,67,67,67,56,56,47,26,50,36,36,28,28,28,52,51,51,0,0],"gold":377,"neow_bonus":"BOSS_RELIC","is_daily":false,"chose_seed":false,"campfire_upgraded":2,"win_rate":0.0,"timestamp":1608635825,"path_taken":["M","M","?","?","M","E","R","E","T","M","R","M","R","E","R","BOSS","M","$","M","M","M","E","R","E","T","E","?","?","R","M","R","BOSS"],"items_purchased_type":["Relic","Relic","Card","Card"],"build_version":"2020-12-13","purchased_purges":1,"victory":false,"max_hp_per_floor":[80,80,80,80,80,80,80,80,80,80,80,80,80,80,80,80,80,80,80,80,80,80,80,80,80,80,80,80,80,80,80,80,80,80],"card_choices":[{"not_picked":["Armaments","True Grit"],"picked":"Thunderclap","floor":1.0},{"not_picked":["Wild Strike","Sword Boomerang"],"picked":"Cleave","floor":2.0},{"not_picked":["Flex","Pummel"],"picked":"Sever Soul","floor":5.0},{"not_picked":["Combust","Offering"],"picked":"Feel No Pain","floor":6.0},{"not_picked":["Warcry","Anger"],"picked":"Headbutt","floor":8.0},{"not_picked":["Heavy Blade","Flex","Iron Wave"],"picked":"Shockwave","floor":10.0},{"not_picked":["Cleave","Bludgeon","Iron Wave","Body Slam"],"picked":"SKIP","floor":12.0},{"not_picked":["Thunderclap","Perfected Strike","Intimidate"],"picked":"Inflame","floor":14.0},{"not_picked":["Brutality","Juggernaut","Bludgeon"],"picked":"Immolate","floor":16.0},{"not_picked":["Bloodletting+1"],"picked":"Flex+1","floor":18.0},{"not_picked":["Flex+1"],"picked":"Iron Wave+1","floor":20},{"not_picked":["Entrench"],"picked":"Uppercut+1","floor":21},{"not_picked":["Carnage+1"],"picked":"Metallicize","floor":22},{"not_picked":["Headbutt","Perfected Strike+1"],"picked":"SKIP","floor":23},{"not_picked":["Perfected Strike"],"picked":"Clash","floor":25},{"not_picked":["Pommel Strike"],"picked":"Twin Strike","floor":27},{"not_picked":["Rage"],"picked":"Wild Strike+1","floor":28},{"not_picked":["Feel No Pain"],"picked":"Anger+1","floor":31}],"player_experience":133683,"relics_obtained":[{"floor":6.0,"key":"FossilizedHelix"},{"floor":8.0,"key":"Question Card"},{"floor":14.0,"key":"Red Skull"},{"floor":23,"key":"Oddly Smooth Stone"},{"floor":25,"key":"The Courier"},{"floor":26,"key":"Sundial"},{"floor":27,"key":"White Beast Statue"},{"floor":28,"key":"Unceasing Top"},{"floor":28,"key":"Molten Egg 2"}],"event_choices":[{"cards_removed":["Strike_R"],"damage_healed":0.0,"max_hp_gain":0.0,"max_hp_loss":0.0,"gold_gain":0.0,"event_name":"Golden Wing","player_choice":"Card Removal","floor":3.0,"gold_loss":0.0,"damage_taken":7.0},{"damage_healed":0.0,"max_hp_gain":0.0,"max_hp_loss":0.0,"gold_gain":0.0,"event_name":"Golden Idol","player_choice":"Take Wound","floor":4.0,"gold_loss":0.0,"damage_taken":0.0,"relics_obtained":["Golden Idol"],"cards_obtained":["Injury"]},{"damage_healed":0,"gold_gain":0,"player_choice":"Fight","damage_taken":0,"max_hp_gain":0,"max_hp_loss":0,"event_name":"Colosseum","floor":28,"gold_loss":0},{"damage_healed":0,"gold_gain":0,"player_choice":"Fought Nobs","damage_taken":0,"max_hp_gain":0,"max_hp_loss":0,"event_name":"Colosseum","floor":28,"gold_loss":0},{"damage_healed":0,"gold_gain":0,"player_choice":"Gave Idol","damage_taken":0,"relics_obtained":["Bloody Idol"],"max_hp_gain":0,"max_hp_loss":0,"event_name":"Forgotten Altar","floor":29,"relics_lost":["Golden Idol"],"gold_loss":0}],"is_beta":false,"boss_relics":[{"not_picked":["SlaversCollar","Fusion Hammer"],"picked":"Busted Crown"}],"items_purged_floors":[19],"is_endless":false,"potions_floor_spawned":[5,6,14,16,20,21,23,28,28,31],"killed_by":"Champ","ascension_level":5}}