{"host":"c2og1cp357bgjv9b","time":1608644696,"event":{"mods":["BaseMod","Colored Map","Minty Spire (QoL Compilation)","Replay The Spire","StSLib"],"gold_per_floor":[115,65,16,16,30,59,59,59,59,59,84,94,94,119,44,72,72,72,72],"floor_reached":18,"playtime":769,"items_purged":["Strike_G"],"score":151,"play_id":"a3520671-4c0e-47bf-aa86-a3b1100efc3b","local_time":"20201222214456","is_ascension_mode":false,"campfire_choices":[{"data":"Hidden Blade","floor":7,"key":"SMITH"},{"data":"Cloak And Dagger","floor":13,"key":"SMITH"},{"floor":17,"key":"DIG"}],"circlet_count":0,"master_deck":["Strike_G+1","Strike_G","Strike_G+1","Defend_G","Defend_G","Defend_G","Defend_G+1","Defend_G","Survivor+1","Neutralize","Prepared","Blade Dance","Doubt","Hidden Blade+1","Prepared","Cloak And Dagger+1"],"relics":["Ring of the Snake","NeowsBlessing","ReplayTheSpireMod:Ring of Collecting","Ring of Panic","Mirror","Ring of Peace","Bronze Scales","Whetstone","Sundial","Bag of Marbles"],"acts_visited":["Exordium"],"potions_floor_usage":[12,14,14,16,18],"damage_taken":[{"damage":0,"enemies":"Jaw Worm","floor":1,"turns":1},{"damage":0,"enemies":"2 Louse","floor":5,"turns":1},{"damage":0,"enemies":"3 Sentries","floor":6,"turns":1},{"damage":0,"enemies":"Small Slimes","floor":12,"turns":4},{"damage":22,"enemies":"Gremlin Nob","floor":14,"turns":5},{"damage":4,"enemies":"3 Sentries","floor":16,"turns":10},{"damage":0,"enemies":"Slime Boss","floor":18,"turns":5}],"seed_played":"1415215319918129171","potions_obtained":[{"floor":1,"key":"EntropicBrew"},{"floor":16,"key":"PowerPotion"}],"is_trial":false,"path_per_floor":["M","?","$","?","M","E","R","PTL","PTL","?","T","M","R","E","$","E","R_BF","B"],"character_chosen":"THE_SILENT","items_purchased":["Blade Dance"],"campfire_rested":0,"item_purchase_floors":[3],"current_hp_per_floor":[70,70,70,70,70,70,70,70,70,56,56,56,56,34,34,30,30,30,30],"gold":72,"neow_bonus":"THREE_ENEMY_KILL","is_daily":false,"chose_seed":false,"campfire_upgraded":2,"win_rate":0.0,"timestamp":1608644696,"path_taken":["M","?","$","?","M","E","R","PTL","PTL","?","T","M","R","E","?","E","R_BF","BOSS"],"items_purchased_type":["Card"],"build_version":"2020-12-13","purchased_purges":1,"victory":false,"max_hp_per_floor":[70,70,70,70,70,70,70,70,70,70,70,70,70,70,70,70,70,70,70],"card_choices":[{"not_picked":["Terror","Backstab"],"picked":"Prepared","floor":1},{"not_picked":["Flechettes","Bane"],"picked":"Hidden Blade","floor":5},{"not_picked":["Bouncing Flask","Underhanded Strike"],"picked":"Prepared","floor":6},{"not_picked":["Blur","Acrobatics"],"picked":"Cloak And Dagger","floor":12},{"not_picked":["Predator","Prepared","Bullet Time"],"picked":"SKIP","floor":14},{"not_picked":["ReplayTheSpireMod:The Works","Dodge and Roll","All Out Attack"],"picked":"SKIP","floor":16}],"player_experience":81265,"relics_obtained":[{"floor":4,"key":"ReplayTheSpireMod:Ring of Collecting"},{"floor":4,"key":"Ring of Panic"},{"floor":6,"key":"Mirror"},{"floor":11,"key":"Ring of Peace"},{"floor":11,"key":"Bronze Scales"},{"floor":14,"key":"Whetstone"},{"floor":16,"key":"Sundial"},{"floor":17,"key":"Bag of Marbles"}],"event_choices":[{"cards_removed":["Strike_G"],"damage_healed":0,"gold_gain":0,"player_choice":"Card Removal","damage_taken":0,"max_hp_gain":0,"max_hp_loss":0,"event_name":"The Cleric","floor":2,"gold_loss":50},{"damage_healed":0,"gold_gain":0,"player_choice":"Entered Light","damage_taken":14,"max_hp_gain":0,"max_hp_loss":0,"event_name":"Shining Light","floor":10,"gold_loss":0,"cards_upgraded":["Survivor","Defend_G"]}],"is_beta":false,"boss_relics":[],"items_purged_floors":[15],"is_endless":false,"potions_floor_spawned":[1,16],"killed_by":"Slime Boss","ascension_level":0}}