{"host":"w0w6jcqjdtkzk2bw","time":1608631513,"event":{"mods":["2.2 Compatiblity","AchievementEnabler","Aspiration","BaseMod","BetterRewards","Colored Map","Colored Powertips","Conspire","DeckTracker","Downfall","Energized Spire","Friendly Minions","Hermit","Highlight Path","Hubris","Infinite Spire","Marisa????????","Minty Spire (QoL Compilation)","Permanent Neow","Quick Restart","Replay The Spire","Shade Mod","StSLib","Synergy Search","Td1madao Mod","The Administrix","The Bug Knight","The Construct","The Disciple","The Druid","The Gatherer","The Runesmith","The Spell Scribe","TheFirefly","TheSwordswoman"],"gold_per_floor":[117,131,149,29,46,46,64,80,80,80,111,27,62,72,72,172,172,187,187,187,200,214,214,174,189,263,278,295,318,330,344,344,442,442,461,461,461,532,543,543,561,561,561,574,574,10,10,26,26,26],"floor_reached":51,"playtime":4438,"items_purged":[],"score":822,"play_id":"9a7c95f0-1b6b-47ac-b5ca-e55f38186b85","local_time":"20201222050513","is_ascension_mode":true,"campfire_choices":[{"data":"Shade:TouchOfTheGrave","floor":6,"key":"SMITH"},{"floor":10,"key":"REST"},{"floor":15,"key":"REST"},{"data":"infinitespire:NeuralNetwork","floor":23,"key":"SMITH"},{"floor":32,"key":"REST"},{"data":"Shade:TouchOfTheGrave","floor":40,"key":"SMITH"},{"data":"Shade:OfferingToTheBeyond","floor":45,"key":"SMITH"},{"data":"expansioncontent:Chronoboost","floor":47,"key":"SMITH"},{"data":"Replay:SS_hec_1","floor":49,"key":"SMITH"}],"circlet_count":0,"master_deck":["Shade:Strike_Shade","Shade:Strike_Shade","Shade:Strike_Shade","Shade:Strike_Shade","Shade:Defend_Shade","Shade:Defend_Shade","Shade:Defend_Shade","Shade:Defend_Shade","Shade:AnimateDead","Shade:CarefulCut","Shade:StitchTogether","Shade:StitchTogether","Replay:SS_hec_1+1","Shade:FeralStrike","Decay","Shade:FreshBones","Shade:CommandSoldier","Shade:AuraOfUnlife","Shade:TouchOfTheGrave+1","Shade:AncientSpear","Shade:SanguineRitual","Shade:SanguineRitual","Shade:FleshOffering","Shade:RitualOffering","expansioncontent:Chronoboost+1","Shade:FeralStrike","Shade:SpontaneousRitual","Shade:Putrefaction","Shade:Frenzy","infinitespire:NeuralNetwork+1","Shade:Excise+1","Shade:ExtraLimbs","Shade:TouchOfTheGrave+1","Shade:Bonestorm","Shade:AncientSpear","Shade:Premonition+1","Shade:OfferingToTheBeyond+1","Shade:ExtraLimbs","Looming Evil","ReplayTheSpireMod:Splinters","Shade:Bonestorm","Shade:PotionOfRestlessness","Shade:GraveStillness","Shade:OpenGraves","Decay","Parasite","Shade:Brains+1","Shade:DarkOfNight","expansioncontent:Chronoboost+1","Shade:FreshBones","Shade:AblativeArmor+1"],"relics":["Shade:YorickSkull","Mummified Hand","ReplayTheSpireMod:CursedCoin","Lizard Tail","infinitespire:Joker Card","Replay:Mystery Machine","construct:WeddingRing","aspiration:SeaSaltIceCream","Replay:Bronze Core","Smiling Mask","Honey Jar","ReplayTheSpireMod:Ring of Exchange","ReplayTheSpireMod:Ring of Addiction","SacredBark","White Beast Statue","aspiration:TomeofQuesting","Bottled Flame","HollowMod:StagPassRelic"],"acts_visited":["Exordium","TheCity","TheBeyond"],"potions_floor_usage":[11,11,16,39,44,48,50,50,50],"damage_taken":[{"damage":0,"enemies":"Cultist","floor":1,"turns":3},{"damage":0,"enemies":"Jaw Worm","floor":2,"turns":4},{"damage":8,"enemies":"2 Louse","floor":3,"turns":3},{"damage":16,"enemies":"Exordium Thugs","floor":5,"turns":3},{"damage":3,"enemies":"Lots of Slimes","floor":7,"turns":3},{"damage":20,"enemies":"Exordium Wildlife","floor":8,"turns":4},{"damage":0,"enemies":"Lagavulin","floor":11,"turns":6},{"damage":24,"enemies":"Gremlin Nob","floor":13,"turns":4},{"damage":4,"enemies":"Red Slaver","floor":14,"turns":3},{"damage":18,"enemies":"Fading Forest","floor":16,"turns":11},{"damage":2,"enemies":"Chosen","floor":18,"turns":4},{"damage":23,"enemies":"conspire:FuzzyDice","floor":21,"turns":6},{"damage":4,"enemies":"Centurion and Healer","floor":22,"turns":7},{"damage":21,"enemies":"Shelled Parasite and Fungi","floor":25,"turns":4},{"damage":0,"enemies":"Chosen and Byrds","floor":27,"turns":2},{"damage":24,"enemies":"Snecko","floor":28,"turns":4},{"damage":11,"enemies":"Snake Plant","floor":30,"turns":4},{"damage":0,"enemies":"Cultist and Chosen","floor":31,"turns":3},{"damage":10,"enemies":"conspire:MysteriousRune","floor":33,"turns":8},{"damage":15,"enemies":"Orb Walker","floor":35,"turns":3},{"damage":3,"enemies":"3 Shapes","floor":39,"turns":2},{"damage":12,"enemies":"Spire Growth","floor":41,"turns":3},{"damage":0,"enemies":"Writhing Mass","floor":44,"turns":4},{"damage":0,"enemies":"3 Darklings","floor":48,"turns":2},{"damage":46,"enemies":"Awakened One","floor":50,"turns":8}],"seed_played":"-6392312613959994802","potions_obtained":[{"floor":1,"key":"SteroidPotion"},{"floor":5,"key":"Flashbang"},{"floor":8,"key":"Swift Potion"},{"floor":13,"key":"hexamod:EctoCoolerPotion"},{"floor":14,"key":"Toxic Potion"},{"floor":16,"key":"DuplicationPotion"},{"floor":25,"key":"Strength Potion"},{"floor":36,"key":"GamblersBrew"},{"floor":36,"key":"Flashbang"},{"floor":36,"key":"EssenceOfSteel"},{"floor":38,"key":"Fire Potion"},{"floor":39,"key":"FearPotion"},{"floor":41,"key":"Languid Potion"},{"floor":44,"key":"Fire Potion"},{"floor":48,"key":"Fruit Juice"}],"is_trial":false,"path_per_floor":["M","M","M","$","M","R","M","M","T","R","E","$","E","M","R","B",null,"M","?","AVR","M","M","R","?","M","T","M","M","T","M","M","R","B",null,"M","?","?","?","M","R","M","?","T","M","R","$","R","M","R","B",null],"character_chosen":"SHADE","items_purchased":["Mummified Hand","Shade:StitchTogether","Replay:SS_hec_1","Shade:FeralStrike","ReplayTheSpireMod:CursedCoin","Shade:TouchOfTheGrave","Shade:AncientSpear","expansioncontent:Chronoboost","HollowMod:StagPassRelic","Shade:DarkOfNight","expansioncontent:Chronoboost","Shade:FreshBones"],"campfire_rested":3,"item_purchase_floors":[0,0,0,0,0,4,4,12,46,46,46,46],"current_hp_per_floor":[58,60,60,60,44,44,41,21,21,39,53,53,29,25,43,49,60,58,58,58,40,57,57,57,43,43,43,19,19,15,15,33,44,60,52,52,52,52,49,49,44,44,44,44,44,44,44,44,44,22],"gold":26,"neow_bonus":"","is_daily":false,"chose_seed":false,"campfire_upgraded":6,"win_rate":0.0,"timestamp":1608631513,"path_taken":["M","M","M","?","M","R","M","M","T","R","E","$","E","M","R","BOSS","M","?","AVR","M","M","R","?","?","T","M","?","?","M","?","R","BOSS","M","?","?","?","M","R","M","?","T","?","R","$","R","M","R","BOSS"],"items_purchased_type":["Relic","Card","Card","Card","Relic","Card","Card","Card","Relic","Card","Card","Card"],"build_version":"2020-12-13","purchased_purges":0,"victory":true,"max_hp_per_floor":[60,60,60,60,60,60,60,60,60,60,60,60,60,60,60,60,60,60,60,60,60,60,60,60,60,60,60,60,60,60,60,60,60,60,60,60,60,60,60,60,60,60,58,58,58,58,58,56,56,66],"card_choices":[{"not_picked":["Shade:SpontaneousRitual","Shade:Trample"],"picked":"Shade:FreshBones","floor":1},{"not_picked":["Shade:Trample","Shade:LyeBath"],"picked":"Shade:CommandSoldier","floor":2},{"not_picked":["Shade:Bonestorm","Shade:RitualOffering"],"picked":"Shade:AuraOfUnlife","floor":3},{"not_picked":["Shade:GoDigging","Shade:TouchOfTheGrave"],"picked":"Shade:SanguineRitual","floor":5},{"not_picked":["Shade:Premonition","Shade:CallOfTheGrave"],"picked":"Shade:SanguineRitual","floor":7},{"not_picked":["Shade:Awaken","Shade:BoneShards"],"picked":"Shade:FleshOffering","floor":8},{"not_picked":["Shade:DangerousRitual","Shade:CloudOfShrapnel"],"picked":"Shade:RitualOffering","floor":11},{"not_picked":["Shade:WallOfFlesh","Shade:FuneraryArmor"],"picked":"Shade:FeralStrike","floor":13},{"not_picked":["Shade:FuneraryJewels","Shade:PressTheAttack"],"picked":"Shade:SpontaneousRitual","floor":14},{"not_picked":["Shade:SoulPierce","Shade:OfferingToTheBeyond"],"picked":"Shade:Putrefaction","floor":16},{"not_picked":["Shade:FingerOfDeath","Shade:SensePrey","Shade:ClawBack"],"picked":"SKIP","floor":18},{"not_picked":["Shade:Brains+1","Shade:BoneShards"],"picked":"Shade:Excise+1","floor":21},{"not_picked":["Shade:FleshToFlesh","Shade:DarkOfNight"],"picked":"Shade:ExtraLimbs","floor":22},{"not_picked":["Shade:FuneraryArmor+1","Shade:Premonition"],"picked":"Shade:TouchOfTheGrave","floor":25},{"not_picked":["Shade:FuneraryArmor","Shade:CoffinDance"],"picked":"Shade:Bonestorm","floor":27},{"not_picked":["Shade:FingerOfDeath","Shade:LastGasp"],"picked":"Shade:AncientSpear","floor":28},{"not_picked":["Shade:SkeletonHug","Shade:CommandSoldier","Shade:Trample"],"picked":"SKIP","floor":30},{"not_picked":["Shade:CoffinDance","Shade:PoundOfFlesh"],"picked":"Shade:Premonition+1","floor":31},{"not_picked":["Shade:OminousRitual","Shade:UnbarTheGrave"],"picked":"Shade:OfferingToTheBeyond","floor":33},{"not_picked":["Shade:WallOfFlesh","Shade:Haruspicy+1","Shade:GreyBargain+1"],"picked":"Shade:ExtraLimbs","floor":35},{"not_picked":["Shade:Trample+1","Shade:BoneShards+1","Shade:Consume"],"picked":"Shade:Bonestorm","floor":38},{"not_picked":["Shade:FreshBones+1","Shade:AncientSpear+1","Shade:WallOfFlesh"],"picked":"Shade:PotionOfRestlessness","floor":38},{"not_picked":["Shade:BoneShards","Shade:PoundOfFlesh","Shade:LyeBath"],"picked":"Shade:GraveStillness","floor":39},{"not_picked":["Shade:CallWraith+1","Shade:SpectralStrikes+1","Shade:AuraOfUnlife"],"picked":"Shade:OpenGraves","floor":41},{"not_picked":["Shade:FleshOffering","Shade:Bonestorm","Shade:GoDigging+1"],"picked":"Shade:Brains+1","floor":44},{"not_picked":["Shade:WallOfFlesh+1","Shade:FingerOfDeath","Shade:CoffinDance"],"picked":"Shade:AblativeArmor+1","floor":48}],"player_experience":403506,"relics_obtained":[{"floor":9,"key":"Lizard Tail"},{"floor":11,"key":"infinitespire:Joker Card"},{"floor":13,"key":"Replay:Mystery Machine"},{"floor":26,"key":"aspiration:SeaSaltIceCream"},{"floor":29,"key":"Smiling Mask"},{"floor":36,"key":"ReplayTheSpireMod:Ring of Exchange"},{"floor":36,"key":"ReplayTheSpireMod:Ring of Addiction"},{"floor":36,"key":"SacredBark"},{"floor":36,"key":"White Beast Statue"},{"floor":38,"key":"aspiration:TomeofQuesting"},{"floor":43,"key":"Bottled Flame"}],"event_choices":[{"damage_healed":0,"gold_gain":0,"player_choice":"Upgrade","damage_taken":0,"max_hp_gain":0,"max_hp_loss":0,"event_name":"Designer","floor":24,"gold_loss":40,"cards_upgraded":["expansioncontent:Chronoboost"]},{"damage_healed":0,"gold_gain":0,"player_choice":"Leave","damage_taken":0,"max_hp_gain":0,"max_hp_loss":0,"event_name":"conspire:Investor","floor":37,"gold_loss":0},{"damage_healed":0,"gold_gain":0,"player_choice":"Cursed","damage_taken":0,"max_hp_gain":0,"max_hp_loss":0,"event_name":"Wheel of Change","floor":42,"gold_loss":0,"cards_obtained":["Decay"]}],"is_beta":false,"boss_relics":[{"not_picked":["aspiration:SecretTechniqueScroll","energizedSpire:MagnifyingGlass"],"picked":"construct:WeddingRing"},{"not_picked":["Cursed Key","Replay:Drink Me"],"picked":"Honey Jar"}],"items_purged_floors":[],"is_endless":false,"potions_floor_spawned":[1,5,8,13,14,16,21,25,28,33,39,41,44,48],"ascension_level":1}}