{"host":"v4tuy5ykrbdcm9o9","time":1608619629,"event":{"mods":["BaseMod","Duelist Mod","Minty Spire (QoL Compilation)","Replay The Spire","StSLib"],"gold_per_floor":[115,126,142,142,157,157,191,191,191,191,11,42,42,71,71,172,172,185,204,56,70,70,70],"floor_reached":22,"playtime":1697,"items_purged":[],"score":291,"play_id":"6043a022-036b-4e6f-aef0-b4f45597b509","local_time":"20201222014709","is_ascension_mode":true,"campfire_choices":[{"data":"Armaments","floor":6,"key":"SMITH"},{"data":"ReplayReversal","floor":8,"key":"SMITH"},{"data":"Rage","floor":13,"key":"SMITH"},{"floor":15,"key":"REST"}],"circlet_count":0,"master_deck":["Strike_R","Strike_R","Strike_R","Strike_R","Strike_R","Defend_R","Defend_R","Defend_R","Defend_R","Bash","Iron Wave","Perfected Strike","ReplayReversal+1","Armaments+1","Rage+1","Dual Wield","Trip","Replay:Undeath\u0027s Touch","Evolve","Juggernaut","Demon Form","Seeing Red+1","Hemokinesis+1","Flex","Enlightenment","Rampage"],"relics":["Burning Blood","ReplayFunnel","Ring of Searing","ReplayTheSpireMod:Ring of Exchange","Oddly Smooth Stone","Pantograph","Spirit Poop","Letter Opener","Pen Nib","ClockworkSouvenir"],"acts_visited":["Exordium","TheCity"],"potions_floor_usage":[14,14,21,21,22],"damage_taken":[{"damage":10.0,"enemies":"Cultist","floor":1.0,"turns":5.0},{"damage":6.0,"enemies":"2 Louse","floor":2.0,"turns":3.0},{"damage":2,"enemies":"Small Slimes","floor":3,"turns":3},{"damage":26,"enemies":"Red Slaver","floor":5,"turns":4},{"damage":10,"enemies":"Gremlin Nob","floor":7,"turns":3},{"damage":10,"enemies":"3 Sentries","floor":12,"turns":7},{"damage":18,"enemies":"Lagavulin","floor":14,"turns":5},{"damage":20,"enemies":"Fading Forest","floor":16,"turns":11},{"damage":45,"enemies":"2 Thieves","floor":18,"turns":5},{"damage":14,"enemies":"Spheric Guardian","floor":19,"turns":4},{"damage":13,"enemies":"Shelled Parasite and Fungi","floor":21,"turns":5},{"damage":42,"enemies":"Centurion and Healer","floor":22,"turns":4}],"seed_played":"-7332046060592614078","potions_obtained":[{"floor":3,"key":"SteroidPotion"},{"floor":5,"key":"Weak Potion"},{"floor":7,"key":"Regen Potion"},{"floor":16,"key":"Death Potion"},{"floor":19,"key":"Weak Potion"}],"is_trial":false,"path_per_floor":["M","M","M","?","M","R","E","R","T","?","$","E","R","E","R","B",null,"M","M","$","M","M"],"character_chosen":"IRONCLAD","items_purchased":["Dual Wield","Trip","Replay:Undeath\u0027s Touch","Flex","Enlightenment"],"campfire_rested":1,"item_purchase_floors":[11,11,11,20,20],"current_hp_per_floor":[76,76,80,80,60,60,56,56,56,56,56,52,52,40,64,66,80,41,33,33,40,0,0],"gold":70,"neow_bonus":"RANDOM_COMMON_RELIC","is_daily":false,"chose_seed":false,"campfire_upgraded":3,"win_rate":0.0,"timestamp":1608619629,"path_taken":["M","M","M","?","M","R","E","R","T","?","$","E","R","E","R","BOSS","M","M","$","?","M"],"items_purchased_type":["Card","Card","Card","Card","Card"],"build_version":"2020-12-13","purchased_purges":0,"victory":false,"max_hp_per_floor":[80,80,80,80,80,80,80,80,80,80,80,80,80,80,80,80,80,80,80,80,80,80,80],"card_choices":[{"not_picked":["Metallicize","Hemokinesis"],"picked":"Iron Wave","floor":1.0},{"not_picked":["Warcry","Whirlwind"],"picked":"Perfected Strike","floor":2},{"not_picked":["Warcry","Seeing Red"],"picked":"ReplayReversal","floor":3},{"not_picked":["Iron Wave","Sentinel"],"picked":"Armaments","floor":5},{"not_picked":["Evolve","Massacre"],"picked":"Rage","floor":7},{"not_picked":["Sentinel","Headbutt"],"picked":"Evolve","floor":12},{"not_picked":["Warcry","Double Tap"],"picked":"Juggernaut","floor":14},{"not_picked":["Impervious","Bludgeon"],"picked":"Demon Form","floor":16},{"not_picked":["Blood for Blood","Twin Strike"],"picked":"Seeing Red+1","floor":18},{"not_picked":["Clothesline","Life Link"],"picked":"Hemokinesis+1","floor":19},{"not_picked":["Iron Wave","True Grit"],"picked":"Rampage","floor":21}],"player_experience":409879,"relics_obtained":[{"floor":4,"key":"Ring of Searing"},{"floor":4,"key":"ReplayTheSpireMod:Ring of Exchange"},{"floor":7,"key":"Oddly Smooth Stone"},{"floor":9,"key":"Pantograph"},{"floor":12,"key":"Letter Opener"},{"floor":14,"key":"Pen Nib"}],"event_choices":[{"cards_removed":["Delirium"],"damage_healed":0,"gold_gain":0,"player_choice":"Offered Curse","damage_taken":0,"relics_obtained":["Spirit Poop"],"max_hp_gain":0,"max_hp_loss":0,"event_name":"Bonfire Elementals","floor":10,"gold_loss":0}],"is_beta":false,"boss_relics":[{"not_picked":["Sling","Membership Card"],"picked":"ClockworkSouvenir"}],"items_purged_floors":[],"is_endless":false,"potions_floor_spawned":[3,5,7,16,19],"killed_by":"Centurion and Healer","ascension_level":3}}