{"host":"lmshf3swj20gmdor","time":1608680864,"event":{"mods":["Aspiration","BaseMod","Conspire","Downfall","Hubris","Mad Scientist","Minty Spire (QoL Compilation)","Replay The Spire","Spikes Relics","StSLib","Synergy Search","The Construct"],"gold_per_floor":[99,110,285,301,318,351,351,46,60,76,76,76,76],"floor_reached":11,"playtime":381,"items_purged":[],"score":116,"play_id":"c2ebc395-4b59-435a-abc1-f07c1556a787","local_time":"20201222234744","is_ascension_mode":true,"campfire_choices":[],"circlet_count":0,"master_deck":["AscendersBane","Slimebound:Strike_Slimebound","Slimebound:Strike_Slimebound","Slimebound:Strike_Slimebound","Slimebound:Tackle","Slimebound:Defend_Slimebound","Slimebound:Defend_Slimebound","Slimebound:Defend_Slimebound","Slimebound:Defend_Slimebound","Slimebound:Split+1","Slimebound:CorrosiveSpit","Slimebound:LeadByExample","Doubt","Slimebound:GrowthPunch","Slimebound:RainOfGoop","Slimebound:Nibble","Slimebound:LevelUp","Slimebound:OneTwoCombo","Slimebound:SplitSpecialist"],"relics":["Slimebound:AbsorbEndCombat","Blood Vial","Vajra","ReplayFunnel"],"acts_visited":["Exordium"],"potions_floor_usage":[6,11],"damage_taken":[{"damage":20,"enemies":"2 Louse","floor":2,"turns":3},{"damage":33,"enemies":"Small Slimes","floor":4,"turns":4},{"damage":26,"enemies":"Jaw Worm","floor":5,"turns":4},{"damage":20,"enemies":"Lagavulin","floor":6,"turns":7},{"damage":18,"enemies":"downfall:FleeingMerchant","floor":8,"turns":4},{"damage":23,"enemies":"2 Fungi Beasts","floor":9,"turns":3},{"damage":27,"enemies":"Exordium Wildlife","floor":10,"turns":5},{"damage":18,"enemies":"3 Sentries","floor":11,"turns":1}],"seed_played":"-3008980019668139270","potions_obtained":[{"floor":5,"key":"SkillPotion"},{"floor":9,"key":"Guardian:BlockOnCardUsePotion"},{"floor":10,"key":"construct:ShiftPotion"}],"is_trial":false,"path_per_floor":["R","M","?","M","M","E","T","$","M","M","E"],"character_chosen":"SLIMEBOUND","items_purchased":["ReplayFunnel","Slimebound:OneTwoCombo"],"campfire_rested":0,"item_purchase_floors":[8,8],"current_hp_per_floor":[60,48,48,27,21,21,21,25,24,15,0,0,0],"gold":76,"neow_bonus":"UPGRADE_CARD","is_daily":false,"chose_seed":false,"campfire_upgraded":0,"win_rate":0.0,"timestamp":1608680864,"path_taken":["R","M","?","M","M","E","T","$","M","M","E"],"items_purchased_type":["Relic","Card"],"build_version":"2020-12-13","purchased_purges":0,"victory":false,"max_hp_per_floor":[60,60,60,60,60,60,60,60,60,60,60,60,60],"card_choices":[{"not_picked":["Slimebound:RollThrough","Slimebound:GrowthPunch"],"picked":"Slimebound:LeadByExample","floor":2},{"not_picked":["Slimebound:SplitBruiser","Slimebound:SamplingLick"],"picked":"Slimebound:GrowthPunch","floor":4},{"not_picked":["Slimebound:SamplingLick","Slimebound:ProtectTheBoss"],"picked":"Slimebound:RainOfGoop","floor":5},{"not_picked":["Slimebound:TongueLash","Slimebound:ViciousTackle"],"picked":"Slimebound:Nibble","floor":6},{"not_picked":["Slimebound:ViciousTackle","Slimebound:Recollect"],"picked":"Slimebound:LevelUp","floor":8},{"not_picked":["Slimebound:Grow","Slimebound:FirmFortitude","Slimebound:ForwardTackle"],"picked":"SKIP","floor":9},{"not_picked":["Slimebound:Prepare","Slimebound:ViciousTackle"],"picked":"Slimebound:SplitSpecialist","floor":10}],"player_experience":842042,"relics_obtained":[{"floor":6,"key":"Blood Vial"},{"floor":7,"key":"Vajra"}],"event_choices":[],"is_beta":false,"boss_relics":[],"items_purged_floors":[],"is_endless":false,"potions_floor_spawned":[5,9,10],"killed_by":"3 Sentries","ascension_level":11}}