{"host":"jksa5rawk3m4gilz","time":1608662972,"event":{"mods":["BaseMod","Colored Map","Highlight Path","Minty Spire (QoL Compilation)","Quick Restart"],"gold_per_floor":[119,132,149,149,161,192,192,217,217,217,236,250,280,300,300,379,379,398,413,413],"floor_reached":19,"playtime":887,"items_purged":[],"score":360,"play_id":"f0ff8a45-6ead-463f-b719-56a02ffc2787","local_time":"20201222194932","is_ascension_mode":true,"campfire_choices":[{"floor":7,"key":"REST"},{"floor":10,"key":"REST"},{"floor":15,"key":"REST"}],"circlet_count":0,"master_deck":["AscendersBane","Strike_P","Strike_P","Strike_P","Strike_P","Defend_P","Defend_P","Defend_P","Defend_P","Eruption","Vigilance","Decay","Panache+1","SandsOfTime","Consecrate","Halt+1","Prostrate","Scrawl","Establishment","FlurryOfBlows","LessonLearned"],"relics":["HolyWater","The Courier","InkBottle","Pantograph","White Beast Statue"],"acts_visited":["Exordium","TheCity"],"potions_floor_usage":[13,14,16,19],"damage_taken":[{"damage":0,"enemies":"2 Louse","floor":1,"turns":2},{"damage":8,"enemies":"Small Slimes","floor":2,"turns":3},{"damage":9,"enemies":"Jaw Worm","floor":3,"turns":4},{"damage":9,"enemies":"3 Louse","floor":5,"turns":3},{"damage":15,"enemies":"3 Sentries","floor":6,"turns":5},{"damage":10,"enemies":"Lagavulin","floor":8,"turns":7},{"damage":15,"enemies":"Blue Slaver","floor":11,"turns":3},{"damage":4,"enemies":"Large Slime","floor":12,"turns":4},{"damage":0,"enemies":"3 Sentries","floor":13,"turns":4},{"damage":3,"enemies":"Looter","floor":14,"turns":3},{"damage":25,"enemies":"Slime Boss","floor":16,"turns":7},{"damage":27,"enemies":"Chosen","floor":18,"turns":6},{"damage":26,"enemies":"Shell Parasite","floor":19,"turns":5}],"seed_played":"-8191743179563263427","potions_obtained":[{"floor":6,"key":"Ancient Potion"},{"floor":8,"key":"BottledMiracle"},{"floor":13,"key":"Fire Potion"},{"floor":14,"key":"FearPotion"},{"floor":16,"key":"FearPotion"},{"floor":19,"key":"BottledMiracle"}],"is_trial":false,"path_per_floor":["M","M","M","?","M","E","R","E","T","R","M","M","E","M","R","B",null,"M","M"],"character_chosen":"WATCHER","items_purchased":[],"campfire_rested":3,"item_purchase_floors":[],"current_hp_per_floor":[65,57,48,48,39,24,45,35,35,56,41,37,37,34,55,47,66,39,13,13],"gold":413,"neow_bonus":"RANDOM_COLORLESS_2","is_daily":false,"chose_seed":false,"campfire_upgraded":0,"win_rate":0.0,"timestamp":1608662972,"path_taken":["M","M","M","?","M","E","R","E","T","R","M","M","E","M","R","BOSS","M","M"],"items_purchased_type":[],"build_version":"2020-12-13","purchased_purges":0,"victory":false,"max_hp_per_floor":[72,72,72,72,72,72,72,72,72,72,72,72,72,72,72,72,72,72,72,72],"card_choices":[{"not_picked":["Thinking Ahead","Metamorphosis"],"picked":"Panache","floor":0},{"not_picked":["PathToVictory","EmptyFist"],"picked":"SandsOfTime","floor":1},{"not_picked":["InnerPeace","EmptyFist"],"picked":"Consecrate","floor":2},{"not_picked":["FlyingSleeves","EmptyFist"],"picked":"Halt","floor":3},{"not_picked":["EmptyFist","FollowUp"],"picked":"Prostrate","floor":5},{"not_picked":["TalkToTheHand","FollowUp"],"picked":"Scrawl","floor":6},{"not_picked":["Sanctity","PathToVictory","CarveReality"],"picked":"SKIP","floor":8},{"not_picked":["Evaluate","CutThroughFate","Swivel"],"picked":"SKIP","floor":11},{"not_picked":["Evaluate","CutThroughFate","Vengeance"],"picked":"SKIP","floor":12},{"not_picked":["ThirdEye","InnerPeace"],"picked":"Establishment","floor":13},{"not_picked":["JustLucky","Protect"],"picked":"FlurryOfBlows","floor":14},{"not_picked":["MasterReality","Judgement"],"picked":"LessonLearned","floor":16},{"not_picked":["ClearTheMind","Indignation","CutThroughFate"],"picked":"SKIP","floor":18}],"player_experience":2056988,"relics_obtained":[{"floor":6,"key":"The Courier"},{"floor":8,"key":"InkBottle"},{"floor":9,"key":"Pantograph"},{"floor":13,"key":"White Beast Statue"}],"event_choices":[{"damage_healed":0,"gold_gain":0,"player_choice":"Grow","damage_taken":0,"max_hp_gain":0,"max_hp_loss":0,"event_name":"Living Wall","floor":4,"gold_loss":0,"cards_upgraded":["Panache"]}],"is_beta":false,"boss_relics":[{"not_picked":["Runic Dome","SlaversCollar"],"picked":"HolyWater"}],"items_purged_floors":[],"is_endless":false,"potions_floor_spawned":[6,8,11,13,14,16,18,19],"killed_by":"Shell Parasite","ascension_level":13}}