{"host":"pew4fjlaqz7m1maf","time":1608603029,"event":{"mods":["AchievementEnabler","Act Like it!","Bartender","BaseMod","Bestiary","Better Match","Better Note","Block Reminder","Booster Modes","Colored Map","Colored Powertips","Curses Come First","DeckTracker","Duelist Mod","GifTheSpireLib","GungeonMod","Hallownest","Hero for Fun","Hyrulean Relics","Jedi Mod","LagranYue(ùfäiòNÅEåé)","Magitek Elite","MarisaÅiñ∂âJÅ@ñÇóùçπÅj","Melee Mod","Minty Spire (QoL Compilation)","Prisma Mod","Quick Restart","Random Character Button","Rare Cards Sparkle","Relic Stats","Replay The Spire","SOSÅiézîb?îVéqÅj","StSLib","Td1madao Mod","The Animator","The Blue Laboratory","The Bug Knight","The Mystic","The Servant 0.9.4","The Wild Card","TheHero","TheWitcher","Uncapped","Waifu the Spire","Åyå˜î\ModÅz?ñæìIç≈?Boss"],"gold_per_floor":[113,132,146,340,16,16,26,26,26,26,45,72,72,88,88,185,185,175,175],"floor_reached":18,"playtime":2037,"items_purged":["Defend_Y"],"score":262,"play_id":"bd428b4e-32da-41a8-9e82-0164089a63f5","local_time":"20201221191029","is_ascension_mode":false,"campfire_choices":[{"data":"DemoMod:ManualReload","floor":6.0,"key":"SMITH"},{"data":"DemoMod:RustySidearm","floor":8.0,"key":"SMITH"},{"data":"DemoMod:ThirdPartyController","floor":10.0,"key":"SMITH"},{"floor":15.0,"key":"REST"}],"circlet_count":0,"master_deck":["DemoMod:Strike_Huntress","DemoMod:Strike_Huntress","DemoMod:Strike_Huntress","DemoMod:Defend_Huntress","DemoMod:Defend_Huntress","DemoMod:Defend_Huntress","DemoMod:Defend_Huntress","DemoMod:Roll","DemoMod:ManualReload+1","DemoMod:RustySidearm+1","DemoMod:CrossBow","Defend_G","DemoMod:HuntsMan","DemoMod:HungryBullets","DemoMod:ThirdPartyController+1","ReplayTheSpireMod:Splinters","DemoMod:MachoBrace","DemoMod:DoubleSwitch","DemoMod:HungryBullets+1","DemoMod:SAA","DemoMod:HuntsMan","ReplayTheSpireMod:Trickstab","DemoMod:HuntsMan","DemoMod:FeignSurrender+1","DemoMod:TableSutra","Looming Evil","DemoMod:CursedBullets","DemoMod:FinishedGun","SnafuTest:CurseDisclosure","theDuelist:SummoningCurse","SnafuTest:CurseRiot"],"relics":["DemoMod:Dog","LagranYue:RandomDrawCardRelic","BargainBundle","DemoMod:GnawedKey","Ornamental Fan","Gremlin Food","Ring of Panic","ReplayTheSpireMod:Ring of Exchange","Replay:Ancient Bell","DemoMod:LamentConfigurum","Power_Wrist","Replay:Towering Pillar of Hats"],"acts_visited":["Exordium","TheCity"],"potions_floor_usage":[],"damage_taken":[{"damage":8.0,"enemies":"Jaw Worm","floor":1.0,"turns":6.0},{"damage":1.0,"enemies":"Small Slimes","floor":2.0,"turns":3.0},{"damage":0.0,"enemies":"2 Louse","floor":3.0,"turns":4.0},{"damage":0.0,"enemies":"Exordium Thugs","floor":7.0,"turns":4.0},{"damage":2.0,"enemies":"3 Louse","floor":11.0,"turns":2.0},{"damage":42.0,"enemies":"Lagavulin","floor":12.0,"turns":9.0},{"damage":19.0,"enemies":"Gremlin Gang","floor":14.0,"turns":5.0},{"damage":31.0,"enemies":"Slime Boss","floor":16.0,"turns":9.0},{"damage":70,"enemies":"Chosen","floor":18,"turns":5}],"seed_played":"-7873135590682154648","potions_obtained":[{"floor":2.0,"key":"blueLaboratory:FrostheartPotion"},{"floor":11.0,"key":"jedi:StrikingPotion"},{"floor":12.0,"key":"blueLaboratory:BottleOfRum"}],"is_trial":false,"path_per_floor":["M","M","M","?","$","R","M","R","T","R","M","E","?","M","R","B",null,"M"],"character_chosen":"HUNTRESS","items_purchased":["BargainBundle","DemoMod:DoubleSwitch","DemoMod:HungryBullets+1","DemoMod:SAA","DemoMod:HuntsMan","ReplayTheSpireMod:Trickstab","Elixir","Dexterity Potion","DemoMod:GnawedKey"],"campfire_rested":1,"item_purchase_floors":[5,5,5,5,5,5,5,5,5],"current_hp_per_floor":[76,75,75,75,75,75,75,75,75,75,73,31,31,12,37,6,84,14,14],"gold":175,"neow_bonus":"TWENTY_PERCENT_HP_BONUS","is_daily":false,"chose_seed":false,"campfire_upgraded":3,"win_rate":0.0,"timestamp":1608603029,"path_taken":["M","M","M","?","$","R","M","R","T","R","M","E","?","M","R","BOSS","M"],"items_purchased_type":["Relic","Card","Card","Card","Card","Card","Potion","Potion","Relic"],"build_version":"2020-12-13","purchased_purges":1,"victory":false,"max_hp_per_floor":[84,84,84,84,84,84,84,84,84,84,84,84,84,84,84,84,84,84,84],"relic_stats":{"counters":[9,47],"Ornamental Fan":[44],"obtain_stats":[{"Gremlin Food":12,"ReplayTheSpireMod:Ring of Exchange":13,"BargainBundle":5,"DemoMod:Dog":0,"LagranYue:RandomDrawCardRelic":0,"Replay:Towering Pillar of Hats":17,"DemoMod:GlassGuonStoneRelic":2,"Replay:Ancient Bell":17,"Power_Wrist":17,"Ornamental Fan":9,"DemoMod:LamentConfigurum":17,"DemoMod:GnawedKey":5,"Ring of Panic":13},{"Gremlin Food":6,"ReplayTheSpireMod:Ring of Exchange":6,"BargainBundle":3,"DemoMod:Dog":0,"LagranYue:RandomDrawCardRelic":0,"Replay:Towering Pillar of Hats":8,"DemoMod:GlassGuonStoneRelic":2,"Replay:Ancient Bell":8,"Power_Wrist":8,"Ornamental Fan":4,"DemoMod:LamentConfigurum":8,"DemoMod:GnawedKey":3,"Ring of Panic":6},{"Gremlin Food":28,"ReplayTheSpireMod:Ring of Exchange":28,"BargainBundle":13,"DemoMod:Dog":0,"LagranYue:RandomDrawCardRelic":0,"Replay:Towering Pillar of Hats":42,"DemoMod:GlassGuonStoneRelic":9,"Replay:Ancient Bell":42,"Power_Wrist":42,"Ornamental Fan":17,"DemoMod:LamentConfigurum":42,"DemoMod:GnawedKey":13,"Ring of Panic":28}]},"card_choices":[{"not_picked":["DemoMod:ConditionalReflex","DemoMod:EasyReloadBullets"],"picked":"DemoMod:HuntsMan","floor":1.0},{"not_picked":["DemoMod:HardPowerCard","DemoMod:ConditionalReflex"],"picked":"DemoMod:HungryBullets","floor":2.0},{"not_picked":["DemoMod:PotionOfGunFriendShip","DemoMod:ZorGun"],"picked":"DemoMod:ThirdPartyController","floor":3.0},{"not_picked":["DemoMod:ChanceBullets","DemoMod:AbyssalTentacle"],"picked":"DemoMod:MachoBrace","floor":4.0},{"not_picked":["DemoMod:BoxingGlove","DemoMod:HighKaliber"],"picked":"DemoMod:HuntsMan","floor":7.0},{"not_picked":["DemoMod:GunstockTap","DemoMod:DirectionalPad"],"picked":"DemoMod:FeignSurrender","floor":11.0},{"not_picked":["DemoMod:SniperShot","DemoMod:BoxingGlove"],"picked":"DemoMod:TableSutra","floor":12.0},{"not_picked":["DemoMod:ShadowBullets","DemoMod:ChanceBullets"],"picked":"DemoMod:CursedBullets","floor":14.0},{"not_picked":["DemoMod:SuppressiveFire","DemoMod:Desperate"],"picked":"DemoMod:FinishedGun","floor":16.0},{"not_picked":["theDuelist:VampireCurse","SnafuTest:CurseImprisonment"],"picked":"SnafuTest:CurseDisclosure","floor":17.0},{"not_picked":["Sickly","Spreading Infection"],"picked":"theDuelist:SummoningCurse","floor":17.0},{"not_picked":["Normality","theDuelist:CurseArmaments"],"picked":"SnafuTest:CurseRiot","floor":17.0}],"player_experience":94781,"relics_obtained":[{"floor":9.0,"key":"Ornamental Fan"},{"floor":12.0,"key":"Gremlin Food"},{"floor":13.0,"key":"Ring of Panic"},{"floor":13.0,"key":"ReplayTheSpireMod:Ring of Exchange"}],"event_choices":[],"is_beta":false,"boss_relics":[{"not_picked":["Painkiller Herb","Membership Card"],"picked":"Replay:Ancient Bell"},{"not_picked":["Potion Belt","Blood Vial"],"picked":"DemoMod:LamentConfigurum"},{"not_picked":["ReplayTheSpireMod:Ninjato","InkBottle"],"picked":"Power_Wrist"},{"not_picked":["DemoMod:VorpalBullet","DemoMod:BigBoy"],"picked":"Replay:Towering Pillar of Hats"}],"items_purged_floors":[5],"is_endless":false,"potions_floor_spawned":[2,11,12],"killed_by":"Chosen","ascension_level":0}}