{"host":"ffm36ba59us8r0su","time":1608674816,"event":{"mods":["AchievementEnabler","BaseMod","Curses Come First","DeckTracker","Minty Spire (QoL Compilation)","Relic Stats","StSLib"],"gold_per_floor":[117,117,8,27,43,43,75,85,110,110,128,128,148,175,175,175,175],"floor_reached":16,"playtime":1220,"items_purged":["Regret"],"score":212,"play_id":"2ec7199d-fa0c-4d1b-a352-b4c79788f965","local_time":"20201222140656","is_ascension_mode":true,"campfire_choices":[{"data":"Apotheosis","floor":6,"key":"SMITH"},{"floor":10,"key":"REST"},{"floor":12,"key":"REST"},{"floor":15,"key":"REST"}],"circlet_count":0,"master_deck":["AscendersBane","Strike_B","Strike_B","Strike_B","Strike_B","Defend_B","Defend_B","Defend_B","Defend_B","Zap","Dualcast","Apotheosis+1","Doubt","Zap","Hologram","White Noise","Cold Snap","Genetic Algorithm","Conserve Battery","Hologram"],"relics":["Cracked Core","Ancient Tea Set","Bag of Preparation","Happy Flower"],"acts_visited":["Exordium"],"potions_floor_usage":[14,16,16],"damage_taken":[{"damage":3,"enemies":"2 Louse","floor":1,"turns":2},{"damage":6,"enemies":"Cultist","floor":4,"turns":3},{"damage":10,"enemies":"Small Slimes","floor":5,"turns":3},{"damage":42,"enemies":"Gremlin Nob","floor":7,"turns":5},{"damage":5,"enemies":"Red Slaver","floor":8,"turns":4},{"damage":6,"enemies":"3 Louse","floor":11,"turns":4},{"damage":0,"enemies":"Large Slime","floor":13,"turns":4},{"damage":0,"enemies":"Lagavulin","floor":14,"turns":6},{"damage":64,"enemies":"Hexaghost","floor":16,"turns":16}],"seed_played":"7881511781234805557","potions_obtained":[{"floor":4,"key":"Block Potion"},{"floor":11,"key":"ColorlessPotion"},{"floor":14,"key":"LiquidMemories"}],"is_trial":false,"path_per_floor":["M","?","$","M","M","R","E","M","T","R","M","R","M","E","R","B"],"character_chosen":"DEFECT","items_purchased":["White Noise"],"campfire_rested":3,"item_purchase_floors":[3],"current_hp_per_floor":[65,65,65,59,49,49,7,2,2,24,18,40,40,40,62,0,0],"gold":175,"neow_bonus":"RANDOM_COLORLESS_2","is_daily":false,"chose_seed":false,"campfire_upgraded":1,"win_rate":0.0,"timestamp":1608674816,"path_taken":["M","?","$","?","M","R","E","M","T","R","M","R","M","E","R","BOSS"],"items_purchased_type":["Card"],"build_version":"2020-12-13","purchased_purges":1,"victory":false,"max_hp_per_floor":[75,75,75,75,75,75,75,75,75,75,75,75,75,75,75,75,75],"relic_stats":{"Happy Flower":[5],"counters":[9,46],"Bag of Preparation":[8],"obtain_stats":[{"Happy Flower":14,"Bag of Preparation":9,"Cracked Core":0,"Ancient Tea Set":7},{"Happy Flower":8,"Bag of Preparation":5,"Cracked Core":0,"Ancient Tea Set":4},{"Happy Flower":30,"Bag of Preparation":17,"Cracked Core":0,"Ancient Tea Set":13}]},"card_choices":[{"not_picked":["Thinking Ahead","Chrysalis"],"picked":"Apotheosis","floor":0},{"not_picked":["Aggregate","Fusion","Hello World"],"picked":"SKIP","floor":1},{"not_picked":["Stack","Ball Lightning"],"picked":"Cold Snap","floor":4},{"not_picked":["Turbo","Skim","Aggregate"],"picked":"SKIP","floor":5},{"not_picked":["Streamline","Conserve Battery"],"picked":"Genetic Algorithm","floor":7},{"not_picked":["Beam Cell","Turbo","Lockon"],"picked":"SKIP","floor":8},{"not_picked":["Steam Power","Recycle"],"picked":"Conserve Battery","floor":11},{"not_picked":["Hello World","Stack"],"picked":"Hologram","floor":13},{"not_picked":["Amplify","Reprogram","Beam Cell"],"picked":"SKIP","floor":14}],"player_experience":848056,"relics_obtained":[{"floor":7,"key":"Ancient Tea Set"},{"floor":9,"key":"Bag of Preparation"},{"floor":14,"key":"Happy Flower"}],"event_choices":[{"damage_healed":0,"gold_gain":0,"player_choice":"3 cards matched","damage_taken":0,"max_hp_gain":0,"max_hp_loss":0,"event_name":"Match and Keep!","floor":2,"gold_loss":0,"cards_obtained":["Doubt","Zap","Hologram"]}],"is_beta":false,"boss_relics":[],"items_purged_floors":[3],"is_endless":false,"potions_floor_spawned":[4,11,14],"killed_by":"Hexaghost","ascension_level":11}}