{"host":"vyt5ne9ydo1z9gg1","time":1608629023,"event":{"mods":["BaseMod","Curses Come First","DeckTracker","GifTheSpireLib","Minty Spire (QoL Compilation)","StSLib"],"gold_per_floor":[113,113,129,141,141,166,166,176,199,217,217,229,229,249,249,345,345,360,360,370,370,380,380,393,421,421,451,461,471,381,391,391,489,489,506,506,522,185,202,202,220,220,220,234,264,264,281,295,295,295,295],"floor_reached":50,"playtime":3542,"items_purged":["Storm of Steel"],"score":684,"play_id":"5916a1ee-62e6-4526-95aa-7f8ecef904cb","local_time":"20201222202343","is_ascension_mode":true,"campfire_choices":[{"floor":7.0,"key":"REST"},{"data":"Tools of the Trade","floor":11.0,"key":"SMITH"},{"data":"Accuracy","floor":13,"key":"SMITH"},{"data":"Dash","floor":15,"key":"SMITH"},{"floor":23,"key":"REST"},{"floor":32,"key":"REST"},{"floor":40,"key":"REST"},{"floor":42,"key":"REST"},{"floor":46,"key":"RECALL"},{"data":"Blur","floor":49,"key":"SMITH"}],"circlet_count":0,"master_deck":["Survivor+1","Neutralize+1","Masterful Stab","Blade Dance","Dash+1","Tools of the Trade+1","Accuracy+1","Terror","Blade Dance","Dagger Spray","Adrenaline","Sucker Punch+1","Glass Knife","Expertise","Noxious Fumes+1","Malaise","Storm of Steel","Caltrops","Quick Slash","Distraction","Blur+1","PiercingWail","PiercingWail","Blade Dance+1","Footwork","Escape Plan","Wraith Form v2"],"relics":["SlaversCollar","Dream Catcher","Busted Crown","Nloth\u0027s Gift","Centennial Puzzle","Bottled Flame","Pandora\u0027s Box","PreservedInsect","Meat on the Bone","Happy Flower"],"acts_visited":["Exordium","TheCity","TheBeyond"],"potions_floor_usage":[16,18,27,31,41,45,50,50,50,50],"damage_taken":[{"damage":8.0,"enemies":"Small Slimes","floor":1.0,"turns":5.0},{"damage":0.0,"enemies":"Cultist","floor":3.0,"turns":3.0},{"damage":0.0,"enemies":"2 Louse","floor":4.0,"turns":1.0},{"damage":21.0,"enemies":"Lagavulin","floor":6.0,"turns":8.0},{"damage":0.0,"enemies":"Red Slaver","floor":8.0,"turns":2.0},{"damage":6.0,"enemies":"Looter","floor":10.0,"turns":3.0},{"damage":0.0,"enemies":"2 Fungi Beasts","floor":12.0,"turns":2.0},{"damage":0,"enemies":"Large Slime","floor":14,"turns":4},{"damage":7,"enemies":"The Guardian","floor":16,"turns":10},{"damage":0,"enemies":"3 Byrds","floor":18,"turns":3},{"damage":7,"enemies":"Chosen","floor":20,"turns":3},{"damage":7,"enemies":"Centurion and Healer","floor":22,"turns":5},{"damage":0,"enemies":"Chosen and Byrds","floor":24,"turns":5},{"damage":20,"enemies":"Gremlin Leader","floor":25,"turns":5},{"damage":0,"enemies":"Book of Stabbing","floor":27,"turns":3},{"damage":16,"enemies":"Snake Plant","floor":28,"turns":4},{"damage":8,"enemies":"Shelled Parasite and Fungi","floor":29,"turns":3},{"damage":0,"enemies":"Centurion and Healer","floor":31,"turns":4},{"damage":32,"enemies":"Collector","floor":33,"turns":9},{"damage":17,"enemies":"3 Darklings","floor":35,"turns":3},{"damage":17,"enemies":"Orb Walker","floor":37,"turns":3},{"damage":20,"enemies":"Writhing Mass","floor":39,"turns":6},{"damage":6,"enemies":"Spire Growth","floor":41,"turns":4},{"damage":3,"enemies":"Maw","floor":44,"turns":5},{"damage":7,"enemies":"Reptomancer","floor":45,"turns":5},{"damage":2,"enemies":"Transient","floor":47,"turns":5},{"damage":3,"enemies":"Jaw Worm Horde","floor":48,"turns":4},{"damage":97,"enemies":"Awakened One","floor":50,"turns":8}],"seed_played":"-3492809642484804983","potions_obtained":[{"floor":3.0,"key":"GamblersBrew"},{"floor":4.0,"key":"SkillPotion"},{"floor":6.0,"key":"LiquidBronze"},{"floor":12.0,"key":"SneckoOil"},{"floor":16,"key":"PowerPotion"},{"floor":24,"key":"Dexterity Potion"},{"floor":28,"key":"EntropicBrew"},{"floor":31,"key":"FairyPotion"},{"floor":33,"key":"SpeedPotion"},{"floor":41,"key":"CunningPotion"}],"is_trial":false,"path_per_floor":["M","?","M","M","?","E","R","M","T","M","R","M","R","M","R","B",null,"M","?","M","?","M","R","M","E","T","E","M","M","?","M","R","B",null,"M","?","M","$","M","R","M","R","T","M","E","R","M","M","R","B"],"character_chosen":"THE_SILENT","items_purchased":["Footwork","PreservedInsect","Escape Plan"],"campfire_rested":5,"item_purchase_floors":[38,38,38],"current_hp_per_floor":[62,48,48,48,48,27,48,48,48,42,42,42,42,42,42,35,61,61,61,54,54,47,68,68,48,48,48,32,24,24,24,45,13,56,39,39,22,22,2,23,17,38,38,47,40,40,38,47,47,0,0],"gold":295,"neow_bonus":"BOSS_RELIC","is_daily":false,"chose_seed":false,"campfire_upgraded":4,"win_rate":0.0,"timestamp":1608629023,"path_taken":["M","?","M","M","?","E","R","?","T","M","R","M","R","M","R","BOSS","M","?","?","?","M","R","M","E","T","E","M","M","?","M","R","BOSS","M","?","M","$","M","R","M","R","T","M","E","R","M","M","R","BOSS"],"items_purchased_type":["Card","Relic","Card"],"build_version":"2020-12-13","purchased_purges":1,"victory":false,"max_hp_per_floor":[70,70,70,70,70,70,70,70,70,70,70,70,70,70,70,70,70,70,70,70,70,70,70,70,70,70,70,70,70,70,70,70,70,70,70,70,70,70,70,70,70,70,70,70,70,70,70,70,70,70,70],"card_choices":[{"not_picked":["Outmaneuver","Deflect"],"picked":"Masterful Stab","floor":1.0},{"not_picked":["Dodge and Roll","Finisher"],"picked":"Blade Dance","floor":3.0},{"not_picked":["Wraith Form v2","Acrobatics"],"picked":"Dash","floor":4.0},{"not_picked":["Storm of Steel","Deadly Poison"],"picked":"Accuracy","floor":6.0},{"not_picked":["Outmaneuver","Well Laid Plans"],"picked":"Terror","floor":8.0},{"not_picked":["Sucker Punch","Cloak And Dagger"],"picked":"Blade Dance","floor":10.0},{"not_picked":["Dodge and Roll","Tools of the Trade"],"picked":"Dagger Spray","floor":12.0},{"not_picked":["Riddle With Holes","Sucker Punch","Bane"],"picked":"SKIP","floor":14},{"not_picked":["Night Terror","Doppelganger"],"picked":"Adrenaline","floor":16},{"not_picked":[],"picked":"Sucker Punch+1","floor":18},{"not_picked":["Dagger Spray"],"picked":"SKIP","floor":20},{"not_picked":["Prepared"],"picked":"SKIP","floor":22},{"not_picked":["Poisoned Stab+1"],"picked":"SKIP","floor":24},{"not_picked":[],"picked":"Noxious Fumes+1","floor":25},{"not_picked":["Masterful Stab"],"picked":"SKIP","floor":27},{"not_picked":["Prepared"],"picked":"SKIP","floor":28},{"not_picked":[],"picked":"Malaise","floor":29},{"not_picked":["Eviscerate"],"picked":"SKIP","floor":31},{"not_picked":[],"picked":"Storm of Steel","floor":33},{"not_picked":[],"picked":"Blade Dance+1","floor":35},{"not_picked":["PiercingWail+1"],"picked":"SKIP","floor":37},{"not_picked":["Well Laid Plans"],"picked":"SKIP","floor":39},{"not_picked":[],"picked":"Wraith Form v2","floor":41},{"not_picked":["Flying Knee"],"picked":"SKIP","floor":44},{"not_picked":["Well Laid Plans"],"picked":"SKIP","floor":45},{"not_picked":["Bane"],"picked":"SKIP","floor":47},{"not_picked":["Slice"],"picked":"SKIP","floor":48}],"player_experience":126906,"relics_obtained":[{"floor":6.0,"key":"Orichalcum"},{"floor":9.0,"key":"Dream Catcher"},{"floor":25,"key":"Centennial Puzzle"},{"floor":27,"key":"Bottled Flame"},{"floor":43,"key":"Meat on the Bone"},{"floor":45,"key":"Happy Flower"}],"event_choices":[{"damage_healed":0.0,"max_hp_gain":0.0,"max_hp_loss":0.0,"gold_gain":0.0,"event_name":"Shining Light","player_choice":"Entered Light","floor":2.0,"gold_loss":0.0,"damage_taken":14.0,"cards_upgraded":["Neutralize","Survivor"]},{"damage_healed":0.0,"max_hp_gain":0.0,"max_hp_loss":0.0,"gold_gain":0.0,"event_name":"Match and Keep!","player_choice":"1 cards matched","floor":5.0,"gold_loss":0.0,"damage_taken":0.0,"cards_obtained":["Tools of the Trade"]},{"damage_healed":0,"gold_gain":0,"player_choice":"Traded Relic","damage_taken":0,"relics_obtained":["Nloth\u0027s Gift"],"max_hp_gain":0,"max_hp_loss":0,"event_name":"N\u0027loth","floor":19,"relics_lost":["Orichalcum"],"gold_loss":0},{"damage_healed":0,"gold_gain":0,"cards_transformed":["Defend_G","Strike_G"],"player_choice":"Became Test Subject","damage_taken":0,"max_hp_gain":0,"max_hp_loss":0,"event_name":"Drug Dealer","floor":21,"gold_loss":0,"cards_obtained":["Glass Knife","Expertise"]},{"cards_removed":["Strike_G"],"damage_healed":0,"gold_gain":0,"player_choice":"Upgrade and Remove","damage_taken":0,"max_hp_gain":0,"max_hp_loss":0,"event_name":"Designer","floor":30,"gold_loss":90,"cards_upgraded":["Defend_G"]},{"damage_healed":0,"gold_gain":0,"player_choice":"Ignored","damage_taken":0,"max_hp_gain":0,"max_hp_loss":0,"event_name":"Tomb of Lord Red Mask","floor":36,"gold_loss":0}],"is_beta":false,"boss_relics":[{"not_picked":["Sozu","Coffee Dripper"],"picked":"Busted Crown"},{"not_picked":["Philosopher\u0027s Stone","HoveringKite"],"picked":"Pandora\u0027s Box"}],"items_purged_floors":[38],"is_endless":false,"potions_floor_spawned":[3,4,6,12,16,24,28,31,33,39,41,44],"killed_by":"Awakened One","ascension_level":5}}