{"host":"0vd2boh2oi7jm085","time":1608632305,"event":{"mods":["BaseMod","Colored Map","Colored Powertips","Highlight Path","Minty Spire (QoL Compilation)","Quick Restart","StSLib","The IronCluck"],"gold_per_floor":[361,381,381,381,381,381,401,401,427,439,459,459,609,609,609,609,609],"floor_reached":16,"playtime":317,"items_purged":[],"score":171,"play_id":"a3fc9cdd-376b-4fda-8f92-622cc29f9789","local_time":"20201222021825","is_ascension_mode":true,"campfire_choices":[{"data":"Bash","floor":6,"key":"SMITH"},{"data":"Defend_R","floor":8,"key":"SMITH"},{"floor":12,"key":"REST"},{"data":"Defend_R","floor":15,"key":"SMITH"}],"circlet_count":0,"master_deck":["AscendersBane","Strike_R","Strike_R","Strike_R","Strike_R","Strike_R","Defend_R+1","Defend_R+1","Defend_R+1","Defend_R+1","Bash+1","Entrench+1","Doubt"],"relics":["Burning Blood","War Paint","Pen Nib"],"acts_visited":["Exordium"],"potions_floor_usage":[16,16],"damage_taken":[{"damage":17.0,"enemies":"Small Slimes","floor":1.0,"turns":4.0},{"damage":9,"enemies":"Jaw Worm","floor":2,"turns":4},{"damage":2,"enemies":"Cultist","floor":7,"turns":4},{"damage":12,"enemies":"3 Louse","floor":10,"turns":5},{"damage":22,"enemies":"Exordium Wildlife","floor":11,"turns":7},{"damage":52,"enemies":"Slime Boss","floor":16,"turns":11}],"seed_played":"-3736986108438920185","potions_obtained":[{"floor":7,"key":"DistilledChaos"},{"floor":10,"key":"SteroidPotion"}],"is_trial":false,"path_per_floor":["M","M","?","$","?","R","M","R","T","M","M","R","?","T","R","B"],"character_chosen":"IRONCLAD","items_purchased":[],"campfire_rested":1,"item_purchase_floors":[],"current_hp_per_floor":[39,36,61,61,61,61,65,65,65,59,43,65,65,65,65,13,13],"gold":609,"neow_bonus":"TWO_FIFTY_GOLD","is_daily":false,"chose_seed":false,"campfire_upgraded":3,"win_rate":0.0,"timestamp":1608632305,"path_taken":["M","M","?","$","?","R","M","R","T","?","M","R","?","?","R","BOSS"],"items_purchased_type":[],"build_version":"2020-12-13","purchased_purges":0,"victory":false,"max_hp_per_floor":[75,75,75,75,75,75,75,75,75,75,75,75,75,75,75,75,75],"card_choices":[{"not_picked":["Clothesline","Clash"],"picked":"Entrench","floor":1.0},{"not_picked":["Warcry","Pommel Strike","Cleave"],"picked":"SKIP","floor":2},{"not_picked":["Cleave","Clothesline","Fire Breathing"],"picked":"SKIP","floor":7},{"not_picked":["Hemokinesis","Wild Strike","Blood for Blood"],"picked":"SKIP","floor":10},{"not_picked":["Disarm","Pummel","Spot Weakness"],"picked":"SKIP","floor":11}],"player_experience":99111,"relics_obtained":[{"floor":9,"key":"War Paint"},{"floor":14,"key":"Pen Nib"}],"event_choices":[{"damage_healed":25,"gold_gain":0,"player_choice":"Banana","damage_taken":0,"max_hp_gain":0,"max_hp_loss":0,"event_name":"Big Fish","floor":3,"gold_loss":0},{"damage_healed":0,"gold_gain":0,"player_choice":"Upgraded","damage_taken":0,"max_hp_gain":0,"max_hp_loss":0,"event_name":"Upgrade Shrine","floor":5,"gold_loss":0,"cards_upgraded":["Entrench"]},{"damage_healed":0,"gold_gain":150,"player_choice":"AGREE","damage_taken":0,"max_hp_gain":0,"max_hp_loss":0,"event_name":"Liars Game","floor":13,"gold_loss":0,"cards_obtained":["Doubt"]}],"is_beta":false,"boss_relics":[],"items_purged_floors":[],"is_endless":false,"potions_floor_spawned":[7,10],"killed_by":"Slime Boss","ascension_level":18}}