{"host":"jksa5rawk3m4gilz","time":1608654783,"event":{"mods":["BaseMod","Colored Map","Highlight Path","Minty Spire (QoL Compilation)","Quick Restart"],"gold_per_floor":[117,192,192,212,212,243,243,274,300,300,300],"floor_reached":10,"playtime":266,"items_purged":[],"score":122,"play_id":"9f2f75a9-4eba-43aa-b653-4bcaeb67388e","local_time":"20201222173303","is_ascension_mode":true,"campfire_choices":[{"floor":7,"key":"REST"}],"circlet_count":0,"master_deck":["AscendersBane","Strike_P","Strike_P","Strike_P","Strike_P","Defend_P","Defend_P","Defend_P","Defend_P","Eruption","Vigilance","Trip+1","Conclude","EmptyFist","ClearTheMind","Worship"],"relics":["PureWater","Tiny Chest","Unceasing Top","Bronze Scales"],"acts_visited":["Exordium"],"potions_floor_usage":[],"damage_taken":[{"damage":0,"enemies":"Small Slimes","floor":1,"turns":2},{"damage":0,"enemies":"Jaw Worm","floor":4,"turns":2},{"damage":31,"enemies":"Lagavulin","floor":6,"turns":6},{"damage":28,"enemies":"Gremlin Nob","floor":8,"turns":4},{"damage":32,"enemies":"3 Sentries","floor":10,"turns":6}],"seed_played":"1105962785991300877","potions_obtained":[{"floor":1,"key":"SpeedPotion"}],"is_trial":false,"path_per_floor":["M","?","?","M","?","E","R","E","T","E"],"character_chosen":"WATCHER","items_purchased":[],"campfire_rested":1,"item_purchase_floors":[],"current_hp_per_floor":[65,54,54,54,59,28,51,23,23,0,0],"gold":300,"neow_bonus":"RANDOM_COLORLESS","is_daily":false,"chose_seed":false,"campfire_upgraded":0,"win_rate":0.0,"timestamp":1608654783,"path_taken":["M","?","?","M","?","E","R","E","T","E"],"items_purchased_type":[],"build_version":"2020-12-13","purchased_purges":0,"victory":false,"max_hp_per_floor":[72,72,72,72,77,77,77,77,77,77,77],"card_choices":[{"not_picked":["Dramatic Entrance","Finesse"],"picked":"Trip","floor":0},{"not_picked":["FearNoEvil","Prostrate"],"picked":"Conclude","floor":1},{"not_picked":["ClearTheMind","JustLucky"],"picked":"EmptyFist","floor":4},{"not_picked":["EmptyFist","MentalFortress"],"picked":"ClearTheMind","floor":6},{"not_picked":["ClearTheMind","Evaluate"],"picked":"Worship","floor":8}],"player_experience":2056722,"relics_obtained":[{"floor":6,"key":"Tiny Chest"},{"floor":8,"key":"Unceasing Top"},{"floor":9,"key":"Bronze Scales"}],"event_choices":[{"damage_healed":0,"gold_gain":75,"player_choice":"Gather Gold","damage_taken":11,"max_hp_gain":0,"max_hp_loss":0,"event_name":"World of Goop","floor":2,"gold_loss":0},{"damage_healed":0,"gold_gain":0,"player_choice":"Grow","damage_taken":0,"max_hp_gain":0,"max_hp_loss":0,"event_name":"Living Wall","floor":3,"gold_loss":0,"cards_upgraded":["Trip"]},{"damage_healed":0,"gold_gain":0,"player_choice":"Donut","damage_taken":0,"max_hp_gain":5,"max_hp_loss":0,"event_name":"Big Fish","floor":5,"gold_loss":0}],"is_beta":false,"boss_relics":[],"items_purged_floors":[],"is_endless":false,"potions_floor_spawned":[1],"killed_by":"3 Sentries","ascension_level":13}}