{"host":"in0wrqv1d65r4vfd","time":1608598275,"event":{"mods":["BaseMod","Downfall","Minty Spire (QoL Compilation)","Relic Stats","Replay The Spire","StSLib"],"gold_per_floor":[99,109,109,109,209,7,7,23,23,54,71,71,71,71,83,83,95,95,95,95],"floor_reached":18,"playtime":1429,"items_purged":[],"score":135,"play_id":"2018a14a-ba2b-4030-887b-b5dc7e53fa32","local_time":"20201221195115","is_ascension_mode":false,"campfire_choices":[{"floor":1.0,"key":"RECALL"}],"circlet_count":0,"master_deck":["champ:Strike","champ:Strike","champ:Strike","champ:Defend","champ:Defend","champ:Defend","champ:Defend","champ:Execute","champ:Taunt","champ:BerserkersShout","champ:BringItOn","champ:HoldFirm","champ:DefensiveShout","champ:GutPunch","champ:DeathBlow","champ:EnragedBash","champ:BladeFlurry","champ:Devastate","champ:AdrenalArmor"],"relics":["champ:ChampionCrown","Anchor","Toy Ornithopter"],"acts_visited":["Exordium"],"potions_floor_usage":[18],"damage_taken":[{"damage":12.0,"enemies":"Jaw Worm","floor":2.0,"turns":6.0},{"damage":13,"enemies":"downfall:FleeingMerchant","floor":6,"turns":4},{"damage":13,"enemies":"Small Slimes","floor":8,"turns":4},{"damage":42,"enemies":"Replay:BlueRogue","floor":10,"turns":7},{"damage":19,"enemies":"Cultist","floor":11,"turns":4},{"damage":10,"enemies":"Red Slaver","floor":15,"turns":3},{"damage":36,"enemies":"Large Slime","floor":17,"turns":6},{"damage":101,"enemies":"downfall:Defect","floor":18,"turns":8}],"seed_played":"7199977430728976098","potions_obtained":[{"floor":8,"key":"Cursed Concoction"},{"floor":10,"key":"Fire Potion"},{"floor":17,"key":"SpeedPotion"}],"is_trial":false,"path_per_floor":["R","M","?","?","?","$","T","M","?","E","M","PTL","PTL","?","M","?","M","B"],"character_chosen":"THE_CHAMP","items_purchased":["champ:HoldFirm","champ:DefensiveShout"],"campfire_rested":0,"item_purchase_floors":[6,6],"current_hp_per_floor":[99,97,85,85,85,85,95,95,95,78,78,78,78,63,63,63,54,0,0,0],"gold":95,"neow_bonus":"TEN_PERCENT_HP_BONUS","is_daily":false,"chose_seed":false,"campfire_upgraded":0,"win_rate":0.0,"timestamp":1608598275,"path_taken":["R","M","?","?","?","$","T","M","?","E","M","PTL","PTL","?","?","?","M","BOSS"],"items_purchased_type":["Card","Card"],"build_version":"2020-12-13","purchased_purges":0,"victory":false,"max_hp_per_floor":[99,99,99,99,99,99,109,109,109,109,109,109,109,109,109,109,109,109,109,109],"relic_stats":{"counters":[8,42],"obtain_stats":[{"Anchor":3,"Pear":7,"champ:ChampionCrown":0,"Toy Ornithopter":10},{"Anchor":1,"Pear":2,"champ:ChampionCrown":0,"Toy Ornithopter":4},{"Anchor":6,"Pear":10,"champ:ChampionCrown":0,"Toy Ornithopter":21}],"Toy Ornithopter":5},"card_choices":[{"not_picked":["champ:IronFortress","champ:GladiatorStyle"],"picked":"champ:BerserkersShout","floor":2.0},{"not_picked":["champ:TornadoPunch","champ:BladeFlurry"],"picked":"champ:BringItOn","floor":6},{"not_picked":["champ:Backstep","champ:CrookedStrike"],"picked":"champ:GutPunch","floor":8},{"not_picked":["champ:TornadoPunch","champ:BringItOn"],"picked":"champ:DeathBlow","floor":10},{"not_picked":["champ:IronFortress","champ:Riposte"],"picked":"champ:EnragedBash","floor":11},{"not_picked":["champ:BerserkersShout","champ:TornadoPunch"],"picked":"champ:BladeFlurry","floor":15},{"not_picked":["champ:CalledShot","champ:PerfectedStrike"],"picked":"champ:AdrenalArmor","floor":17}],"player_experience":903570,"relics_obtained":[{"floor":7,"key":"Pear"},{"floor":10,"key":"Toy Ornithopter"}],"event_choices":[{"damage_healed":0.0,"max_hp_gain":0.0,"max_hp_loss":0.0,"gold_gain":0.0,"event_name":"Scrap Ooze","player_choice":"Success","floor":3.0,"gold_loss":0.0,"damage_taken":12.0,"relics_obtained":["Anchor"]},{"cards_removed":["champ:Strike"],"damage_healed":0.0,"max_hp_gain":0.0,"max_hp_loss":0.0,"gold_gain":0.0,"event_name":"The Cleric","player_choice":"Card Removal","floor":4.0,"gold_loss":0.0,"damage_taken":0.0}],"is_beta":false,"boss_relics":[],"items_purged_floors":[],"is_endless":false,"potions_floor_spawned":[8,10,17],"killed_by":"downfall:Defect","ascension_level":0}}