{"host":"4edbuligkc8x13l4","time":1608643548,"event":{"mods":["BaseMod","Minty Spire (QoL Compilation)","StSLib","SuperFastMode"],"gold_per_floor":[116,130,51,71,81,81,94,19,67,67,97,110,124,154,154,154,154],"floor_reached":16,"playtime":535,"items_purged":["Strike_R"],"score":211,"play_id":"baa35d8c-04b1-4dec-88e8-7fe15343e609","local_time":"20201222212548","is_ascension_mode":true,"campfire_choices":[{"data":"Armaments","floor":6.0,"key":"SMITH"},{"data":"Body Slam","floor":10.0,"key":"SMITH"},{"data":"Armaments","floor":15.0,"key":"SMITH"}],"circlet_count":0,"master_deck":["AscendersBane","Strike_R","Strike_R","Strike_R","Strike_R","Defend_R","Defend_R","Defend_R","Defend_R","Bash","Burning Pact","Body Slam+1","Sword Boomerang","Flex","Armaments+1","Inflame","Flame Barrier","Heavy Blade","Second Wind","Armaments+1","Sword Boomerang"],"relics":["Burning Blood","Blood Vial","Mercury Hourglass","Tiny Chest"],"acts_visited":["Exordium"],"potions_floor_usage":[16],"damage_taken":[{"damage":2.0,"enemies":"Cultist","floor":1.0,"turns":4.0},{"damage":4.0,"enemies":"2 Louse","floor":2.0,"turns":3.0},{"damage":7.0,"enemies":"Jaw Worm","floor":4.0,"turns":3.0},{"damage":13.0,"enemies":"Exordium Thugs","floor":5.0,"turns":5.0},{"damage":12.0,"enemies":"Exordium Wildlife","floor":7.0,"turns":3.0},{"damage":12.0,"enemies":"Lagavulin","floor":11.0,"turns":5.0},{"damage":5.0,"enemies":"Red Slaver","floor":12.0,"turns":3.0},{"damage":6.0,"enemies":"Looter","floor":13.0,"turns":2.0},{"damage":22.0,"enemies":"3 Sentries","floor":14.0,"turns":7.0},{"damage":46,"enemies":"The Guardian","floor":16,"turns":10}],"seed_played":"1172456924864668012","potions_obtained":[{"floor":1.0,"key":"Weak Potion"},{"floor":2.0,"key":"DistilledChaos"},{"floor":12.0,"key":"SpeedPotion"}],"is_trial":false,"path_per_floor":["M","M","$","M","M","R","M","$","T","R","E","M","M","E","R","B"],"character_chosen":"IRONCLAD","items_purchased":["Sword Boomerang","Flex"],"campfire_rested":0,"item_purchase_floors":[3,3],"current_hp_per_floor":[68,70,70,69,62,62,56,56,56,56,52,55,57,43,43,0,0],"gold":154,"neow_bonus":"TWENTY_PERCENT_HP_BONUS","is_daily":false,"chose_seed":false,"campfire_upgraded":3,"win_rate":0.0,"timestamp":1608643548,"path_taken":["M","?","$","M","M","R","M","$","T","R","E","M","M","E","R","BOSS"],"items_purchased_type":["Card","Card"],"build_version":"2020-12-13","purchased_purges":1,"victory":false,"max_hp_per_floor":[89,89,89,89,89,89,89,89,89,89,89,89,89,89,89,89,89],"card_choices":[{"not_picked":["Iron Wave","Headbutt"],"picked":"Burning Pact","floor":1.0},{"not_picked":["Whirlwind","Dark Embrace"],"picked":"Body Slam","floor":2.0},{"not_picked":["Whirlwind","Pummel"],"picked":"Armaments","floor":4.0},{"not_picked":["Sword Boomerang","True Grit"],"picked":"Inflame","floor":5.0},{"not_picked":["Bludgeon","Anger"],"picked":"Flame Barrier","floor":7.0},{"not_picked":["Hemokinesis","Clothesline"],"picked":"Heavy Blade","floor":11.0},{"not_picked":["Pommel Strike","Warcry"],"picked":"Second Wind","floor":12.0},{"not_picked":["Clothesline","Body Slam"],"picked":"Armaments","floor":13.0},{"not_picked":["Heavy Blade","Cleave"],"picked":"Sword Boomerang","floor":14.0}],"player_experience":905702,"relics_obtained":[{"floor":9.0,"key":"Blood Vial"},{"floor":11.0,"key":"Mercury Hourglass"},{"floor":14.0,"key":"Tiny Chest"}],"event_choices":[],"is_beta":false,"boss_relics":[],"items_purged_floors":[8],"is_endless":false,"potions_floor_spawned":[1,2,12],"killed_by":"The Guardian","ascension_level":17}}