{"host":"6to0pdz5g3mubtyg","time":1608603690,"event":{"mods":["Act Like it!","Aspiration","BaseMod","BetterRewards","Colored Map","Energized Spire","Hallownest","Highlight Path","Infinite Spire","Jorbs\u0027s Wanderer Trilogy","Minty Spire (QoL Compilation)","Shade Mod","StSLib","The Animator","The Blue Laboratory","The Bug Knight"],"gold_per_floor":[118,118,132,132,164,164,217,217,242,242,242],"floor_reached":10,"playtime":554,"items_purged":[],"score":73,"play_id":"c3e6bdbb-0bba-45c5-959d-f8a4ad6b98bf","local_time":"20201221192130","is_ascension_mode":true,"campfire_choices":[{"data":"animator:Kagari","floor":6.0,"key":"SMITH"}],"circlet_count":0,"master_deck":["animator:Strike_Konosuba","animator:Defend_Konosuba","animator:Strike","animator:Strike","animator:Defend","animator:Defend","animator:Defend","animator:Kazuma","animator:Aqua","animator:Kagari+1","animator:Sloth","animator:Yoichi","animator:Gilgamesh+2","animator:Berserker","Doubt","Clumsy","infinitespire:NeuralNetwork"],"relics":["Ring of the Snake","animator:TheMissingPiece","animator:PurgingStone","infinitespire:Cubic Diamond","infinitespire:PuzzleCube","Bag of Marbles"],"acts_visited":["Exordium"],"potions_floor_usage":[],"damage_taken":[{"damage":5.0,"enemies":"Jaw Worm","floor":1.0,"turns":7.0},{"damage":9.0,"enemies":"Small Slimes","floor":3.0,"turns":3.0},{"damage":1.0,"enemies":"Cultist","floor":5.0,"turns":4.0},{"damage":40.0,"enemies":"Gremlin Nob","floor":7.0,"turns":6.0},{"damage":16,"enemies":"Lagavulin","floor":10,"turns":5}],"seed_played":"-2893857328417491018","potions_obtained":[{"floor":3.0,"key":"blueLaboratory:AbyssPotion"},{"floor":5.0,"key":"blueLaboratory:PyrophylliteBrew"},{"floor":7.0,"key":"LiquidMemories"}],"is_trial":false,"path_per_floor":["M","?","M","?","M","R","E","?","T","E"],"character_chosen":"THE_ANIMATOR","items_purchased":[],"campfire_rested":0,"item_purchase_floors":[],"current_hp_per_floor":[63,63,54,54,53,53,14,14,14,0,0],"gold":242,"neow_bonus":"RANDOM_COLORLESS","is_daily":false,"chose_seed":false,"campfire_upgraded":1,"win_rate":0.0,"timestamp":1608603690,"path_taken":["M","?","M","?","M","R","E","?","T","E"],"items_purchased_type":[],"build_version":"2020-12-13","purchased_purges":0,"victory":false,"max_hp_per_floor":[66,66,66,66,66,66,67,67,67,67,67],"card_choices":[{"not_picked":["animator:Cirno","animator:Kuroyukihime"],"picked":"animator:Kagari","floor":0.0},{"not_picked":["animator:ChaikaBohdan","animator:UneriGinkaku"],"picked":"animator:Sloth","floor":1.0},{"not_picked":["animator:LizardPriest","animator:KyokoSakura"],"picked":"animator:Yoichi","floor":3.0},{"not_picked":["animator:Shuna","animator:PandorasActor"],"picked":"animator:Gilgamesh","floor":5.0},{"not_picked":["animator:Caster","animator:Assassin"],"picked":"animator:Berserker","floor":7.0},{"not_picked":["infinitespire:UltimateForm","infinitespire:SealOfDarkness+"],"picked":"infinitespire:NeuralNetwork","floor":8.0}],"player_experience":211525,"relics_obtained":[{"floor":7.0,"key":"infinitespire:PuzzleCube"},{"floor":9.0,"key":"Bag of Marbles"}],"event_choices":[{"cards_removed":["animator:Strike"],"damage_healed":0.0,"max_hp_gain":0.0,"max_hp_loss":0.0,"gold_gain":0.0,"event_name":"Living Wall","player_choice":"Forget","floor":4.0,"gold_loss":0.0,"damage_taken":0.0}],"is_beta":false,"boss_relics":[],"items_purged_floors":[],"is_endless":false,"potions_floor_spawned":[3,5,7],"killed_by":"Lagavulin","ascension_level":2}}