{"host":"bux1pdxjwq4dkad9","time":1608615068,"event":{"mods":["ATMod(∞¢Ë™Mod)","BaseMod","Colored Map","Minty Spire (QoL Compilation)","Quick Restart","StSLib","SuperFastMode","The Alterego","°æ“≈ŒÔMod°øºÚµ•”Œœ∑"],"gold_per_floor":[364,364,289,289,301,301,327,347,371,371,384,409,409,441,441,513,513,523,548,548,561,572,572,605,605,605,640,652,671,671,700,700,778,778,792,811,513,533,587,587,621,621,621,654,684,717,746,764,764,764,764,764,764,71,106,106],"floor_reached":57,"playtime":3160,"items_purged":["Regret","Strike_B","Strike_B"],"score":4027,"play_id":"070a1995-0a6d-4eec-8334-55544b15cf96","local_time":"20201222133108","is_ascension_mode":true,"campfire_choices":[{"data":"Loop","floor":10,"key":"SMITH"},{"data":"Turbo","floor":13,"key":"SMITH"},{"data":"Zap","floor":15,"key":"SMITH"},{"data":"Capacitor","floor":23,"key":"SMITH"},{"data":"Storm","floor":30,"key":"SMITH"},{"floor":32,"key":"RECALL"},{"data":"Dualcast","floor":40,"key":"SMITH"},{"data":"AT_ThunderBolt","floor":42,"key":"SMITH"},{"data":"Gash","floor":49,"key":"SMITH"},{"data":"Capacitor","floor":53,"key":"SMITH"}],"circlet_count":0,"master_deck":["AscendersBane","Strike_B","Defend_B","Defend_B","Defend_B","Defend_B","Zap+1","Dualcast+1","AT_ThunderBolt+1","Glacier","Turbo+1","Loop+1","Gash+1","Fission+1","Capacitor+1","Coolheaded+1","Capacitor+1","AT_WarpDrive+1","Storm+1","Recycle+1","AT_ThreeBodyProblem","White Noise+1","Barrage"],"relics":["Cracked Core","ImprovedEquipment","AT_ATBox","Sundial","Art of War","Smiling Mask","AT_SunfireAegis","Toxic Egg 2","SlaversCollar","Red Mask","Singing Bowl","Incense Burner","Pen Nib","Strawberry","Kunai","Runic Dome","Runic Capacitor","WingedGreaves","Meat on the Bone","Calipers","Bottled Tornado","AT_GoldPhoenixTree","Centennial Puzzle","Lizard Tail","Mummified Hand","AT_ForceNature","Blood Vial"],"acts_visited":["Exordium","TheCity","TheBeyond","TheEnding"],"potions_floor_usage":[56],"damage_taken":[{"damage":0,"enemies":"Small Slimes","floor":1,"turns":3},{"damage":0,"enemies":"2 Louse","floor":5,"turns":2},{"damage":0,"enemies":"Lagavulin","floor":7,"turns":7},{"damage":0,"enemies":"Jaw Worm","floor":8,"turns":3},{"damage":0,"enemies":"Looter","floor":11,"turns":3},{"damage":0,"enemies":"Gremlin Nob","floor":12,"turns":3},{"damage":0,"enemies":"3 Sentries","floor":14,"turns":4},{"damage":0,"enemies":"Hexaghost","floor":16,"turns":6},{"damage":0,"enemies":"2 Thieves","floor":18,"turns":3},{"damage":0,"enemies":"Masked Bandits","floor":19,"turns":3},{"damage":0,"enemies":"Spheric Guardian","floor":21,"turns":2},{"damage":0,"enemies":"Shelled Parasite and Fungi","floor":22,"turns":2},{"damage":0,"enemies":"Slavers","floor":24,"turns":3},{"damage":0,"enemies":"Book of Stabbing","floor":27,"turns":3},{"damage":0,"enemies":"Snecko","floor":28,"turns":4},{"damage":0,"enemies":"Centurion and Healer","floor":29,"turns":2},{"damage":0,"enemies":"Gremlin Leader","floor":31,"turns":2},{"damage":0,"enemies":"Collector","floor":33,"turns":2},{"damage":0,"enemies":"3 Darklings","floor":35,"turns":2},{"damage":0,"enemies":"3 Shapes","floor":36,"turns":2},{"damage":0,"enemies":"Jaw Worm Horde","floor":38,"turns":2},{"damage":0,"enemies":"2 Orb Walkers","floor":39,"turns":2},{"damage":0,"enemies":"Nemesis","floor":41,"turns":4},{"damage":0,"enemies":"Reptomancer","floor":44,"turns":4},{"damage":0,"enemies":"Nemesis","floor":45,"turns":5},{"damage":0,"enemies":"Giant Head","floor":46,"turns":4},{"damage":0,"enemies":"Reptomancer","floor":47,"turns":2},{"damage":0,"enemies":"Writhing Mass","floor":48,"turns":2},{"damage":0,"enemies":"Time Eater","floor":50,"turns":5},{"damage":0,"enemies":"Awakened One","floor":51,"turns":4},{"damage":0,"enemies":"Shield and Spear","floor":55,"turns":2},{"damage":0,"enemies":"The Heart","floor":56,"turns":5}],"seed_played":"-8639383325975165731","potions_obtained":[{"floor":1,"key":"FairyPotion"},{"floor":7,"key":"AttackPotion"},{"floor":14,"key":"GamblersBrew"}],"is_trial":false,"path_per_floor":["M","?","$","?","M","T","E","M","T","R","M","E","R","E","R","B",null,"M","?","T","M","M","R","E","?","T","E","M","M","R","E","R","B",null,"M","M","$","M","?","R","E","R","T","E","E","E","E","M","R","B","B",null,"R","$","E","B",null],"character_chosen":"DEFECT","items_purchased":["Runic Capacitor","AT_ThreeBodyProblem","Mummified Hand","DuplicationPotion","AT_ForceNature"],"campfire_rested":0,"item_purchase_floors":[37,37,54,54,54],"current_hp_per_floor":[64,64,64,64,64,64,64,64,64,64,64,64,64,64,64,64,64,64,64,64,66,66,66,68,68,68,75,75,77,77,77,77,79,79,81,83,83,85,87,87,89,89,89,91,91,93,95,97,97,97,97,97,97,97,97,97],"gold":106,"neow_bonus":"TWO_FIFTY_GOLD","is_daily":false,"chose_seed":false,"campfire_upgraded":9,"win_rate":0.0,"timestamp":1608615068,"path_taken":["M","?","$","?","M","?","E","M","T","R","M","E","R","E","R","BOSS","M","?","?","M","M","R","E","?","T","E","M","M","R","E","R","BOSS","M","M","$","?","?","R","E","R","T","E","E","E","E","M","R","BOSS","BOSS","R","$","E","BOSS"],"items_purchased_type":["Relic","Card","Relic","Potion","Relic"],"build_version":"2020-12-13","purchased_purges":3,"victory":true,"max_hp_per_floor":[64,64,64,64,64,64,64,64,64,64,64,64,64,64,64,64,64,64,64,64,66,66,66,68,68,68,75,75,77,77,77,77,79,79,81,83,83,85,87,87,89,89,89,91,91,93,95,97,97,97,97,97,97,97,97,97],"card_choices":[{"not_picked":["Undo","AT_EMC2"],"picked":"Glacier","floor":1},{"not_picked":["Stack","Barrage"],"picked":"Turbo","floor":5},{"not_picked":["AT_HeatAcrobatics","Compile Driver"],"picked":"Loop","floor":7},{"not_picked":["Rebound","Streamline"],"picked":"Gash","floor":8},{"not_picked":["Conserve Battery","Ball Lightning","Loop"],"picked":"SKIP","floor":11},{"not_picked":["Rainbow","Sweeping Beam","FTL"],"picked":"SKIP","floor":12},{"not_picked":["Leap+1","Streamline","Redo+1"],"picked":"SKIP","floor":14},{"not_picked":["Reboot+1","Echo Form"],"picked":"Fission+1","floor":16},{"not_picked":["Cold Snap+1","Streamline"],"picked":"Capacitor","floor":18},{"not_picked":["Redo+1","Compile Driver"],"picked":"Coolheaded+1","floor":19},{"not_picked":["Beam Cell","Redo+1","Compile Driver"],"picked":"Singing Bowl","floor":21},{"not_picked":["Rip and Tear+1","Beam Cell"],"picked":"Capacitor","floor":22},{"not_picked":["Turbo+1","AT_HeatAcrobatics+1","Chaos+1"],"picked":"Singing Bowl","floor":24},{"not_picked":["Barrage","Redo+1"],"picked":"AT_WarpDrive+1","floor":27},{"not_picked":["Streamline","Compile Driver"],"picked":"Storm","floor":28},{"not_picked":["Static Discharge+1","Genetic Algorithm+1","BootSequence+1"],"picked":"Singing Bowl","floor":29},{"not_picked":["Steam+1","Sunder"],"picked":"Recycle+1","floor":31},{"not_picked":["Reboot+1","AT_WaterDrop","Fission+1"],"picked":"Singing Bowl","floor":33},{"not_picked":["Chaos+1","Go for the Eyes","Ball Lightning"],"picked":"Singing Bowl","floor":35},{"not_picked":["Gash","Conserve Battery+1","Chill+1"],"picked":"Singing Bowl","floor":36},{"not_picked":["Go for the Eyes","Streamline+1","Glacier+1"],"picked":"Singing Bowl","floor":38},{"not_picked":["AT_EMC2+1","BootSequence+1","Steam+1"],"picked":"Singing Bowl","floor":39},{"not_picked":["Beam Cell","Machine Learning","Hyperbeam"],"picked":"Singing Bowl","floor":41},{"not_picked":["Turbo+1","Stack+1","Hello World"],"picked":"Singing Bowl","floor":44},{"not_picked":["Undo+1","Reprogram+1"],"picked":"White Noise+1","floor":45},{"not_picked":["Turbo+1","Streamline+1","Beam Cell+1"],"picked":"Singing Bowl","floor":46},{"not_picked":["FTL","Lockon","Compile Driver"],"picked":"Singing Bowl","floor":47},{"not_picked":["Compile Driver+1","Cold Snap","Darkness+1"],"picked":"Singing Bowl","floor":48},{"not_picked":["Go for the Eyes","Recycle+1"],"picked":"Barrage","floor":55}],"player_experience":2347133,"relics_obtained":[{"floor":7,"key":"Art of War"},{"floor":9,"key":"Smiling Mask"},{"floor":12,"key":"AT_SunfireAegis"},{"floor":14,"key":"Toxic Egg 2"},{"floor":19,"key":"Red Mask"},{"floor":20,"key":"Singing Bowl"},{"floor":24,"key":"Incense Burner"},{"floor":26,"key":"Pen Nib"},{"floor":27,"key":"Strawberry"},{"floor":31,"key":"Kunai"},{"floor":39,"key":"WingedGreaves"},{"floor":41,"key":"Meat on the Bone"},{"floor":43,"key":"Calipers"},{"floor":44,"key":"Bottled Tornado"},{"floor":45,"key":"AT_GoldPhoenixTree"},{"floor":46,"key":"Centennial Puzzle"},{"floor":47,"key":"Lizard Tail"},{"floor":55,"key":"Blood Vial"}],"event_choices":[{"damage_healed":0,"gold_gain":0,"player_choice":"Box","damage_taken":0,"relics_obtained":["Sundial"],"max_hp_gain":0,"max_hp_loss":0,"event_name":"Big Fish","floor":2,"gold_loss":0,"cards_obtained":["Regret"]},{"damage_healed":0,"gold_gain":0,"player_choice":"Ignored","damage_taken":0,"max_hp_gain":0,"max_hp_loss":0,"event_name":"Liars Game","floor":4,"gold_loss":0},{"damage_healed":0,"gold_gain":0,"player_choice":"Fought Bandits","damage_taken":0,"max_hp_gain":0,"max_hp_loss":0,"event_name":"Masked Bandits","floor":19,"gold_loss":0},{"cards_removed":["Strike_B"],"damage_healed":0,"gold_gain":0,"player_choice":"Offered Basic","damage_taken":0,"max_hp_gain":0,"max_hp_loss":0,"event_name":"Bonfire Elementals","floor":25,"gold_loss":0},{"damage_healed":0,"gold_gain":0,"player_choice":"Fight","damage_taken":0,"max_hp_gain":0,"max_hp_loss":0,"event_name":"Mysterious Sphere","floor":39,"gold_loss":0}],"is_beta":false,"boss_relics":[{"not_picked":["Tiny House","Astrolabe"],"picked":"SlaversCollar"},{"not_picked":["Runic Pyramid","Busted Crown"],"picked":"Runic Dome"}],"items_purged_floors":[3,37,54],"is_endless":false,"potions_floor_spawned":[1,7,14,16,21,24,27,31,33,38,39,44,47,48],"ascension_level":20}}