{"host":"v5j5rnxu2olnd6jo","time":1608652883,"event":{"mods":["BaseMod","Custom Start","DeckTracker","Keyboard Shortcuts","Minty Spire (QoL Compilation)","Permanent Neow","Quick Restart","StSLib","SuperFastMode"],"gold_per_floor":[114,189,200,214,229,229,254,254,277,291,323,83,96,113,113,187,187,205,205,120,138,157,192,24,24,24,49,49,73,87,101,101,179,179,196,213,213,45,56,56,72,72,96,113,113,131,131,31,31,31,31,31,31,31,61,61,61],"floor_reached":56,"playtime":4056,"items_purged":["Strike_B","Strike_B"],"score":1852,"play_id":"0a77f6c6-e412-4a43-805b-58bc30e5918f","local_time":"20201223010123","is_ascension_mode":true,"campfire_choices":[{"data":"Apotheosis","floor":6.0,"key":"SMITH"},{"data":"Coolheaded","floor":8.0,"key":"SMITH"},{"floor":15.0,"key":"REST"},{"data":"Coolheaded","floor":25.0,"key":"SMITH"},{"data":"Creative AI","floor":28.0,"key":"SMITH"},{"data":"Hologram","floor":32.0,"key":"SMITH"},{"floor":40.0,"key":"RECALL"},{"data":"Heatsinks","floor":42.0,"key":"SMITH"},{"data":"Skim","floor":47.0,"key":"SMITH"},{"data":"Recycle","floor":49.0,"key":"SMITH"},{"data":"Turbo","floor":53,"key":"SMITH"}],"circlet_count":0,"master_deck":["AscendersBane","Strike_B","Strike_B","Defend_B","Defend_B","Defend_B+1","Defend_B","Zap","Dualcast","Apotheosis+1","Turbo","Skim+1","Go for the Eyes","Hologram+1","Coolheaded+1","Darkness+1","Recycle+1","Rebound","Self Repair","Biased Cognition","Chill+1","Turbo+1","Coolheaded+1","Creative AI+1","Loop+1","Steam Power+1","Heatsinks+1"],"relics":["Cracked Core","Centennial Puzzle","Strawberry","War Paint","Potion Belt","Runic Pyramid","Lantern","Akabeko","Orrery","MealTicket","DataDisk","Inserter","Bag of Preparation","Vajra","Pen Nib"],"acts_visited":["Exordium","TheCity","TheBeyond","TheEnding"],"potions_floor_usage":[51,51],"damage_taken":[{"damage":0.0,"enemies":"2 Louse","floor":1.0,"turns":2.0},{"damage":4.0,"enemies":"Jaw Worm","floor":3.0,"turns":3.0},{"damage":0.0,"enemies":"Cultist","floor":4.0,"turns":3.0},{"damage":5.0,"enemies":"Blue Slaver","floor":5.0,"turns":4.0},{"damage":12.0,"enemies":"3 Sentries","floor":7.0,"turns":6.0},{"damage":15.0,"enemies":"Gremlin Gang","floor":10.0,"turns":3.0},{"damage":7.0,"enemies":"Gremlin Nob","floor":11.0,"turns":4.0},{"damage":4.0,"enemies":"Exordium Wildlife","floor":13.0,"turns":4.0},{"damage":11.0,"enemies":"Blue Slaver","floor":14.0,"turns":2.0},{"damage":2.0,"enemies":"Hexaghost","floor":16.0,"turns":7.0},{"damage":13.0,"enemies":"Shell Parasite","floor":18.0,"turns":4.0},{"damage":10.0,"enemies":"2 Thieves","floor":21.0,"turns":3.0},{"damage":1.0,"enemies":"Snake Plant","floor":22.0,"turns":4.0},{"damage":29.0,"enemies":"Slavers","floor":23.0,"turns":7.0},{"damage":0.0,"enemies":"Gremlin Leader","floor":27.0,"turns":9.0},{"damage":0.0,"enemies":"Centurion and Healer","floor":30.0,"turns":5.0},{"damage":2.0,"enemies":"Chosen and Byrds","floor":31.0,"turns":8.0},{"damage":10.0,"enemies":"Champ","floor":33.0,"turns":9.0},{"damage":1.0,"enemies":"3 Darklings","floor":35.0,"turns":6.0},{"damage":14.0,"enemies":"3 Shapes","floor":36.0,"turns":5.0},{"damage":1.0,"enemies":"Transient","floor":39.0,"turns":6.0},{"damage":0.0,"enemies":"4 Shapes","floor":41.0,"turns":8.0},{"damage":14.0,"enemies":"3 Darklings","floor":44.0,"turns":5.0},{"damage":10.0,"enemies":"Sphere and 2 Shapes","floor":46.0,"turns":7.0},{"damage":48.0,"enemies":"Time Eater","floor":50.0,"turns":12.0},{"damage":51,"enemies":"Awakened One","floor":51,"turns":14},{"damage":52,"enemies":"Shield and Spear","floor":55,"turns":6},{"damage":71,"enemies":"The Heart","floor":56,"turns":2}],"seed_played":"8766657745193313639","potions_obtained":[{"floor":1.0,"key":"Dexterity Potion"},{"floor":5.0,"key":"Fire Potion"},{"floor":7.0,"key":"Strength Potion"},{"floor":10.0,"key":"Block Potion"},{"floor":11.0,"key":"Swift Potion"},{"floor":16.0,"key":"FairyPotion"},{"floor":21.0,"key":"ColorlessPotion"},{"floor":22.0,"key":"EssenceOfSteel"},{"floor":30.0,"key":"Dexterity Potion"},{"floor":31.0,"key":"Strength Potion"},{"floor":41.0,"key":"Strength Potion"},{"floor":44.0,"key":"Fruit Juice"}],"is_trial":false,"path_per_floor":["M","?","M","M","M","R","E","R","T","M","E","$","M","M","R","B",null,"M","?","?","M","M","E","$","R","T","E","R","T","M","M","R","B",null,"M","M","?","$","M","R","M","R","T","M","?","M","R","$","R","B","B",null,"R","$","E","B"],"character_chosen":"DEFECT","items_purchased":["Potion Belt","Orrery","Bag of Preparation"],"campfire_rested":1,"item_purchase_floors":[12,24,38],"current_hp_per_floor":[64,53,49,49,44,44,32,32,39,24,17,17,13,2,23,31,61,55,55,55,55,64,42,42,42,42,49,49,49,59,67,67,67,70,71,67,67,67,67,67,67,67,67,63,63,63,63,67,67,34,4,55,55,70,28,0,0],"gold":61,"neow_bonus":"RANDOM_COLORLESS_2","is_daily":false,"chose_seed":false,"campfire_upgraded":9,"win_rate":0.0,"timestamp":1608652883,"path_taken":["M","?","M","M","M","R","E","R","T","M","E","$","M","M","R","BOSS","M","?","?","M","M","E","?","R","T","E","R","?","M","M","R","BOSS","M","M","?","$","M","R","M","R","T","M","?","M","R","$","R","BOSS","BOSS","R","$","E","BOSS"],"items_purchased_type":["Relic","Relic","Relic"],"build_version":"2020-12-13","purchased_purges":2,"victory":false,"max_hp_per_floor":[64,64,64,64,64,64,64,64,71,71,71,71,71,71,71,71,71,71,71,71,71,71,71,71,71,71,71,71,71,71,71,71,71,71,71,71,67,67,67,67,67,67,67,67,67,67,67,67,67,72,72,72,72,72,72,72,72],"card_choices":[{"not_picked":["Secret Weapon","Chrysalis"],"picked":"Apotheosis","floor":0.0},{"not_picked":["Heatsinks","Beam Cell"],"picked":"Turbo","floor":1.0},{"not_picked":["Tempest","Steam"],"picked":"Skim","floor":3.0},{"not_picked":["Sweeping Beam","BootSequence"],"picked":"Go for the Eyes","floor":4.0},{"not_picked":["Tempest","Redo"],"picked":"Hologram","floor":5.0},{"not_picked":["Ball Lightning","Redo"],"picked":"Coolheaded","floor":7.0},{"not_picked":["Barrage","Darkness","Conserve Battery"],"picked":"SKIP","floor":10.0},{"not_picked":["Barrage","Conserve Battery"],"picked":"Darkness","floor":10.0},{"not_picked":["Chaos","Conserve Battery"],"picked":"Recycle","floor":11.0},{"not_picked":["Gash","Turbo"],"picked":"Rebound","floor":13.0},{"not_picked":["All For One","Static Discharge"],"picked":"Self Repair","floor":14.0},{"not_picked":["Fission","Rainbow"],"picked":"Biased Cognition","floor":16.0},{"not_picked":["Hologram+1","Ball Lightning"],"picked":"Chill+1","floor":18.0},{"not_picked":["Compile Driver","Barrage","Chill"],"picked":"SKIP","floor":21.0},{"not_picked":["Barrage","Reprogram","Steam"],"picked":"SKIP","floor":22.0},{"not_picked":["Scrape","Melter","Sunder"],"picked":"SKIP","floor":23.0},{"not_picked":["Scrape","Melter","Sunder"],"picked":"SKIP","floor":23.0},{"not_picked":["Compile Driver+1","Conserve Battery"],"picked":"Turbo","floor":24.0},{"not_picked":["Hologram","Sweeping Beam"],"picked":"Coolheaded","floor":24.0},{"not_picked":["Creative AI","Cold Snap","Stack"],"picked":"SKIP","floor":27.0},{"not_picked":["Cold Snap","Stack"],"picked":"Creative AI","floor":27.0},{"not_picked":["Go for the Eyes","Conserve Battery","Barrage"],"picked":"SKIP","floor":30.0},{"not_picked":["Rebound","Leap","Barrage"],"picked":"SKIP","floor":31.0},{"not_picked":["BootSequence","Barrage","Compile Driver"],"picked":"SKIP","floor":35.0},{"not_picked":["Compile Driver","Streamline"],"picked":"Loop","floor":36.0},{"not_picked":["Steam Power+1","Gash","Melter"],"picked":"SKIP","floor":39.0},{"not_picked":["Gash","Melter"],"picked":"Steam Power+1","floor":39.0},{"not_picked":["Sweeping Beam","Conserve Battery+1"],"picked":"Heatsinks","floor":41.0},{"not_picked":["Beam Cell+1","Gash+1","Conserve Battery+1"],"picked":"SKIP","floor":44.0},{"not_picked":["Gash+1","Fusion","Reprogram"],"picked":"SKIP","floor":46.0},{"not_picked":["Steam Power","Compile Driver","Coolheaded"],"picked":"SKIP","floor":55}],"player_experience":874443,"relics_obtained":[{"floor":7.0,"key":"Centennial Puzzle"},{"floor":9.0,"key":"Strawberry"},{"floor":11.0,"key":"War Paint"},{"floor":23.0,"key":"Akabeko"},{"floor":27.0,"key":"MealTicket"},{"floor":29.0,"key":"DataDisk"},{"floor":43.0,"key":"Vajra"},{"floor":55,"key":"Pen Nib"}],"event_choices":[{"damage_healed":0.0,"max_hp_gain":0.0,"max_hp_loss":0.0,"gold_gain":75.0,"event_name":"World of Goop","player_choice":"Gather Gold","floor":2.0,"gold_loss":0.0,"damage_taken":11.0},{"damage_healed":0.0,"max_hp_gain":0.0,"max_hp_loss":0.0,"gold_gain":0.0,"event_name":"Ghosts","player_choice":"Ignored","floor":19.0,"gold_loss":0.0,"damage_taken":0.0},{"damage_healed":0.0,"max_hp_gain":0.0,"max_hp_loss":0.0,"gold_gain":0.0,"event_name":"Addict","player_choice":"Obtained Relic","floor":20.0,"gold_loss":85.0,"damage_taken":0.0,"relics_obtained":["Lantern"]},{"damage_healed":0.0,"max_hp_gain":0.0,"max_hp_loss":4.0,"gold_gain":0.0,"event_name":"Winding Halls","player_choice":"Max HP","floor":37.0,"gold_loss":0.0,"damage_taken":0.0},{"damage_healed":0.0,"max_hp_gain":0.0,"max_hp_loss":0.0,"gold_gain":0.0,"event_name":"Upgrade Shrine","player_choice":"Upgraded","floor":45.0,"gold_loss":0.0,"damage_taken":0.0,"cards_upgraded":["Loop"]}],"is_beta":false,"boss_relics":[{"not_picked":["Fusion Hammer","Astrolabe"],"picked":"Runic Pyramid"},{"not_picked":["Velvet Choker","Philosopher\u0027s Stone"],"picked":"Inserter"}],"items_purged_floors":[12,48],"is_endless":false,"potions_floor_spawned":[1,5,7,10,11,16,21,22,30,31,41,44],"killed_by":"The Heart","ascension_level":20}}