{"host":"a1kj1kkwgoo3jtle","time":1608631308,"event":{"mods":["2.2 Compatiblity","AchievementEnabler","AlwaysNeverKeys","BaseMod","Better Synergies","Better Third Choice","Colored Powertips","Communication Mod","Custom Start","Downfall","Faster Ascension Climbing","Filter the Spire","Friendly Minions","GifTheSpireLib","Gremlin Skip","Highlight Path","HololiveMod","Infinite Spire","Luminous","Minty Spire (QoL Compilation)","Quick Restart","Reimu??????","Relic Stats","Remilia??????","Replay The Spire","Reworked Bosses","Shade Mod","StSLib","The Alterego","The Druid","The Exalted","The Runesmith","The Servant 0.9.4","TheSwordswoman","Wandering Minibosses","WarShipGirlsR/????R mod","Yuri Mod"],"gold_per_floor":[135,167,7,32,32,75,119,182,240,299,145,145,145,184,184,261,261,261],"floor_reached":17,"playtime":1292,"items_purged":[],"score":334,"play_id":"2843cc77-9b98-4325-a077-4bcd2a946d00","local_time":"20201222120148","daily_mods":["Heirloom","Uncertain Future"],"is_ascension_mode":true,"campfire_choices":[{"floor":12.0,"key":"REST"},{"floor":15.0,"key":"REST"}],"circlet_count":0,"master_deck":["AscendersBane","theDruid:Strike_O","theDruid:Strike_O","theDruid:Strike_O","theDruid:Strike_O","theDruid:Defend_O","theDruid:Defend_O","theDruid:Defend_O","theDruid:Defend_O","theDruid:BriarArmor","theDruid:WildSlash","theDruid:InsectSwarm","theDruid:PlagueClaw","theDruid:PlagueClaw","theDruid:ThickHide","theDruid:Slingshot","theDruid:NaturalAgility","theDruid:IronbarkArmor","theDruid:BristlingBulwark","theDruid:TwilightsCall+1","theDruid:Resourcefulness+1","Parasite","theDruid:BlessedStrike","theDruid:ApexPredator"],"relics":["theDruid:CrownOfTheWilds","Pondfish Scales","Black Star","Blood Vial","Replay:Bandana","Bag of Preparation","Counterbalance","Bronze Scales","MawBank","theDruid:BoarsTusk","Blue Doll","Gremlin Food","ReplayFunnel","PreservedInsect","Bromod:ArcaneBarrier"],"acts_visited":["Exordium","TheCity"],"potions_floor_usage":[],"damage_taken":[{"damage":0.0,"enemies":"Cultist","floor":1.0,"turns":3.0},{"damage":5.0,"enemies":"Jaw Worm","floor":2.0,"turns":4.0},{"damage":0.0,"enemies":"Small Slimes","floor":4.0,"turns":3.0},{"damage":17.0,"enemies":"Looter","floor":6.0,"turns":3.0},{"damage":11.0,"enemies":"Large Slime","floor":7.0,"turns":5.0},{"damage":26.0,"enemies":"3 Sentries","floor":8.0,"turns":7.0},{"damage":4.0,"enemies":"Gremlin Nob","floor":10.0,"turns":3.0},{"damage":3.0,"enemies":"Lots of Slimes","floor":14.0,"turns":2.0},{"damage":24.0,"enemies":"Hexaghost","floor":16.0,"turns":10.0}],"seed_played":"-29246284585621290","potions_obtained":[{"floor":2.0,"key":"Adrenaline Potion"},{"floor":4.0,"key":"DistilledChaos"},{"floor":6.0,"key":"Block Potion"},{"floor":8.0,"key":"Fire Potion"},{"floor":10.0,"key":"SkillPotion"}],"is_trial":true,"path_per_floor":["M","M","$","M","?","M","M","E","T","E","$","R","?","M","R","B",null],"character_chosen":"DRUID","items_purchased":["Bronze Scales","theDruid:BristlingBulwark","theDruid:TwilightsCall","theDruid:Resourcefulness"],"campfire_rested":2,"item_purchase_floors":[3,11,11,11],"current_hp_per_floor":[63,60,60,62,51,36,27,3,3,1,1,21,38,37,57,35,60,60],"gold":261,"neow_bonus":"","is_daily":false,"chose_seed":false,"campfire_upgraded":0,"win_rate":0.0,"timestamp":1608631308,"path_taken":["M","M","?","M","?","M","M","E","T","E","$","R","?","M","R","BOSS"],"items_purchased_type":["Relic","Card","Card","Card"],"build_version":"2020-12-13","purchased_purges":0,"victory":false,"max_hp_per_floor":[68,68,68,68,68,68,68,68,68,68,68,68,68,68,68,68,68,68],"relic_stats":{"Blood Vial":18,"counters":[9,40],"Bronze Scales":[114],"PreservedInsect":0,"Black Star":2,"Bag of Preparation":[18],"MawBank":72,"obtain_stats":[{"Gremlin Food":9,"ReplayFunnel":10,"Counterbalance":0,"Blue Doll":8,"PreservedInsect":10,"Bag of Preparation":0,"MawBank":5,"theDruid:CrownOfTheWilds":0,"Blood Vial":0,"theDruid:BoarsTusk":8,"Pondfish Scales":0,"Replay:Bandana":0,"Bronze Scales":3,"Bromod:ArcaneBarrier":17,"Black Star":0},{"Gremlin Food":6,"ReplayFunnel":7,"Counterbalance":0,"Blue Doll":6,"PreservedInsect":7,"Bag of Preparation":0,"MawBank":3,"theDruid:CrownOfTheWilds":0,"Blood Vial":0,"theDruid:BoarsTusk":6,"Pondfish Scales":0,"Replay:Bandana":0,"Bronze Scales":2,"Bromod:ArcaneBarrier":9,"Black Star":0},{"Gremlin Food":25,"ReplayFunnel":28,"Counterbalance":0,"Blue Doll":25,"PreservedInsect":28,"Bag of Preparation":0,"MawBank":10,"theDruid:CrownOfTheWilds":0,"Blood Vial":0,"theDruid:BoarsTusk":25,"Pondfish Scales":0,"Replay:Bandana":0,"Bronze Scales":7,"Bromod:ArcaneBarrier":40,"Black Star":0}]},"card_choices":[{"not_picked":["theDruid:Swipe","theDruid:Eclipse"],"picked":"theDruid:InsectSwarm","floor":1.0},{"not_picked":["theDruid:Swipe","theDruid:SerratedFlesh"],"picked":"theDruid:PlagueClaw","floor":2.0},{"not_picked":["theDruid:Slingshot","theDruid:Untamed"],"picked":"theDruid:PlagueClaw","floor":4.0},{"not_picked":["theDruid:FullMoon","theDruid:BloodiedFur"],"picked":"theDruid:ThickHide","floor":6.0},{"not_picked":["theDruid:Resupply","theDruid:Guidance"],"picked":"theDruid:Slingshot","floor":7.0},{"not_picked":["theDruid:Starfall","theDruid:TakeShelter"],"picked":"theDruid:NaturalAgility","floor":8.0},{"not_picked":["theDruid:Recoil","theDruid:TakeShelter"],"picked":"theDruid:IronbarkArmor","floor":10.0},{"not_picked":["theDruid:Thornburst","theDruid:FeralPlants"],"picked":"theDruid:BlessedStrike","floor":14.0},{"not_picked":["theDruid:SurvivalCache","theDruid:Restoration"],"picked":"theDruid:ApexPredator","floor":16.0}],"player_experience":58495,"relics_obtained":[{"floor":8.0,"key":"theDruid:BoarsTusk"},{"floor":8.0,"key":"Blue Doll"},{"floor":9.0,"key":"Gremlin Food"},{"floor":10.0,"key":"ReplayFunnel"},{"floor":10.0,"key":"PreservedInsect"}],"event_choices":[{"damage_healed":0.0,"max_hp_gain":0.0,"max_hp_loss":0.0,"gold_gain":0.0,"event_name":"betterThird:BetterScrap","player_choice":"Relic ","floor":5.0,"gold_loss":0.0,"damage_taken":11.0,"cards_obtained":["Hemogenesis"]},{"damage_healed":17.0,"max_hp_gain":0.0,"max_hp_loss":0.0,"gold_gain":0.0,"event_name":"Mushrooms","player_choice":"Healed and dodged fight","floor":13.0,"gold_loss":0.0,"damage_taken":0.0,"cards_obtained":["Parasite"]}],"is_beta":false,"boss_relics":[{"not_picked":["Empty Cage","Runic Pyramid"],"picked":"Bromod:ArcaneBarrier"}],"items_purged_floors":[],"is_endless":false,"potions_floor_spawned":[2,4,6,8,10],"ascension_level":20}}