{"host":"2hea6pl5vmah38iy","time":1608635475,"event":{"mods":["AchievementEnabler","BaseMod","Colored Map","DeckTracker","Keyboard Shortcuts","Minty Spire (QoL Compilation)","Rare Cards Sparkle","StSLib","SuperFastMode","everything is the same but u backflip on backflip"],"gold_per_floor":[17,17,17,17,37,80,93,127,152,152,0,0,0,21,21,111,111,126,140,140,140,239,239,264,297,297,331,347,367,147,72,72,168,168,183,202,217,48,63,94,194,194,273,273,304,304,304,348,348,348,348,348,29,68,68],"floor_reached":56,"playtime":2633,"items_purged":["Strike_R","Defend_R","Strike_R"],"score":2248,"play_id":"286e3d06-8b10-4eae-b5d9-cb79a59b00ee","local_time":"20201222201115","is_ascension_mode":true,"campfire_choices":[{"data":"Rampage","floor":10.0,"key":"SMITH"},{"floor":13.0,"key":"REST"},{"data":"Shrug It Off","floor":15.0,"key":"SMITH"},{"floor":23,"key":"RECALL"},{"data":"Evolve","floor":32,"key":"SMITH"},{"data":"Deep Breath","floor":49,"key":"SMITH"},{"data":"Deep Breath","floor":52,"key":"SMITH"}],"circlet_count":0,"master_deck":["AscendersBane","Defend_R","Bash","Rampage+1","Fiend Fire+1","Dark Embrace+1","Shrug It Off+1","Headbutt","Offering+1","Evolve+1","Barricade+1","Body Slam","Battle Trance","Shrug It Off","Madness","Madness","Deep Breath+1","Deep Breath+1","Flash of Steel+1"],"relics":["Burning Blood","Golden Idol","Vajra","Centennial Puzzle","Juzu Bracelet","TheAbacus","Cursed Key","Omamori","Frozen Egg 2","ClockworkSouvenir","SlaversCollar","Molten Egg 2","Blue Candle","Lantern","Letter Opener","Medical Kit","Pen Nib"],"acts_visited":["Exordium","TheCity","TheBeyond","TheEnding"],"potions_floor_usage":[48,55],"damage_taken":[{"damage":4.0,"enemies":"Jaw Worm","floor":1.0,"turns":4.0},{"damage":0.0,"enemies":"Small Slimes","floor":5.0,"turns":3.0},{"damage":17.0,"enemies":"3 Sentries","floor":6.0,"turns":8.0},{"damage":9.0,"enemies":"2 Louse","floor":7.0,"turns":3.0},{"damage":17.0,"enemies":"Lagavulin","floor":8.0,"turns":6.0},{"damage":14.0,"enemies":"Lots of Slimes","floor":14.0,"turns":3.0},{"damage":12.0,"enemies":"The Guardian","floor":16.0,"turns":7.0},{"damage":12.0,"enemies":"3 Byrds","floor":18.0,"turns":3.0},{"damage":6.0,"enemies":"Spheric Guardian","floor":19.0,"turns":1.0},{"damage":9,"enemies":"Snake Plant","floor":24,"turns":2},{"damage":9,"enemies":"Slavers","floor":25,"turns":4},{"damage":6,"enemies":"Book of Stabbing","floor":27,"turns":3},{"damage":6,"enemies":"Sentry and Sphere","floor":28,"turns":2},{"damage":6,"enemies":"Chosen and Byrds","floor":29,"turns":2},{"damage":9,"enemies":"Champ","floor":33,"turns":8},{"damage":28,"enemies":"3 Darklings","floor":35,"turns":6},{"damage":12,"enemies":"Orb Walker","floor":36,"turns":2},{"damage":6,"enemies":"Maw","floor":37,"turns":4},{"damage":13,"enemies":"Spire Growth","floor":39,"turns":3},{"damage":6,"enemies":"Nemesis","floor":40,"turns":5},{"damage":7,"enemies":"Reptomancer","floor":45,"turns":4},{"damage":19,"enemies":"Nemesis","floor":48,"turns":3},{"damage":6,"enemies":"Time Eater","floor":50,"turns":3},{"damage":6,"enemies":"Shield and Spear","floor":54,"turns":1},{"damage":29,"enemies":"The Heart","floor":55,"turns":5}],"seed_played":"8250991063020936752","potions_obtained":[{"floor":1.0,"key":"SkillPotion"},{"floor":6.0,"key":"BlessingOfTheForge"},{"floor":14.0,"key":"SpeedPotion"},{"floor":16.0,"key":"ElixirPotion"},{"floor":19.0,"key":"BloodPotion"}],"is_trial":false,"path_per_floor":["M","?","?","?","M","E","M","E","T","R","$","?","R","M","R","B",null,"M","M","?","?","?","R","M","E","T","E","M","M","$","?","R","B",null,"M","M","M","$","M","E","?","?","T","?","E","?","?","E","R","B",null,"R","$","E","B",null],"character_chosen":"IRONCLAD","items_purchased":["TheAbacus","ClockworkSouvenir","Battle Trance","Medical Kit","SteroidPotion"],"campfire_rested":1,"item_purchase_floors":[11,30,38,53,53],"current_hp_per_floor":[70,70,70,52,58,47,44,33,33,33,33,18,40,32,32,26,63,57,57,57,57,57,57,54,51,51,51,51,51,51,51,51,48,68,46,40,40,40,33,33,33,33,33,33,32,23,13,15,15,15,60,60,60,60,37],"gold":68,"neow_bonus":"TRANSFORM_TWO_CARDS","is_daily":false,"chose_seed":false,"campfire_upgraded":5,"win_rate":0.0,"timestamp":1608635475,"path_taken":["M","?","?","?","M","E","M","E","T","R","$","?","R","M","R","BOSS","M","M","?","?","?","R","M","E","T","E","M","M","$","?","R","BOSS","M","M","M","$","M","E","?","?","T","?","E","?","?","E","R","BOSS","R","$","E","BOSS"],"items_purchased_type":["Relic","Relic","Card","Relic","Potion"],"build_version":"2020-12-13","purchased_purges":3,"victory":true,"max_hp_per_floor":[75,75,75,75,75,75,75,75,75,75,75,75,75,75,75,75,75,75,75,75,75,75,75,75,75,75,75,75,75,75,75,75,75,75,75,75,75,75,75,75,75,75,75,75,75,75,75,75,75,75,75,75,75,75,75],"card_choices":[{"not_picked":["Clothesline","Reckless Charge"],"picked":"Dark Embrace","floor":1.0},{"not_picked":["Clash","Flex","Sword Boomerang"],"picked":"SKIP","floor":5.0},{"not_picked":["Flex","Clash","Fiend Fire"],"picked":"SKIP","floor":6.0},{"not_picked":["Twin Strike","Sword Boomerang"],"picked":"Shrug It Off","floor":7.0},{"not_picked":["Carnage","Clothesline","Blood for Blood"],"picked":"SKIP","floor":8.0},{"not_picked":["Heavy Blade","Clash"],"picked":"Headbutt","floor":14.0},{"not_picked":["Berserk","Corruption"],"picked":"Offering","floor":16.0},{"not_picked":["Headbutt","Clash","True Grit"],"picked":"SKIP","floor":18.0},{"not_picked":["Infernal Blade","Dropkick","Iron Wave"],"picked":"SKIP","floor":19.0},{"not_picked":["Twin Strike","Perfected Strike+1"],"picked":"Evolve","floor":24},{"not_picked":["Iron Wave","Flex","Clothesline"],"picked":"SKIP","floor":25},{"not_picked":["Juggernaut+1","Feel No Pain+1","Rampage"],"picked":"SKIP","floor":27},{"not_picked":["Iron Wave","Pummel","Clash"],"picked":"SKIP","floor":28},{"not_picked":["Warcry","Perfected Strike","Metallicize+1"],"picked":"SKIP","floor":29},{"not_picked":["Demon Form+1","Offering"],"picked":"Barricade+1","floor":33},{"not_picked":["Headbutt","Warcry","Clothesline+1"],"picked":"SKIP","floor":35},{"not_picked":["Clothesline","Feed","Bloodletting+1"],"picked":"SKIP","floor":36},{"not_picked":["True Grit+1","Clash+1"],"picked":"Body Slam","floor":37},{"not_picked":["Battle Trance","Dual Wield","Spot Weakness"],"picked":"SKIP","floor":39},{"not_picked":["Sword Boomerang+1","Anger+1","Shrug It Off"],"picked":"SKIP","floor":40},{"not_picked":["Rage","Pommel Strike+1"],"picked":"Shrug It Off","floor":45},{"not_picked":["Blind","Trip"],"picked":"Deep Breath","floor":47},{"not_picked":["Magnetism+1","Mind Blast+1"],"picked":"Deep Breath","floor":47},{"not_picked":["Madness","Transmutation"],"picked":"Flash of Steel+1","floor":47},{"not_picked":["Inflame+1","Reckless Charge+1","Wild Strike+1"],"picked":"SKIP","floor":48},{"not_picked":["Warcry","Heavy Blade+1","Uppercut+1"],"picked":"SKIP","floor":54}],"player_experience":439517,"relics_obtained":[{"floor":6.0,"key":"Vajra"},{"floor":8.0,"key":"Centennial Puzzle"},{"floor":9.0,"key":"Juzu Bracelet"},{"floor":25,"key":"Omamori"},{"floor":27,"key":"Frozen Egg 2"},{"floor":40,"key":"Molten Egg 2"},{"floor":43,"key":"Blue Candle"},{"floor":45,"key":"Lantern"},{"floor":48,"key":"Letter Opener"},{"floor":54,"key":"Pen Nib"}],"event_choices":[{"cards_removed":["Strike_R"],"damage_healed":0.0,"max_hp_gain":0.0,"max_hp_loss":0.0,"gold_gain":0.0,"event_name":"Living Wall","player_choice":"Forget","floor":2.0,"gold_loss":0.0,"damage_taken":0.0},{"damage_healed":0.0,"max_hp_gain":0.0,"max_hp_loss":0.0,"gold_gain":0.0,"event_name":"Liars Game","player_choice":"Ignored","floor":3.0,"gold_loss":0.0,"damage_taken":0.0},{"damage_healed":0.0,"max_hp_gain":0.0,"max_hp_loss":0.0,"gold_gain":0.0,"event_name":"Golden Idol","player_choice":"Take Damage","floor":4.0,"gold_loss":0.0,"damage_taken":18.0,"relics_obtained":["Golden Idol"]},{"damage_healed":0.0,"max_hp_gain":0.0,"max_hp_loss":0.0,"gold_gain":0.0,"event_name":"Shining Light","player_choice":"Entered Light","floor":12.0,"gold_loss":0.0,"damage_taken":15.0,"cards_upgraded":["Fiend Fire","Dark Embrace"]},{"damage_healed":0,"gold_gain":0,"player_choice":"Ignored","damage_taken":0,"max_hp_gain":0,"max_hp_loss":0,"event_name":"Cursed Tome","floor":20,"gold_loss":0},{"damage_healed":0,"gold_gain":0,"player_choice":"Upgraded","damage_taken":0,"max_hp_gain":0,"max_hp_loss":0,"event_name":"Upgrade Shrine","floor":21,"gold_loss":0,"cards_upgraded":["Offering"]},{"damage_healed":0,"gold_gain":99,"player_choice":"Stole From Cult","damage_taken":0,"max_hp_gain":0,"max_hp_loss":0,"event_name":"Nest","floor":22,"gold_loss":0},{"cards_removed":["Strike_R"],"damage_healed":0,"gold_gain":0,"player_choice":"Gave Gold","damage_taken":0,"max_hp_gain":0,"max_hp_loss":0,"event_name":"Beggar","floor":31,"gold_loss":75},{"damage_healed":0,"gold_gain":100,"player_choice":"Pray","damage_taken":0,"max_hp_gain":0,"max_hp_loss":0,"event_name":"Golden Shrine","floor":41,"gold_loss":0},{"damage_healed":0,"gold_gain":0,"player_choice":"Ignored","damage_taken":0,"max_hp_gain":0,"max_hp_loss":0,"event_name":"Tomb of Lord Red Mask","floor":42,"gold_loss":0},{"cards_removed":["Defend_R"],"damage_healed":0,"gold_gain":0,"player_choice":"Purged","damage_taken":0,"max_hp_gain":0,"max_hp_loss":0,"event_name":"Purifier","floor":44,"gold_loss":0},{"damage_healed":0,"gold_gain":0,"player_choice":"Embrace Madness","damage_taken":9,"max_hp_gain":0,"max_hp_loss":0,"event_name":"Winding Halls","floor":46,"gold_loss":0,"cards_obtained":["Madness","Madness"]},{"damage_healed":0,"gold_gain":0,"player_choice":"Memory 3","damage_taken":10,"max_hp_gain":0,"max_hp_loss":0,"event_name":"SensoryStone","floor":47,"gold_loss":0}],"is_beta":false,"boss_relics":[{"not_picked":["Mark of Pain","Calling Bell"],"picked":"Cursed Key"},{"not_picked":["Sozu","Busted Crown"],"picked":"SlaversCollar"}],"items_purged_floors":[30,38,53],"is_endless":false,"potions_floor_spawned":[1,6,14,16,19,25,27,33,36,37,40],"ascension_level":14}}