{"host":"8fjsnt81u6xsmhji","time":1608648463,"event":{"mods":["BaseMod","Colored Powertips","Downfall","Glutton Mod","Hermit","Minty Spire (QoL Compilation)","Quick Restart","Somnambulant","StSLib","The Blackbeard","The Bug Knight","The Construct","The Forsaken","The Hierophant","The Mystic"],"gold_per_floor":[0,17,17,35,135,160,160,200,104,133,58,83,109,109,135,250,250,250,250,304,335,25,78,104,130,130,43,75,125,50,50,89,201,201,201,213,243,262,112,143,168,193,220,280,293,293,346,13,39,54],"floor_reached":51,"playtime":3608,"items_purged":["blackbeard:BlackbeardStrike","blackbeard:BlackbeardStrike"],"score":1026,"play_id":"57462dc7-bc4c-4bb1-9ce4-d0698a70a2a5","local_time":"20201222084743","is_ascension_mode":true,"campfire_choices":[{"floor":1.0,"key":"RECALL"},{"data":"blackbeard:Rum","floor":11.0,"key":"SMITH"},{"data":"blackbeard:BountyHunter","floor":18.0,"key":"SMITH"},{"floor":26.0,"key":"REST"},{"floor":30.0,"key":"REST"},{"data":"blackbeard:PirateEarring","floor":35.0,"key":"SMITH"}],"circlet_count":0,"master_deck":["blackbeard:BlackbeardStrike","blackbeard:IntimidatingStrike","blackbeard:BlackbeardDefend","blackbeard:BlackbeardDefend","blackbeard:BlackbeardDefend","blackbeard:BlackbeardDefend","blackbeard:Cutlass","blackbeard:FieryDefense","blackbeard:DoubleBottom+1","blackbeard:BuriedTreasure","blackbeard:Rum+1","blackbeard:FishingNets","blackbeard:GoldenStrike","Bandage Up","blackbeard:FishingNets","blackbeard:Lifeboat","blackbeard:Spear","blackbeard:Spear","blackbeard:BountyHunter+1","blackbeard:RearmingStrike","blackbeard:GoldenStrike","blackbeard:Rum","blackbeard:GoldenDefense","blackbeard:PiratesWill","blackbeard:PirateEarring+1","blackbeard:Halberd","blackbeard:DoubleCannonball+1","blackbeard:ReapersScythe","CurseOfTheBell","blackbeard:GoldenCannonball+1","blackbeard:WiseDefense+1","blackbeard:WeaponProficiency+1","blackbeard:PowerHungry","blackbeard:GoldenCannonball","blackbeard:RemoveScurvy","blackbeard:FieryDefense+1","blackbeard:RemoveScurvy"],"relics":["blackbeard:LoadTheCannons","StoneCalendar","Kunai","Singing Bowl","downfall:HeartBlessingRed","theForsaken:PaleLantern","ClockworkSouvenir","Bronze Scales","Ornamental Fan","downfall:HeartBlessingGreen","Calling Bell","Boot","White Beast Statue","Bird Faced Urn","blackbeard:PowderCan","Orichalcum"],"acts_visited":["Exordium","TheCity","TheBeyond"],"potions_floor_usage":[42,47,47],"damage_taken":[{"damage":0.0,"enemies":"Cultist","floor":2.0,"turns":4.0},{"damage":0.0,"enemies":"2 Louse","floor":4.0,"turns":3.0},{"damage":0.0,"enemies":"Small Slimes","floor":6.0,"turns":4.0},{"damage":4.0,"enemies":"3 Sentries","floor":8.0,"turns":7.0},{"damage":0.0,"enemies":"downfall:FleeingMerchant","floor":9.0,"turns":4.0},{"damage":2.0,"enemies":"3 Louse","floor":10.0,"turns":3.0},{"damage":8.0,"enemies":"Gremlin Gang","floor":12.0,"turns":5.0},{"damage":0.0,"enemies":"Exordium Wildlife","floor":13.0,"turns":3.0},{"damage":3.0,"enemies":"Red Slaver","floor":15.0,"turns":4.0},{"damage":23.0,"enemies":"downfall:Watcher","floor":16.0,"turns":7.0},{"damage":14.0,"enemies":"3 Byrds","floor":20.0,"turns":6.0},{"damage":12.0,"enemies":"Snake Plant","floor":21.0,"turns":5.0},{"damage":10.0,"enemies":"downfall:FleeingMerchant","floor":22.0,"turns":4.0},{"damage":4.0,"enemies":"Centurion and Healer","floor":23.0,"turns":5.0},{"damage":11.0,"enemies":"Snecko","floor":25.0,"turns":4.0},{"damage":0.0,"enemies":"downfall:FleeingMerchant","floor":27.0,"turns":4.0},{"damage":10.0,"enemies":"Shelled Parasite and Fungi","floor":28.0,"turns":4.0},{"damage":49.0,"enemies":"Gremlin Leader","floor":29.0,"turns":7.0},{"damage":18.0,"enemies":"Centurion and Healer","floor":32.0,"turns":6.0},{"damage":8.0,"enemies":"downfall:Defect","floor":33.0,"turns":7.0},{"damage":0.0,"enemies":"Orb Walker","floor":36.0,"turns":3.0},{"damage":51.0,"enemies":"3 Darklings","floor":37.0,"turns":6.0},{"damage":21.0,"enemies":"Transient","floor":38.0,"turns":5.0},{"damage":4.0,"enemies":"Sphere and 2 Shapes","floor":40.0,"turns":7.0},{"damage":42,"enemies":"Nemesis","floor":42,"turns":5},{"damage":0,"enemies":"Spire Growth","floor":43,"turns":5},{"damage":16,"enemies":"downfall:FleeingMerchant","floor":44,"turns":3},{"damage":22,"enemies":"Transient","floor":45,"turns":5},{"damage":38,"enemies":"Jaw Worm Horde","floor":47,"turns":6},{"damage":27,"enemies":"Maw","floor":49,"turns":7},{"damage":35,"enemies":"downfall:Silent","floor":50,"turns":9}],"seed_played":"3430784680039438072","potions_obtained":[{"floor":4.0,"key":"Regen Potion"},{"floor":10.0,"key":"AttackPotion"},{"floor":12.0,"key":"CultistPotion"},{"floor":23.0,"key":"DuplicationPotion"},{"floor":25.0,"key":"champ:CounterPotion"},{"floor":28.0,"key":"blackbeard:UpgradePotion"},{"floor":32.0,"key":"BlessingOfTheForge"},{"floor":33.0,"key":"hexamod:EctoCoolerPotion"},{"floor":36.0,"key":"SkillPotion"},{"floor":37.0,"key":"SneckoOil"},{"floor":38.0,"key":"SpeedPotion"},{"floor":40.0,"key":"BlessingOfTheForge"},{"floor":42,"key":"ColorlessPotion"},{"floor":43,"key":"blackbeard:RumPotion"},{"floor":47,"key":"sneckomod:MuddlingPotion"},{"floor":49,"key":"blackbeard:OrangeJuicePotion"}],"is_trial":false,"path_per_floor":["R","M","?","M","?","M","T","E","$","M","R","M","M","?","M","B",null,"R","?","M","M","$","M","T","M","R","$","M","E","R","?","M","B",null,"R","M","M","M","?","M","T","E","M","$","M","?","M","?","M","B",null],"character_chosen":"BLACKBEARD_CLASS","items_purchased":["Bandage Up","ClockworkSouvenir","blackbeard:Rum","blackbeard:PirateEarring","Orichalcum","blackbeard:GoldenCannonball"],"campfire_rested":2,"item_purchase_floors":[9,22,22,27,44,44],"current_hp_per_floor":[75,75,75,75,75,75,75,71,71,69,69,65,69,69,70,51,75,75,67,59,51,45,45,45,50,73,77,69,24,48,48,34,30,81,81,81,38,25,91,93,93,59,63,51,39,39,18,109,90,72],"gold":54,"neow_bonus":"ONE_RARE_RELIC","is_daily":false,"chose_seed":false,"campfire_upgraded":3,"win_rate":0.0,"timestamp":1608648463,"path_taken":["R","M","?","?","?","M","T","E","$","M","R","M","M","?","M","BOSS","R","?","?","M","$","M","T","M","R","$","?","E","R","?","M","BOSS","R","M","M","M","?","M","T","E","?","$","M","?","?","?","M","BOSS"],"items_purchased_type":["Card","Relic","Card","Card","Relic","Card"],"build_version":"2020-12-13","purchased_purges":2,"victory":true,"max_hp_per_floor":[75,75,75,75,75,75,75,75,75,75,75,75,75,75,75,75,75,75,75,77,77,77,77,77,79,79,79,81,81,81,81,81,81,81,81,81,81,81,91,93,93,95,97,97,97,97,97,109,109,109],"card_choices":[{"not_picked":["blackbeard:TacticalRetreat","blackbeard:BlindAttacks"],"picked":"blackbeard:FieryDefense","floor":2.0},{"not_picked":["blackbeard:Rum","blackbeard:DeadlyArsenal"],"picked":"blackbeard:BuriedTreasure","floor":4.0},{"not_picked":["blackbeard:CloakAndCannonball","blackbeard:BlindAttacks"],"picked":"blackbeard:Rum","floor":6.0},{"not_picked":["blackbeard:TerrorOfTheSeas","blackbeard:Toast"],"picked":"blackbeard:FishingNets","floor":8.0},{"not_picked":["blackbeard:DoubleBottom","blackbeard:Sharpening"],"picked":"blackbeard:GoldenStrike","floor":9.0},{"not_picked":["blackbeard:GoldenDefense","blackbeard:SwordDance"],"picked":"blackbeard:FishingNets","floor":10.0},{"not_picked":["blackbeard:DeadlyArsenal","blackbeard:BlindAttacks"],"picked":"blackbeard:Lifeboat","floor":12.0},{"not_picked":["blackbeard:ArmorUp","blackbeard:PirateHook"],"picked":"blackbeard:Spear","floor":13.0},{"not_picked":["blackbeard:Dagger","blackbeard:BrownPants"],"picked":"blackbeard:Spear","floor":15.0},{"not_picked":["blackbeard:Intoxication","blackbeard:FinalBarrage"],"picked":"blackbeard:BountyHunter","floor":16.0},{"not_picked":["blackbeard:WiseDefense","blackbeard:TacticalRetreat","blackbeard:PiratesWill"],"picked":"Singing Bowl","floor":20.0},{"not_picked":["blackbeard:Recklessness","blackbeard:GoldenDefense"],"picked":"blackbeard:RearmingStrike","floor":21.0},{"not_picked":["blackbeard:Spear","blackbeard:Sharpening"],"picked":"blackbeard:GoldenStrike","floor":22.0},{"not_picked":["blackbeard:SwordDance","blackbeard:FieryDefense"],"picked":"blackbeard:GoldenDefense","floor":23.0},{"not_picked":["blackbeard:WeaponProficiency","blackbeard:MegaUpgrade","blackbeard:PirateHook"],"picked":"Singing Bowl","floor":25.0},{"not_picked":["blackbeard:CaptainsCabin","blackbeard:Toast"],"picked":"blackbeard:PiratesWill","floor":27.0},{"not_picked":["blackbeard:Spear","blackbeard:Shrapnel","blackbeard:PiratesWill"],"picked":"Singing Bowl","floor":28.0},{"not_picked":["blackbeard:Upgrade","blackbeard:Scrap+1"],"picked":"blackbeard:Halberd","floor":29.0},{"not_picked":["blackbeard:GoldenStrike","blackbeard:Spear+1"],"picked":"blackbeard:DoubleCannonball+1","floor":32.0},{"not_picked":["blackbeard:BountyHunter","blackbeard:PowerHungry"],"picked":"blackbeard:ReapersScythe","floor":33.0},{"not_picked":["blackbeard:CatONineTails+1","blackbeard:RemoveScurvy"],"picked":"blackbeard:GoldenCannonball+1","floor":36.0},{"not_picked":["blackbeard:DangerousBlow+1","blackbeard:Dagger"],"picked":"blackbeard:WiseDefense+1","floor":37.0},{"not_picked":["blackbeard:TacticalRetreat+1","blackbeard:Sword"],"picked":"blackbeard:WeaponProficiency","floor":38.0},{"not_picked":["blackbeard:Toast+1","blackbeard:GoldenDefense","blackbeard:ChaoticDefense"],"picked":"Singing Bowl","floor":40.0},{"not_picked":["blackbeard:Sword+1","blackbeard:WoodenLeg+1","blackbeard:FieryDefense"],"picked":"Singing Bowl","floor":42},{"not_picked":["blackbeard:TacticalRetreat","blackbeard:PiratesWill+1","blackbeard:WeaponProficiency+1"],"picked":"Singing Bowl","floor":43},{"not_picked":["blackbeard:Dagger+1","blackbeard:BountyHunter"],"picked":"blackbeard:PowerHungry","floor":44},{"not_picked":["blackbeard:Dagger+1","blackbeard:SwordDance"],"picked":"blackbeard:RemoveScurvy","floor":45},{"not_picked":["blackbeard:BeatUp","blackbeard:PirateHook"],"picked":"blackbeard:FieryDefense+1","floor":47},{"not_picked":["blackbeard:RearmingStrike","blackbeard:AgileStrike"],"picked":"blackbeard:RemoveScurvy","floor":49}],"player_experience":662527,"relics_obtained":[{"floor":7.0,"key":"Kunai"},{"floor":8.0,"key":"Singing Bowl"},{"floor":24.0,"key":"Bronze Scales"},{"floor":29.0,"key":"Ornamental Fan"},{"floor":34.0,"key":"Boot"},{"floor":34.0,"key":"White Beast Statue"},{"floor":34.0,"key":"Bird Faced Urn"},{"floor":42,"key":"blackbeard:PowderCan"}],"event_choices":[{"damage_healed":0.0,"max_hp_gain":0.0,"max_hp_loss":0.0,"gold_gain":0.0,"cards_transformed":["blackbeard:BlackbeardStrike"],"event_name":"Transmorgrifier","player_choice":"Transformed","floor":3.0,"gold_loss":0.0,"damage_taken":0.0,"cards_obtained":["blackbeard:DoubleBottom"]},{"damage_healed":0.0,"max_hp_gain":0.0,"max_hp_loss":0.0,"gold_gain":0.0,"event_name":"Lab","player_choice":"Got Potions","floor":14.0,"gold_loss":0.0,"damage_taken":0.0},{"damage_healed":0,"gold_gain":0,"player_choice":"Upgraded","damage_taken":0,"max_hp_gain":0,"max_hp_loss":0,"event_name":"Upgrade Shrine","floor":46,"gold_loss":0,"cards_upgraded":["blackbeard:WeaponProficiency"]}],"is_beta":false,"boss_relics":[{"not_picked":["Sozu","Runic Dome"],"picked":"theForsaken:PaleLantern"},{"not_picked":["Velvet Choker","Tiny House"],"picked":"Calling Bell"}],"items_purged_floors":[22,44],"is_endless":false,"potions_floor_spawned":[4,10,12,13,21,23,25,28,32,33,36,37,38,40,42,43,44,45,47,49],"ascension_level":1}}