{"host":"dvpvhz1t6etneyb3","time":1608666965,"event":{"mods":["AchievementEnabler","BaseMod","Colored Map","Highlight Path","Minty Spire (QoL Compilation)","Permanent Neow","Quick Restart"],"gold_per_floor":[113,126,142,142,142,142,160,189,189,219,219,229,65,83,83,156,156,169,179,179,179,179,179,206,221,221,234,250,263,263,282,282,282,282],"floor_reached":33,"playtime":2181,"items_purged":["Strike_P"],"score":737,"play_id":"0a26e0ce-2ca4-4a2f-a475-9ee4588e5791","local_time":"20201222145605","is_ascension_mode":true,"campfire_choices":[{"data":"Vigilance","floor":6.0,"key":"SMITH"},{"data":"LessonLearned","floor":11.0,"key":"SMITH"},{"data":"Nirvana","floor":15.0,"key":"SMITH"},{"floor":23.0,"key":"REST"},{"floor":30.0,"key":"REST"},{"floor":32.0,"key":"REST"}],"circlet_count":0,"master_deck":["AscendersBane","Strike_P+1","Strike_P+1","Strike_P+1","Defend_P+1","Defend_P+1","Defend_P+1","Defend_P+1","Eruption+1","Vigilance+1","CutThroughFate+1","FlurryOfBlows+1","FlurryOfBlows+1","Tantrum+1","LessonLearned+1","Nirvana+1","Protect","Wireheading+1","Weave","ThirdEye+1","SpiritShield+1","Adaptation","ClearTheMind+1","ClearTheMind","TalkToTheHand","Protect","Crescendo+1"],"relics":["PureWater","Bag of Preparation","TeardropLocket","Pen Nib","Prayer Wheel","VioletLotus","Mango","Mercury Hourglass"],"acts_visited":["Exordium","TheCity"],"potions_floor_usage":[33],"damage_taken":[{"damage":6.0,"enemies":"Cultist","floor":1.0,"turns":3.0},{"damage":1.0,"enemies":"2 Louse","floor":2.0,"turns":4.0},{"damage":0.0,"enemies":"Jaw Worm","floor":3.0,"turns":4.0},{"damage":2.0,"enemies":"3 Louse","floor":7.0,"turns":3.0},{"damage":0.0,"enemies":"Gremlin Nob","floor":8.0,"turns":2.0},{"damage":10.0,"enemies":"3 Sentries","floor":10.0,"turns":6.0},{"damage":0.0,"enemies":"2 Fungi Beasts","floor":12.0,"turns":2.0},{"damage":0.0,"enemies":"Exordium Wildlife","floor":14.0,"turns":2.0},{"damage":0.0,"enemies":"The Guardian","floor":16.0,"turns":13.0},{"damage":24.0,"enemies":"2 Thieves","floor":18.0,"turns":5.0},{"damage":7.0,"enemies":"3 Byrds","floor":19.0,"turns":4.0},{"damage":22.0,"enemies":"Slavers","floor":24.0,"turns":4.0},{"damage":21.0,"enemies":"Snake Plant","floor":25.0,"turns":7.0},{"damage":0.0,"enemies":"Snecko","floor":27.0,"turns":5.0},{"damage":6.0,"enemies":"Shelled Parasite and Fungi","floor":28.0,"turns":3.0},{"damage":5.0,"enemies":"3 Cultists","floor":29.0,"turns":3.0},{"damage":0.0,"enemies":"Cultist and Chosen","floor":31.0,"turns":5.0},{"damage":70,"enemies":"Champ","floor":33,"turns":10}],"seed_played":"-4226528056535826076","potions_obtained":[{"floor":1.0,"key":"Regen Potion"},{"floor":3.0,"key":"SteroidPotion"},{"floor":10.0,"key":"Fruit Juice"},{"floor":18.0,"key":"BottledMiracle"},{"floor":24.0,"key":"Energy Potion"},{"floor":28.0,"key":"SteroidPotion"},{"floor":31.0,"key":"DuplicationPotion"}],"is_trial":false,"path_per_floor":["M","M","M","?","?","R","M","E","T","E","R","M","$","M","R","B",null,"M","M","?","?","?","R","E","M","T","M","M","M","R","M","R","B"],"character_chosen":"WATCHER","items_purchased":["Wireheading"],"campfire_rested":3,"item_purchase_floors":[13],"current_hp_per_floor":[55,54,54,54,49,49,47,47,47,37,37,37,37,37,37,37,60,41,34,13,13,13,36,28,7,7,21,15,10,37,37,64,0,0],"gold":282,"neow_bonus":"UPGRADE_CARD","is_daily":false,"chose_seed":false,"campfire_upgraded":3,"win_rate":0.0,"timestamp":1608666965,"path_taken":["M","M","M","?","?","R","M","E","T","E","R","M","$","M","R","BOSS","M","M","?","?","?","R","E","?","T","M","M","M","R","M","R","BOSS"],"items_purchased_type":["Card"],"build_version":"2020-12-13","purchased_purges":1,"victory":false,"max_hp_per_floor":[68,68,68,68,68,68,68,68,68,68,68,68,68,68,68,68,68,73,73,78,78,78,78,92,92,92,92,92,92,92,92,92,92,92],"card_choices":[{"not_picked":["Worship","Halt"],"picked":"CutThroughFate","floor":1.0},{"not_picked":["CrushJoints","Pray"],"picked":"FlurryOfBlows","floor":2.0},{"not_picked":["FollowUp","EmptyFist"],"picked":"FlurryOfBlows","floor":3.0},{"not_picked":["Protect","Nirvana"],"picked":"Tantrum","floor":7.0},{"not_picked":["Conclude","Adaptation"],"picked":"LessonLearned","floor":8.0},{"not_picked":["FlurryOfBlows","Pray"],"picked":"Nirvana","floor":10.0},{"not_picked":["Vengeance","SandsOfTime"],"picked":"Protect","floor":12.0},{"not_picked":["JustLucky","Consecrate","Indignation"],"picked":"SKIP","floor":12.0},{"not_picked":["Collect","FlyingSleeves"],"picked":"Weave","floor":14.0},{"not_picked":["FlurryOfBlows","WreathOfFlame"],"picked":"ThirdEye","floor":14.0},{"not_picked":["DevaForm","Alpha"],"picked":"SpiritShield","floor":16.0},{"not_picked":["Protect","Halt"],"picked":"Adaptation","floor":18.0},{"not_picked":["SignatureMove","ThirdEye","Evaluate"],"picked":"SKIP","floor":18.0},{"not_picked":["Halt","FlurryOfBlows"],"picked":"ClearTheMind+1","floor":19.0},{"not_picked":["Collect","Crescendo","SashWhip"],"picked":"SKIP","floor":19.0},{"not_picked":["FollowUp","FlurryOfBlows","WindmillStrike"],"picked":"SKIP","floor":24.0},{"not_picked":["Crescendo","EmptyMind"],"picked":"ClearTheMind","floor":25.0},{"not_picked":["WindmillStrike","Crescendo"],"picked":"TalkToTheHand","floor":25.0},{"not_picked":["JustLucky","Evaluate"],"picked":"Protect","floor":27.0},{"not_picked":["Evaluate","Adaptation","Consecrate"],"picked":"SKIP","floor":27.0},{"not_picked":["Evaluate","Adaptation","Consecrate"],"picked":"SKIP","floor":27.0},{"not_picked":["PathToVictory","CrushJoints","LessonLearned"],"picked":"SKIP","floor":28.0},{"not_picked":["ClearTheMind","Crescendo","Indignation"],"picked":"SKIP","floor":28.0},{"not_picked":["CutThroughFate","Evaluate","BowlingBash"],"picked":"SKIP","floor":29.0},{"not_picked":["Protect","PathToVictory+1","ClearTheMind"],"picked":"SKIP","floor":29.0},{"not_picked":["DeceiveReality","Vengeance"],"picked":"Crescendo+1","floor":31.0},{"not_picked":["Vengeance","Protect","ClearTheMind"],"picked":"SKIP","floor":31.0}],"player_experience":1935443,"relics_obtained":[{"floor":8.0,"key":"TeardropLocket"},{"floor":9.0,"key":"Pen Nib"},{"floor":10.0,"key":"Prayer Wheel"},{"floor":24.0,"key":"Mango"},{"floor":26.0,"key":"Mercury Hourglass"}],"event_choices":[{"damage_healed":0.0,"max_hp_gain":0.0,"max_hp_loss":0.0,"gold_gain":0.0,"event_name":"Liars Game","player_choice":"Ignored","floor":4.0,"gold_loss":0.0,"damage_taken":0.0},{"damage_healed":0.0,"max_hp_gain":0.0,"max_hp_loss":0.0,"gold_gain":0.0,"event_name":"Scrap Ooze","player_choice":"Success","floor":5.0,"gold_loss":0.0,"damage_taken":5.0,"relics_obtained":["Bag of Preparation"]},{"damage_healed":0.0,"max_hp_gain":5.0,"max_hp_loss":0.0,"gold_gain":0.0,"event_name":"Forgotten Altar","player_choice":"Shed Blood","floor":20.0,"gold_loss":0.0,"damage_taken":26.0},{"damage_healed":0.0,"max_hp_gain":0.0,"max_hp_loss":0.0,"gold_gain":0.0,"event_name":"Cursed Tome","player_choice":"Ignored","floor":21.0,"gold_loss":0.0,"damage_taken":0.0},{"damage_healed":0.0,"max_hp_gain":0.0,"max_hp_loss":0.0,"gold_gain":0.0,"event_name":"Back to Basics","player_choice":"Simplicity","floor":22.0,"gold_loss":0.0,"damage_taken":0.0,"cards_upgraded":["Strike_P","Strike_P","Defend_P","Defend_P","Defend_P"]}],"is_beta":false,"boss_relics":[{"not_picked":["Snecko Eye","SlaversCollar"],"picked":"VioletLotus"}],"items_purged_floors":[13],"is_endless":false,"potions_floor_spawned":[1,3,10,14,16,18,24,28,31],"killed_by":"Champ","ascension_level":20}}