{"host":"gbop6m4qugddaz18","time":1608664575,"event":{"mods":["2.2 Compatiblity","BaseMod","Better Third Choice","Block Reminder","Downfall","GifTheSpireLib","Highlight Path","Minty Spire (QoL Compilation)","Replay The Spire","StSLib"],"gold_per_floor":[110,121,132,132,148,174,174,199,225,225,256,256,272,288,288,389,389,402,412,24,24,44,44,44],"floor_reached":23,"playtime":977,"items_purged":[],"score":302,"play_id":"111f46bc-2bab-44c8-b6e1-8e3e86a6eeab","local_time":"20201222141615","is_ascension_mode":true,"campfire_choices":[{"floor":7,"key":"REST"},{"floor":12,"key":"REST"}],"circlet_count":0,"master_deck":["Strike_B","Strike_B","Strike_B","Strike_B","Defend_B","Defend_B","Defend_B","Defend_B","Zap","Dualcast","Defragment","White Noise","Double Energy","Go for the Eyes","Leap","Hyperbeam+1","Sunder","Rip and Tear","Beam Cell","Apotheosis+1","Hyperbeam+1","Cold Snap","Coolheaded+1","Defragment+1","Conserve Battery+1","Leap+1","Compile Driver"],"relics":["Cracked Core","NeowsBlessing","Golden Egg","hexamod:BolsterEngine","Meat on the Bone","Regal Pillow","Replay:Multitool","Busted Crown","PreservedInsect","DollysMirror"],"acts_visited":["Exordium","TheCity"],"potions_floor_usage":[6,6,11,16,16,22],"damage_taken":[{"damage":0,"enemies":"Cultist","floor":1,"turns":1},{"damage":0,"enemies":"Small Slimes","floor":2,"turns":1},{"damage":0,"enemies":"2 Louse","floor":3,"turns":1},{"damage":6,"enemies":"Looter","floor":5,"turns":4},{"damage":21,"enemies":"3 Sentries","floor":6,"turns":5},{"damage":31,"enemies":"Lagavulin","floor":8,"turns":6},{"damage":47,"enemies":"Gremlin Nob","floor":11,"turns":5},{"damage":0,"enemies":"Gremlin Gang","floor":13,"turns":1},{"damage":3,"enemies":"Blue Slaver","floor":14,"turns":3},{"damage":0,"enemies":"Slime Boss","floor":16,"turns":6},{"damage":4,"enemies":"Shell Parasite","floor":18,"turns":3},{"damage":0,"enemies":"3 Byrds","floor":19,"turns":1},{"damage":10,"enemies":"3 Cultists","floor":22,"turns":4},{"damage":62,"enemies":"Gremlin Leader","floor":23,"turns":4}],"seed_played":"5237778047535855974","potions_obtained":[{"floor":3,"key":"champ:CounterPotion"},{"floor":5,"key":"ColorlessPotion"},{"floor":8,"key":"Weak Potion"},{"floor":11,"key":"AttackPotion"},{"floor":13,"key":"LiquidMemories"},{"floor":19,"key":"Block Potion"}],"is_trial":false,"path_per_floor":["M","M","M","T","M","E","R","E","T","?","E","R","M","M","R","B",null,"M","M","$","?","M","E"],"character_chosen":"DEFECT","items_purchased":["PreservedInsect","DollysMirror","Conserve Battery+1","Leap"],"campfire_rested":2,"item_purchase_floors":[20,20,20,20],"current_hp_per_floor":[75,75,75,75,69,48,70,39,39,64,29,66,66,63,63,63,75,71,71,71,71,61,0,0],"gold":44,"neow_bonus":"THREE_ENEMY_KILL","is_daily":false,"chose_seed":false,"campfire_upgraded":0,"win_rate":0.0,"timestamp":1608664575,"path_taken":["M","M","M","?","M","E","R","E","T","?","E","R","M","M","R","BOSS","M","?","$","?","M","E"],"items_purchased_type":["Relic","Relic","Card","Card"],"build_version":"2020-12-13","purchased_purges":0,"victory":false,"max_hp_per_floor":[75,75,75,75,75,75,75,75,75,75,75,75,75,75,75,75,75,75,75,75,75,75,75,75],"card_choices":[{"not_picked":["BasicCrystalCard","Turbo"],"picked":"Defragment","floor":1},{"not_picked":["Leap","ReplayTheSpireMod:GoodbyeWorld"],"picked":"White Noise","floor":2},{"not_picked":["Consume","ReplayTheSpireMod:Reroute Power"],"picked":"Double Energy","floor":3},{"not_picked":["Rebound","Barrage"],"picked":"Go for the Eyes","floor":5},{"not_picked":["Rebound","Gash"],"picked":"Leap","floor":6},{"not_picked":["Steam","Barrage"],"picked":"Hyperbeam","floor":8},{"not_picked":["Barrage","Leap"],"picked":"Sunder","floor":11},{"not_picked":["Time Bomb","Streamline"],"picked":"Rip and Tear","floor":13},{"not_picked":["Crystallizer","Hello World"],"picked":"Beam Cell","floor":14},{"not_picked":["Fission","Reboot"],"picked":"Hyperbeam","floor":16},{"not_picked":[],"picked":"Cold Snap","floor":18},{"not_picked":[],"picked":"Coolheaded+1","floor":19},{"not_picked":[],"picked":"Compile Driver","floor":22}],"player_experience":583309,"relics_obtained":[{"floor":4,"key":"Golden Egg"},{"floor":6,"key":"hexamod:BolsterEngine"},{"floor":8,"key":"Meat on the Bone"},{"floor":9,"key":"Regal Pillow"},{"floor":11,"key":"Replay:Multitool"}],"event_choices":[{"damage_healed":25,"gold_gain":0,"player_choice":"Banana","damage_taken":0,"max_hp_gain":0,"max_hp_loss":0,"event_name":"Big Fish","floor":10,"gold_loss":0},{"damage_healed":63,"gold_gain":0,"player_choice":"Embrace","damage_taken":0,"max_hp_gain":0,"max_hp_loss":75,"event_name":"betterThird:BetterShining","floor":15,"gold_loss":0}],"is_beta":false,"boss_relics":[{"not_picked":["Ectoplasm","Sozu"],"picked":"Busted Crown"}],"items_purged_floors":[],"is_endless":false,"potions_floor_spawned":[3,5,8,11,13,19],"killed_by":"Gremlin Leader","ascension_level":3}}