{"host":"tj6tjcyqgbd0xj5u","time":1608601400,"event":{"mods":["Aspiration","BaseMod","Better Match","BetterRewards","Challenge The Spire","Conspire","Defuse TimeMaze Blight","Energized Spire","GifTheSpireLib","Gremlin Mod","Halation","Hubris","Infinite Spire","Minty Spire (QoL Compilation)","Replay The Spire","Reworked Bosses","Robot Space Explorer","Spikes Relics","StSLib","Stuff the Spire","The Gatherer","The Sage","vexMod"],"gold_per_floor":[119,132,145,145,145,179,179,220,220,220,258,61,61,6,6,129,229,143,143,143,143],"floor_reached":20,"playtime":891,"items_purged":[],"score":224,"play_id":"12b2cb91-39d1-4f6d-b454-fcd7f5357f0a","local_time":"20201221214320","is_ascension_mode":true,"campfire_choices":[{"data":"StuffTheSpire:Python","floor":7,"key":"SMITH"},{"data":"StuffTheSpire:Injection","floor":10,"key":"SMITH"},{"data":"StuffTheSpire:Python","floor":13,"key":"SMITH"},{"data":"StuffTheSpire:Python","floor":15,"key":"SMITH"}],"circlet_count":0,"master_deck":["Strike_G","Strike_G","Strike_G","Strike_G","Defend_G","Defend_G","Defend_G","Defend_G","Defend_G","Survivor","Neutralize","Dagger Spray","Cloak And Dagger","StuffTheSpire:ReptileScales","StuffTheSpire:Python+1","Leg Sweep+1","StuffTheSpire:Injection+1","Flying Knee","Eviscerate","StuffTheSpire:Python+1","StuffTheSpire:Python+1","Atom Bomb","Footwork"],"relics":["Ring of the Snake","Golden Idol","Replay:Wax Seal","infinitespire:EmpoweringShard","Snack Pack","Pet Ghost","aspiration:TomeofQuesting","Lee\u0027s Waffle","Replay:Wanted Poster"],"acts_visited":["Exordium","TheCity"],"potions_floor_usage":[6,8,11],"damage_taken":[{"damage":0,"enemies":"Small Slimes","floor":1,"turns":3},{"damage":0,"enemies":"conspire:RoseBush","floor":2,"turns":3},{"damage":0,"enemies":"Jaw Worm","floor":3,"turns":4},{"damage":1,"enemies":"3 Sentries","floor":6,"turns":11},{"damage":0,"enemies":"Replay:BlueRogue","floor":8,"turns":4},{"damage":12,"enemies":"3 Sentries","floor":11,"turns":5},{"damage":17,"enemies":"The Guardian","floor":16,"turns":10},{"damage":28,"enemies":"conspire:FuzzyDice","floor":18,"turns":7},{"damage":58,"enemies":"3 Byrds","floor":20,"turns":5}],"seed_played":"5644333918332467622","potions_obtained":[{"floor":3,"key":"Adrenaline Potion"},{"floor":6,"key":"SkillPotion"},{"floor":8,"key":"Fire Potion"}],"is_trial":false,"path_per_floor":["M","M","M","?","?","E","R","E","T","R","E","$","R","$","R","B",null,"M","?","M"],"character_chosen":"THE_SILENT","items_purchased":["aspiration:TomeofQuesting","StuffTheSpire:Python","Lee\u0027s Waffle"],"campfire_rested":0,"item_purchase_floors":[12,12,14],"current_hp_per_floor":[70,70,70,70,53,52,52,52,52,52,44,44,44,77,77,60,77,50,47,0,0],"gold":143,"neow_bonus":"THREE_CARDS","is_daily":false,"chose_seed":false,"campfire_upgraded":4,"win_rate":0.0,"timestamp":1608601400,"path_taken":["M","M","M","?","?","E","R","E","T","R","E","$","R","?","R","BOSS","M","?","M"],"items_purchased_type":["Relic","Card","Relic"],"build_version":"2020-12-13","purchased_purges":0,"victory":false,"max_hp_per_floor":[70,70,70,70,70,70,70,70,70,70,70,70,70,77,77,77,77,77,77,77,77],"card_choices":[{"not_picked":["conspire:PoisonWeapons","Acrobatics"],"picked":"Dagger Spray","floor":0},{"not_picked":["All Out Attack","hubris:SlightOfHand"],"picked":"Cloak And Dagger","floor":1},{"not_picked":["Outmaneuver","Dodge and Roll"],"picked":"StuffTheSpire:ReptileScales","floor":2},{"not_picked":["Hidden Blade","Acrobatics"],"picked":"StuffTheSpire:Python","floor":3},{"not_picked":["hubris:SlightOfHand","StuffTheSpire:Incursion"],"picked":"StuffTheSpire:Injection","floor":6},{"not_picked":["ReplayTheSpireMod:Shiv Toss","Poison Darts"],"picked":"Flying Knee","floor":8},{"not_picked":["StuffTheSpire:ClusterCrunch","StuffTheSpire:Shiver"],"picked":"Eviscerate","floor":11},{"not_picked":["ReplayTheSpireMod:Necrosis","Wraith Form v2"],"picked":"Atom Bomb","floor":16},{"not_picked":["Backflip","Cloak And Dagger"],"picked":"Footwork","floor":18}],"player_experience":50861,"relics_obtained":[{"floor":6,"key":"Replay:Wax Seal"},{"floor":8,"key":"infinitespire:EmpoweringShard"},{"floor":9,"key":"Snack Pack"},{"floor":11,"key":"Pet Ghost"}],"event_choices":[{"damage_healed":0,"gold_gain":0,"player_choice":"Take Damage","damage_taken":17,"relics_obtained":["Golden Idol"],"max_hp_gain":0,"max_hp_loss":0,"event_name":"Golden Idol","floor":5,"gold_loss":0},{"damage_healed":0,"gold_gain":0,"player_choice":"Punched","damage_taken":3,"max_hp_gain":0,"max_hp_loss":0,"event_name":"Designer","floor":19,"gold_loss":0}],"is_beta":false,"boss_relics":[{"not_picked":["Snecko Scales","Tiny House"],"picked":"Replay:Wanted Poster"}],"items_purged_floors":[],"is_endless":false,"potions_floor_spawned":[3,6,8],"killed_by":"3 Byrds","ascension_level":1}}