{"host":"jrmqsbok61y7b34d","time":1608649039,"event":{"mods":["BaseMod","Better Skull","Colored Map","Colored Powertips","Emptier Cage","Minty Spire (QoL Compilation)","Permanent Neow","Quick Restart","Relic Stats","StSLib","Unceasing Turn Reminder"],"gold_per_floor":[218,75,94,105,105,105,132,132,159,177,177,203,203,29,29,125,125,135,146,163,163,163,198,198,227,227,254,254,10,10,44,44,147,147,164,214,12,30,30,60,87,87,110,122,150,195,207,62,62,62,62,62,13,45,45,45],"floor_reached":55,"playtime":4562,"items_purged":["Strike_R","Strike_R","Defend_R"],"score":1265,"play_id":"ce7c1a7e-3529-4953-9baa-48d88a31b41c","local_time":"20201222145719","is_ascension_mode":true,"campfire_choices":[{"data":"Carnage","floor":6.0,"key":"SMITH"},{"data":"Bash","floor":8.0,"key":"SMITH"},{"data":"True Grit","floor":13.0,"key":"SMITH"},{"data":"Clothesline","floor":15.0,"key":"SMITH"},{"floor":24.0,"key":"REST"},{"floor":32,"key":"RECALL"},{"floor":44,"key":"REST"},{"floor":49,"key":"REST"},{"floor":52,"key":"REST"}],"circlet_count":0,"master_deck":["AscendersBane","Bash+1","Ghostly Armor+1","Carnage+1","Headbutt","Clothesline+1","Burning Pact+1","Battle Trance","True Grit+1","Shrug It Off","Armaments","Immolate","Feed","RitualDagger","True Grit","Offering","Double Tap","Armaments+1","Rampage","Sadistic Nature","Dual Wield","Double Tap"],"relics":["Burning Blood","Bronze Scales","Strawberry","Lee\u0027s Waffle","Fusion Hammer","WingedGreaves","War Paint","Mercury Hourglass","PreservedInsect","Omamori","Blood Vial","Busted Crown","Magic Flower","Bottled Flame","Boot","MawBank","Blue Candle","Oddly Smooth Stone","Lizard Tail"],"acts_visited":["Exordium","TheCity","TheBeyond","TheEnding"],"potions_floor_usage":[27,33,33,50,54,55,55],"damage_taken":[{"damage":6.0,"enemies":"Cultist","floor":1.0,"turns":4.0},{"damage":2.0,"enemies":"Small Slimes","floor":3.0,"turns":3.0},{"damage":0.0,"enemies":"2 Louse","floor":4.0,"turns":2.0},{"damage":20.0,"enemies":"3 Sentries","floor":7.0,"turns":8.0},{"damage":1.0,"enemies":"Looter","floor":10.0,"turns":2.0},{"damage":16.0,"enemies":"Gremlin Nob","floor":12.0,"turns":3.0},{"damage":19.0,"enemies":"The Guardian","floor":16.0,"turns":9.0},{"damage":0.0,"enemies":"Chosen","floor":18.0,"turns":3.0},{"damage":10.0,"enemies":"2 Thieves","floor":19.0,"turns":5.0},{"damage":16.0,"enemies":"3 Cultists","floor":20.0,"turns":6.0},{"damage":20.0,"enemies":"Book of Stabbing","floor":23.0,"turns":6.0},{"damage":13.0,"enemies":"Gremlin Leader","floor":25.0,"turns":4.0},{"damage":8,"enemies":"Book of Stabbing","floor":27,"turns":5},{"damage":6,"enemies":"Gremlin Leader","floor":31,"turns":4},{"damage":76,"enemies":"Automaton","floor":33,"turns":9},{"damage":6,"enemies":"Orb Walker","floor":35,"turns":2},{"damage":6,"enemies":"Mind Bloom Boss Battle","floor":36,"turns":2},{"damage":8,"enemies":"3 Shapes","floor":38,"turns":4},{"damage":24,"enemies":"Reptomancer","floor":40,"turns":4},{"damage":18,"enemies":"Nemesis","floor":41,"turns":7},{"damage":28,"enemies":"Maw","floor":45,"turns":6},{"damage":7,"enemies":"Reptomancer","floor":46,"turns":4},{"damage":98,"enemies":"Time Eater","floor":50,"turns":10},{"damage":79,"enemies":"Shield and Spear","floor":54,"turns":7},{"damage":167,"enemies":"The Heart","floor":55,"turns":8}],"seed_played":"-7206588697005548482","potions_obtained":[{"floor":3.0,"key":"BlessingOfTheForge"},{"floor":12.0,"key":"SmokeBomb"},{"floor":16.0,"key":"AttackPotion"},{"floor":19.0,"key":"Weak Potion"},{"floor":23.0,"key":"LiquidBronze"},{"floor":25.0,"key":"Block Potion"},{"floor":38,"key":"Weak Potion"},{"floor":40,"key":"BloodPotion"},{"floor":45,"key":"PowerPotion"}],"is_trial":false,"path_per_floor":["M","$","M","M","?","R","E","R","T","M","?","E","R","$","R","B",null,"M","M","M","?","?","E","R","E","T","E","?","$","?","E","R","B",null,"M","?","$","M","?","E","E","?","T","R","M","E","?","$","R","B",null,"R","$","E","B"],"character_chosen":"IRONCLAD","items_purchased":["Carnage","Lee\u0027s Waffle","Shrug It Off","Omamori","Rampage","Oddly Smooth Stone","Energy Potion"],"campfire_rested":4,"item_purchase_floors":[2,14,14,29,37,48,53],"current_hp_per_floor":[72,72,76,80,80,80,66,66,66,71,64,61,61,94,94,81,91,94,90,80,80,80,66,94,87,87,85,79,79,79,79,79,11,73,75,80,80,90,90,78,77,77,77,99,80,85,85,85,99,10,77,99,99,34,0,0],"gold":45,"neow_bonus":"HUNDRED_GOLD","is_daily":false,"chose_seed":false,"campfire_upgraded":4,"win_rate":0.0,"timestamp":1608649039,"path_taken":["M","$","?","M","?","R","E","R","T","M","?","E","R","$","R","BOSS","M","M","M","?","?","E","R","E","T","E","?","$","?","E","R","BOSS","M","?","$","M","?","E","E","?","T","R","M","E","?","$","R","BOSS","R","$","E","BOSS"],"items_purchased_type":["Card","Relic","Card","Relic","Card","Relic","Potion"],"build_version":"2020-12-13","purchased_purges":3,"victory":false,"max_hp_per_floor":[80,80,80,80,80,80,80,80,80,80,80,87,87,94,94,94,94,94,94,94,94,94,94,94,94,94,94,94,94,94,94,94,94,94,94,97,97,101,101,101,104,99,99,99,99,99,99,99,99,99,99,99,99,102,102,102],"relic_stats":{"Lee\u0027s Waffle":33,"counters":[25,127],"Blue Candle":[0],"Magic Flower":[68],"PreservedInsect":298,"War Paint":["Ghostly Armor","Burning Pact"],"Boot":[4],"MawBank":60,"Burning Blood":160,"Mercury Hourglass":[255],"Blood Vial":21,"Lizard Tail":77,"Busted Crown":18,"Bronze Scales":[413],"obtain_stats":[{"Lee\u0027s Waffle":14,"Blue Candle":46,"Magic Flower":36,"Oddly Smooth Stone":48,"PreservedInsect":27,"Omamori":29,"War Paint":25,"Boot":41,"MawBank":43,"Burning Blood":0,"Mercury Hourglass":26,"Blood Vial":31,"Bottled Flame":40,"Lizard Tail":54,"Busted Crown":34,"Bronze Scales":7,"Strawberry":12,"Fusion Hammer":17,"WingedGreaves":23},{"Lee\u0027s Waffle":6,"Blue Candle":22,"Magic Flower":17,"Oddly Smooth Stone":22,"PreservedInsect":13,"Omamori":13,"War Paint":12,"Boot":20,"MawBank":20,"Burning Blood":0,"Mercury Hourglass":12,"Blood Vial":14,"Bottled Flame":19,"Lizard Tail":24,"Busted Crown":15,"Bronze Scales":4,"Strawberry":6,"Fusion Hammer":7,"WingedGreaves":11},{"Lee\u0027s Waffle":22,"Blue Candle":102,"Magic Flower":77,"Oddly Smooth Stone":102,"PreservedInsect":60,"Omamori":60,"War Paint":55,"Boot":92,"MawBank":92,"Burning Blood":0,"Mercury Hourglass":55,"Blood Vial":64,"Bottled Flame":85,"Lizard Tail":119,"Busted Crown":73,"Bronze Scales":17,"Strawberry":22,"Fusion Hammer":31,"WingedGreaves":51}]},"card_choices":[{"not_picked":["Havoc","Headbutt"],"picked":"Ghostly Armor","floor":1.0},{"not_picked":["Havoc","Wild Strike"],"picked":"Headbutt","floor":3.0},{"not_picked":["Dropkick","Iron Wave"],"picked":"Clothesline","floor":4.0},{"not_picked":["Anger","Evolve"],"picked":"Burning Pact","floor":7.0},{"not_picked":["Bludgeon","Flex"],"picked":"Battle Trance","floor":10.0},{"not_picked":["Sword Boomerang","Heavy Blade"],"picked":"True Grit","floor":12.0},{"not_picked":["Evolve","Inflame"],"picked":"Armaments","floor":18.0},{"not_picked":["Clothesline","Sever Soul","Second Wind"],"picked":"SKIP","floor":19.0},{"not_picked":["Blood for Blood","Iron Wave","Twin Strike"],"picked":"SKIP","floor":20.0},{"not_picked":["Combust+1","Twin Strike","Evolve+1"],"picked":"SKIP","floor":23.0},{"not_picked":["Headbutt","Sword Boomerang+1","Inflame"],"picked":"SKIP","floor":25.0},{"not_picked":["Reckless Charge+1","Cleave"],"picked":"Feed","floor":27},{"not_picked":["Wild Strike","Berserk","Rupture"],"picked":"SKIP","floor":31},{"not_picked":["Barricade","Fiend Fire"],"picked":"Double Tap","floor":33},{"not_picked":["Seeing Red+1"],"picked":"SKIP","floor":35},{"not_picked":[],"picked":"Armaments+1","floor":36},{"not_picked":["Anger+1"],"picked":"SKIP","floor":38},{"not_picked":[],"picked":"Sadistic Nature","floor":39},{"not_picked":["Hemokinesis"],"picked":"SKIP","floor":40},{"not_picked":["Hemokinesis"],"picked":"SKIP","floor":40},{"not_picked":["Flex+1"],"picked":"SKIP","floor":41},{"not_picked":["Clothesline+1"],"picked":"SKIP","floor":45},{"not_picked":["Clothesline"],"picked":"SKIP","floor":46},{"not_picked":[],"picked":"Double Tap","floor":54}],"player_experience":964571,"relics_obtained":[{"floor":7.0,"key":"Bronze Scales"},{"floor":12.0,"key":"Strawberry"},{"floor":23.0,"key":"WingedGreaves"},{"floor":25.0,"key":"War Paint"},{"floor":26.0,"key":"Mercury Hourglass"},{"floor":27,"key":"PreservedInsect"},{"floor":31,"key":"Blood Vial"},{"floor":36,"key":"Magic Flower"},{"floor":40,"key":"Bottled Flame"},{"floor":41,"key":"Boot"},{"floor":43,"key":"MawBank"},{"floor":46,"key":"Blue Candle"},{"floor":54,"key":"Lizard Tail"}],"event_choices":[{"cards_removed":["Strike_R"],"damage_healed":0.0,"max_hp_gain":0.0,"max_hp_loss":0.0,"gold_gain":0.0,"event_name":"Living Wall","player_choice":"Forget","floor":5.0,"gold_loss":0.0,"damage_taken":0.0},{"cards_removed":["Strike_R"],"damage_healed":0.0,"max_hp_gain":0.0,"max_hp_loss":0.0,"gold_gain":0.0,"event_name":"Golden Wing","player_choice":"Card Removal","floor":11.0,"gold_loss":0.0,"damage_taken":7.0},{"damage_healed":0.0,"max_hp_gain":0.0,"max_hp_loss":0.0,"gold_gain":0.0,"event_name":"The Library","player_choice":"Read","floor":21.0,"gold_loss":0.0,"damage_taken":0.0,"cards_obtained":["Immolate"]},{"cards_removed":["Defend_R"],"damage_healed":0.0,"max_hp_gain":0.0,"max_hp_loss":0.0,"gold_gain":0.0,"event_name":"Back to Basics","player_choice":"Elegance","floor":22.0,"gold_loss":0.0,"damage_taken":0.0},{"damage_healed":0,"gold_gain":0,"player_choice":"Joined the Cult","damage_taken":6,"max_hp_gain":0,"max_hp_loss":0,"event_name":"Nest","floor":28,"gold_loss":0,"cards_obtained":["RitualDagger"]},{"damage_healed":0,"gold_gain":0,"cards_transformed":["Strike_R","Defend_R"],"player_choice":"Became Test Subject","damage_taken":0,"max_hp_gain":0,"max_hp_loss":0,"event_name":"Drug Dealer","floor":30,"gold_loss":0,"cards_obtained":["True Grit","Offering"]},{"damage_healed":0,"gold_gain":0,"player_choice":"Fight","damage_taken":0,"max_hp_gain":0,"max_hp_loss":0,"event_name":"MindBloom","floor":36,"gold_loss":0},{"damage_healed":0,"gold_gain":0,"player_choice":"Memory 1","damage_taken":0,"max_hp_gain":0,"max_hp_loss":0,"event_name":"SensoryStone","floor":39,"gold_loss":0},{"damage_healed":0,"gold_gain":0,"player_choice":"Max HP","damage_taken":0,"max_hp_gain":0,"max_hp_loss":5,"event_name":"Winding Halls","floor":42,"gold_loss":0},{"damage_healed":0,"gold_gain":0,"cards_transformed":["Defend_R"],"player_choice":"Transformed","damage_taken":0,"max_hp_gain":0,"max_hp_loss":0,"event_name":"Transmorgrifier","floor":47,"gold_loss":0,"cards_obtained":["Dual Wield"]}],"is_beta":false,"boss_relics":[{"not_picked":["Tiny House","Black Blood"],"picked":"Fusion Hammer"},{"not_picked":["Sozu","Black Star"],"picked":"Busted Crown"}],"items_purged_floors":[2,29,37],"is_endless":false,"potions_floor_spawned":[3,12,16,19,23,25,38,40,45,46],"killed_by":"The Heart","ascension_level":10}}