{"host":"j4tm1fhkymdbe3p9","time":1608604846,"event":{"mods":["A Magickal Journey","BaseMod","Better Third Choice","BetterRewards","Chen","Downfall","Hermit","Hubris","Infinite Spire","Koishi","Luminous","Marisa????????","Mimic Mod","Minty Spire (QoL Compilation)","Reimu??????","Remilia??????","Replay The Spire","Shade Mod","Shop Mod","StSLib","The Administrix","The Animator","The Blackbeard","The Bladedancer","The Construct","The Cursed","The Disciple","The Druid","The Exalted","The Gatherer","The Hierophant","The Mystic","The Necromancer","The Runesmith","The Servant 0.9.4","The Spell Scribe","TheSwordswoman","??????REMEMod"],"gold_per_floor":[118,118,118,118,78,78,95,124,150,178,188,200,153,172,172,273,273,291,319,12,32,44,44,70,70,170,170,170,187,207,29,29,128,128,144,192,384,400,413,425,448,460,472,484,506,529,541,566,578,590],"floor_reached":51,"playtime":5892,"items_purged":["AdministrixMod:PlateOfAntiquity"],"score":777,"play_id":"d6692a28-5a13-4213-acd0-aba5e51e0876","local_time":"20201221214046","is_ascension_mode":false,"campfire_choices":[{"floor":6,"key":"REST"},{"data":"AdministrixMod:ShadowPlay","floor":15,"key":"SMITH"},{"data":"AdministrixMod:ShadowPlay","floor":23,"key":"SMITH"},{"data":"AdministrixMod:ShadowPlay","floor":25,"key":"SMITH"},{"data":"AdministrixMod:LifeforceNet","floor":27,"key":"SMITH"},{"data":"AdministrixMod:PassageOfAges","floor":32,"key":"SMITH"},{"data":"AdministrixMod:HiddenPower","floor":40,"key":"SMITH"},{"floor":44,"key":"REST"},{"data":"AdministrixMod:Mastermind","floor":49,"key":"SMITH"}],"circlet_count":0,"master_deck":["AdministrixMod:RedCloak","AdministrixMod:BlueCloak","hermit:Virtue","AdministrixMod:ShadowPlay+1","AdministrixMod:Katabasis","AdministrixMod:ShadowPlay+1","AdministrixMod:ShadowPlay+1","AdministrixMod:RebukeDesires","AdministrixMod:LifeforceNet+1","AdministrixMod:ShadowPlay+1","AdministrixMod:PassageOfAges+1","Bite","Bite","Bite","Bite+1","Bite","AdministrixMod:PassageOfAges+1","AdministrixMod:PassageOfAges+1","AdministrixMod:ShadowPlay","AdministrixMod:BattleforgedBonds","AdministrixMod:Mastermind+1","AdministrixMod:Mastermind","AdministrixMod:ExtolVirtue","AdministrixMod:HaveItAll+1","AdministrixMod:WifeLightning","AdministrixMod:JustRewards","AdministrixMod:PassageOfAges+1","AdministrixMod:FiendishCrimson+1","AdministrixMod:TrickOfTheLight+1","AdministrixMod:HiddenPower+1","AdministrixMod:WickedPunishment","TheCursedMod:Dregs","hubris:Wrath","AdministrixMod:BegetEternity+1","AdministrixMod:HaveItAll+1","hubris:Disease"],"relics":["MiniHakkero","ReplayTheSpireMod:EnergyBall","sneckomod:SuperSneckoSoul","AmplifyWand","ReplayTheSpireMod:Ninjato","Slimebound:ScrapOozeRelic","ExperimentalFamiliar","Ring of Greed","infinitespire:PuzzleCube","Bottled Lightning","HandmadeGrimoire","Pan","Shade:YorickSkull","Bag of Preparation","Tough Bandages","champ:Barbells","ReplayTheSpireMod:Spearhead","infinitespire:Chaos","FossilizedHelix","MawBank","Old Coin","infinitespire:EmpoweringShard"],"acts_visited":["Exordium","TheCity","TheBeyond"],"potions_floor_usage":[10,10,19],"damage_taken":[{"damage":0,"enemies":"2 Louse","floor":1,"turns":2},{"damage":0,"enemies":"Small Slimes","floor":7,"turns":3},{"damage":13,"enemies":"3 Sentries","floor":8,"turns":11},{"damage":0,"enemies":"Gremlin Nob","floor":10,"turns":2},{"damage":5,"enemies":"Jaw Worm","floor":11,"turns":2},{"damage":0,"enemies":"3 Louse","floor":12,"turns":3},{"damage":1,"enemies":"Blue Slaver","floor":14,"turns":2},{"damage":9,"enemies":"Slime Boss","floor":16,"turns":9},{"damage":0,"enemies":"3 Byrds","floor":18,"turns":3},{"damage":0,"enemies":"Masked Bandits","floor":19,"turns":3},{"damage":0,"enemies":"Chosen","floor":21,"turns":3},{"damage":5,"enemies":"Snecko","floor":22,"turns":4},{"damage":15,"enemies":"Slavers","floor":24,"turns":4},{"damage":16,"enemies":"Snake Plant","floor":29,"turns":5},{"damage":15,"enemies":"Centurion and Healer","floor":30,"turns":5},{"damage":53,"enemies":"Pondfish","floor":33,"turns":10},{"damage":13,"enemies":"3 Shapes","floor":35,"turns":3},{"damage":1,"enemies":"2 Orb Walkers","floor":36,"turns":3},{"damage":23,"enemies":"3 Darklings","floor":38,"turns":3},{"damage":0,"enemies":"Maw","floor":41,"turns":3},{"damage":0,"enemies":"Jaw Worm Horde","floor":45,"turns":1},{"damage":0,"enemies":"Transient","floor":46,"turns":5},{"damage":9,"enemies":"Writhing Mass","floor":48,"turns":4},{"damage":0,"enemies":"Replay:Hell Engine","floor":50,"turns":7}],"seed_played":"6052457788154788621","potions_obtained":[{"floor":1,"key":"SteroidPotion"},{"floor":8,"key":"Explosive Potion"},{"floor":11,"key":"SpeedPotion"},{"floor":16,"key":"Explosive Potion"}],"is_trial":false,"path_per_floor":["M","?","?","?","?","R","M","E","T","E","M","M","$","M","R","B",null,"M","?","$","M","M","R","E","R","T","R","?","M","M","$","R","B",null,"M","?","?","M","$","R","M","?","T","R","M","M","?","M","R","B",null],"character_chosen":"TheAdministrix","items_purchased":["AdministrixMod:ShadowPlay","Membership Card","Prayer Wheel","DollysMirror","Juzu Bracelet","AdministrixMod:ShadowPlay","infinitespire:Chaos","FossilizedHelix","AdministrixMod:HiddenPower","AdministrixMod:WickedPunishment"],"campfire_rested":2,"item_purchase_floors":[13,20,20,31,31,31,39,39,39,39],"current_hp_per_floor":[65,65,59,47,47,65,65,52,52,52,47,47,47,46,46,37,65,65,65,65,65,60,60,45,45,45,45,45,41,40,40,40,22,45,34,44,26,18,18,18,20,20,20,33,42,44,44,35,35,35],"gold":602,"neow_bonus":"THREE_CARDS","is_daily":false,"chose_seed":false,"campfire_upgraded":7,"win_rate":0.0,"timestamp":1608604846,"path_taken":["M","?","?","?","?","R","M","E","T","E","M","M","$","M","R","BOSS","M","?","$","M","M","R","E","R","T","R","?","M","M","$","R","BOSS","M","?","?","M","$","R","M","?","T","R","?","M","?","M","R","BOSS"],"items_purchased_type":["Card","Relic","Relic","Relic","Relic","Card","Relic","Relic","Card","Card"],"build_version":"2020-12-13","purchased_purges":1,"victory":true,"max_hp_per_floor":[65,65,65,65,65,65,65,65,65,65,65,65,65,65,65,65,65,65,65,65,65,65,65,65,65,65,65,45,45,45,45,45,45,45,45,45,45,45,45,45,45,45,45,45,45,45,45,45,45,45],"card_choices":[{"not_picked":["AdministrixMod:CrackingPangu","AdministrixMod:DiversionaryTactic"],"picked":"AdministrixMod:ShadowPlay","floor":0},{"not_picked":["AdministrixMod:ArmillarySphere","AdministrixMod:CastOffRegrets","AdministrixMod:HiddenPower"],"picked":"SKIP","floor":1},{"not_picked":["AdministrixMod:SipOfSparks","AdministrixMod:SealAway","AdministrixMod:UnstableVigor"],"picked":"SKIP","floor":7},{"not_picked":["AdministrixMod:SipOfSparks","AdministrixMod:CenturiesAscent","AdministrixMod:Overdrive"],"picked":"SKIP","floor":8},{"not_picked":["AdministrixMod:LightOfYourLife","AdministrixMod:FuneraryRites"],"picked":"AdministrixMod:Katabasis","floor":10},{"not_picked":["AdministrixMod:PlateOfAntiquity","AdministrixMod:XianArts","AdministrixMod:Overdrive"],"picked":"SKIP","floor":11},{"not_picked":["AdministrixMod:PlateOfAntiquity","AdministrixMod:FeastOfDew"],"picked":"AdministrixMod:ShadowPlay","floor":12},{"not_picked":["AdministrixMod:BloodBargain","AdministrixMod:RegentEdict"],"picked":"AdministrixMod:RebukeDesires","floor":14},{"not_picked":["AdministrixMod:Mastermind","AdministrixMod:TenDesires"],"picked":"AdministrixMod:LifeforceNet","floor":16},{"not_picked":["AdministrixMod:DiversionaryTactic+1","AdministrixMod:ChooseYourEnd"],"picked":"AdministrixMod:ShadowPlay","floor":18},{"not_picked":["AdministrixMod:LightOfYourLife","AdministrixMod:PlateOfAntiquity"],"picked":"AdministrixMod:PassageOfAges+1","floor":21},{"not_picked":["AdministrixMod:ImmortalClarity","AdministrixMod:DiversionaryTactic+1","AdministrixMod:QuietConspiracy"],"picked":"SKIP","floor":21},{"not_picked":["AdministrixMod:FeastOfDew+1","AdministrixMod:ExtolVirtue+1","AdministrixMod:RegentEdict"],"picked":"SKIP","floor":22},{"not_picked":["AdministrixMod:PlateOfAntiquity","AdministrixMod:XianArts","AdministrixMod:SipOfSparks+1"],"picked":"SKIP","floor":22},{"not_picked":["AdministrixMod:SyncreticSurge+1","AdministrixMod:NewWardrobe","AdministrixMod:Transcension"],"picked":"SKIP","floor":24},{"not_picked":["AdministrixMod:DeathByGlamour","AdministrixMod:RegentEdict","AdministrixMod:HiddenPower"],"picked":"SKIP","floor":29},{"not_picked":["AdministrixMod:ImmortalGrace","AdministrixMod:DiversionaryTactic","AdministrixMod:Katabasis"],"picked":"SKIP","floor":29},{"not_picked":["AdministrixMod:SipOfSparks","AdministrixMod:Transcension+1"],"picked":"AdministrixMod:PassageOfAges","floor":30},{"not_picked":["AdministrixMod:FeastOfDew","AdministrixMod:DiversionaryTactic+1","AdministrixMod:LightOfYourLife"],"picked":"SKIP","floor":30},{"not_picked":["AdministrixMod:Schism","AdministrixMod:NewbornDivinity"],"picked":"AdministrixMod:BattleforgedBonds","floor":33},{"not_picked":["AdministrixMod:ShadowPlay","AdministrixMod:QuietConspiracy"],"picked":"AdministrixMod:PassageOfAges+1","floor":35},{"not_picked":["AdministrixMod:NewWardrobe","AdministrixMod:ShadowPlay"],"picked":"AdministrixMod:FiendishCrimson+1","floor":35},{"not_picked":["AdministrixMod:CenturiesAscent+1","AdministrixMod:PlateOfAntiquity+1"],"picked":"AdministrixMod:TrickOfTheLight","floor":36},{"not_picked":["AdministrixMod:FeastOfDew+1","AdministrixMod:Metempsychosis","AdministrixMod:BattleforgedBonds"],"picked":"SKIP","floor":38},{"not_picked":["AdministrixMod:Transition","AdministrixMod:SealAway","AdministrixMod:SipOfSparks"],"picked":"SKIP","floor":38},{"not_picked":["AdministrixMod:PlateOfAntiquity","AdministrixMod:RegentEdict"],"picked":"AdministrixMod:BegetEternity+1","floor":41},{"not_picked":["AdministrixMod:RegentEdict","AdministrixMod:BishamonBlessing+1","AdministrixMod:Wuji"],"picked":"SKIP","floor":45},{"not_picked":["AdministrixMod:FeastOfDew","AdministrixMod:TrickOfTheLight+1","AdministrixMod:TouchOfCinnabar"],"picked":"SKIP","floor":46},{"not_picked":["AdministrixMod:CenturiesAscent","AdministrixMod:Transition","AdministrixMod:WickedPunishment"],"picked":"SKIP","floor":48}],"player_experience":584310,"relics_obtained":[{"floor":8,"key":"infinitespire:ShieldingShard"},{"floor":9,"key":"Whetstone"},{"floor":10,"key":"Simple Rune"},{"floor":19,"key":"Red Mask"},{"floor":24,"key":"Snack Pack"},{"floor":26,"key":"hubris:MobiusCoin"},{"floor":36,"key":"Replay:PocketPolymizer"},{"floor":39,"key":"MawBank"},{"floor":39,"key":"Old Coin"},{"floor":43,"key":"infinitespire:EmpoweringShard"}],"event_choices":[{"damage_healed":0,"gold_gain":0,"player_choice":"Relic ","damage_taken":12,"max_hp_gain":0,"max_hp_loss":0,"event_name":"betterThird:BetterScrap","floor":4,"gold_loss":0,"cards_obtained":["Corpse Explosion"]},{"damage_healed":0,"gold_gain":0,"player_choice":"Donate","damage_taken":0,"relics_obtained":["PaintedHorse:ReiMu"],"max_hp_gain":0,"max_hp_loss":0,"event_name":"yidonshenshe","floor":5,"gold_loss":40},{"damage_healed":0,"gold_gain":0,"player_choice":"Fought Bandits","damage_taken":0,"max_hp_gain":0,"max_hp_loss":0,"event_name":"Masked Bandits","floor":19,"gold_loss":0},{"damage_healed":0,"gold_gain":0,"player_choice":"Became a vampire","damage_taken":0,"max_hp_gain":0,"max_hp_loss":20,"event_name":"Vampires","floor":28,"gold_loss":0,"cards_obtained":["Bite","Bite","Bite","Bite","Bite"]},{"damage_healed":0,"gold_gain":0,"player_choice":"Fight","damage_taken":0,"max_hp_gain":0,"max_hp_loss":0,"event_name":"Mysterious Sphere","floor":36,"gold_loss":0},{"damage_healed":0,"gold_gain":0,"player_choice":"Copied","damage_taken":0,"max_hp_gain":0,"max_hp_loss":0,"event_name":"Duplicator","floor":42,"gold_loss":0,"cards_obtained":["AdministrixMod:HaveItAll"]},{"damage_healed":0,"gold_gain":0,"player_choice":"Ignored","damage_taken":0,"max_hp_gain":0,"max_hp_loss":0,"event_name":"Tomb of Lord Red Mask","floor":47,"gold_loss":0}],"is_beta":false,"boss_relics":[{"not_picked":["Honey Jar","Runic Pyramid"],"picked":"Coffee Dripper"},{"not_picked":["Bromod:ArcaneGrace","hubris:BlackHole"],"picked":"Pandora\u0027s Box"}],"items_purged_floors":[39],"is_endless":false,"potions_floor_spawned":[1,8,11,16,18,24,29,30,46],"ascension_level":0}}