{"host":"f0gpob8hq9vgebej","time":1608601985,"event":{"mods":["AchievementEnabler","BaseMod","Googly Eyes","Minty Spire (QoL Compilation)","Quick Restart","SuperFastMode"],"gold_per_floor":[117,131,147,161,171,171,184,154,181,181,181,193,193,193,193,193,193],"floor_reached":16,"playtime":258,"items_purged":[],"score":150,"play_id":"3f68d892-1a99-4f46-8778-00527f1b017b","local_time":"20201222105305","is_ascension_mode":true,"campfire_choices":[{"data":"Terror","floor":6,"key":"SMITH"},{"data":"Footwork","floor":11,"key":"SMITH"},{"data":"Poisoned Stab","floor":15,"key":"SMITH"}],"circlet_count":0,"master_deck":["AscendersBane","Strike_G","Strike_G","Strike_G","Defend_G","Defend_G","Defend_G","Defend_G","Survivor","Neutralize","Accuracy","Terror+1","Poisoned Stab+1","Reflex","Footwork+1","Masterful Stab+1"],"relics":["Ring of the Snake","Tiny Chest","Toy Ornithopter"],"acts_visited":["Exordium"],"potions_floor_usage":[],"damage_taken":[{"damage":1.0,"enemies":"Cultist","floor":1.0,"turns":4.0},{"damage":9.0,"enemies":"Jaw Worm","floor":2.0,"turns":4.0},{"damage":0.0,"enemies":"Small Slimes","floor":3.0,"turns":3.0},{"damage":2.0,"enemies":"Red Slaver","floor":4.0,"turns":4.0},{"damage":8,"enemies":"Blue Slaver","floor":5,"turns":6},{"damage":5,"enemies":"2 Fungi Beasts","floor":7,"turns":4},{"damage":6,"enemies":"Looter","floor":8,"turns":4},{"damage":11,"enemies":"Lots of Slimes","floor":12,"turns":8},{"damage":0,"enemies":"Slime Boss","floor":16,"turns":1}],"seed_played":"-7060573171201128106","potions_obtained":[{"floor":1.0,"key":"SpeedPotion"},{"floor":2.0,"key":"FearPotion"},{"floor":7,"key":"Dexterity Potion"}],"is_trial":false,"path_per_floor":["M","M","M","M","M","R","M","M","T","?","R","M","T","?","R","B"],"character_chosen":"THE_SILENT","items_purchased":[],"campfire_rested":0,"item_purchase_floors":[],"current_hp_per_floor":[62,53,53,51,43,43,38,32,32,25,25,14,14,14,14,14,14],"gold":193,"neow_bonus":"TRANSFORM_TWO_CARDS","is_daily":false,"chose_seed":false,"campfire_upgraded":3,"win_rate":0.0,"timestamp":1608601985,"path_taken":["M","M","M","?","M","R","M","M","T","?","R","M","?","?","R","BOSS"],"items_purchased_type":[],"build_version":"2020-12-13","purchased_purges":0,"victory":false,"max_hp_per_floor":[63,63,63,63,63,63,63,63,63,63,63,63,63,63,63,63,63],"card_choices":[{"not_picked":["Well Laid Plans","Flechettes"],"picked":"Poisoned Stab","floor":1.0},{"not_picked":["Outmaneuver","Flying Knee","Sucker Punch"],"picked":"SKIP","floor":2.0},{"not_picked":["Quick Slash","Poisoned Stab","Dagger Throw"],"picked":"SKIP","floor":3.0},{"not_picked":["Underhanded Strike","Distraction","Outmaneuver"],"picked":"SKIP","floor":4.0},{"not_picked":["Tools of the Trade","Outmaneuver"],"picked":"Reflex","floor":5},{"not_picked":["Distraction","Outmaneuver","Dodge and Roll"],"picked":"SKIP","floor":7},{"not_picked":["A Thousand Cuts","Terror"],"picked":"Footwork","floor":8},{"not_picked":["Endless Agony","Deflect"],"picked":"Masterful Stab","floor":12}],"player_experience":183912,"relics_obtained":[{"floor":9,"key":"Tiny Chest"},{"floor":13,"key":"Toy Ornithopter"}],"event_choices":[{"cards_removed":["Strike_G"],"damage_healed":0,"gold_gain":0,"player_choice":"Card Removal","damage_taken":7,"max_hp_gain":0,"max_hp_loss":0,"event_name":"Golden Wing","floor":10,"gold_loss":0},{"damage_healed":0,"gold_gain":0,"player_choice":"Upgraded","damage_taken":0,"max_hp_gain":0,"max_hp_loss":0,"event_name":"Upgrade Shrine","floor":14,"gold_loss":0,"cards_upgraded":["Masterful Stab"]}],"is_beta":false,"boss_relics":[],"items_purged_floors":[],"is_endless":false,"potions_floor_spawned":[1,2,7],"killed_by":"Slime Boss","ascension_level":12}}