{"host":"auv68s8i97pkmhwr","time":1608650968,"event":{"mods":["AchievementEnabler","BaseMod","Best Route Mod","Bestiary","Better Altar","Better Match","Better Note","Better Sensory Stone","Better Skull","Better Third Choice","Better Vampires","BetterRewards","Block Reminder","Colored Map","Colored Powertips","Displayed Cursed Tome","Minty Spire (QoL Compilation)","StSLib","SuperFastMode","Uncapped","Unceasing Turn Reminder"],"gold_per_floor":[114,128,144,163,113,113,140,140,185,220,282,301,314,343,343,442,442,455,465,479,479,88,116,131,131,131,151,179,179,179,210,210,307,307,317,330,350,369,381,381,414,414,414,433,444,469,482,119,119,119,119,119,17,44,44],"floor_reached":56,"playtime":2287,"items_purged":["Strike_R","Strike_R","Strike_R","Defend_R"],"score":2327,"play_id":"db2653cb-9e54-4d24-8b5e-ca9f0904a77a","local_time":"20201222232928","is_ascension_mode":true,"campfire_choices":[{"data":"Inflame","floor":6.0,"key":"SMITH"},{"data":"True Grit","floor":15.0,"key":"SMITH"},{"data":"Double Tap","floor":25.0,"key":"SMITH"},{"data":"Feel No Pain","floor":30,"key":"SMITH"},{"data":"Shockwave","floor":32,"key":"SMITH"},{"data":"Juggernaut","floor":40,"key":"SMITH"},{"floor":49,"key":"RECALL"},{"data":"Disarm","floor":52,"key":"SMITH"}],"circlet_count":0,"master_deck":["AscendersBane","Strike_R+1","Defend_R","Defend_R","Defend_R","Bash","Shrug It Off+1","Feel No Pain+1","Shockwave+1","Inflame+1","True Grit+1","Shrug It Off","Dropkick","Wild Strike","Power Through","Double Tap+1","Disarm+1","Inflame","Barricade+1","Limit Break+1","Offering+1","Juggernaut+1","Power Through+1","Battle Trance","Feel No Pain+1","Metallicize+1"],"relics":["Burning Blood","Paper Frog","HandDrill","Pocketwatch","Pantograph","Champion Belt","Thread and Needle","Medical Kit","Blue Candle","Bag of Preparation","Singing Bowl","Runic Dome","Nloth\u0027s Gift","Meat on the Bone","HornCleat","Pear","StrikeDummy","Kunai","SacredBark","Frozen Egg 2","Gremlin Horn","Shuriken","Gambling Chip","Strawberry"],"acts_visited":["Exordium","TheCity","TheBeyond","TheEnding"],"potions_floor_usage":[31,31,33,47,50,54,55,55],"damage_taken":[{"damage":2.0,"enemies":"Jaw Worm","floor":1.0,"turns":4.0},{"damage":0.0,"enemies":"Small Slimes","floor":2.0,"turns":4.0},{"damage":3.0,"enemies":"2 Louse","floor":3.0,"turns":3.0},{"damage":0.0,"enemies":"Gremlin Gang","floor":4.0,"turns":4.0},{"damage":4.0,"enemies":"3 Sentries","floor":7.0,"turns":7.0},{"damage":5.0,"enemies":"Gremlin Nob","floor":10.0,"turns":4.0},{"damage":7.0,"enemies":"3 Sentries","floor":11.0,"turns":6.0},{"damage":0.0,"enemies":"Exordium Wildlife","floor":12.0,"turns":4.0},{"damage":0.0,"enemies":"Blue Slaver","floor":13.0,"turns":3.0},{"damage":5.0,"enemies":"Lagavulin","floor":14.0,"turns":5.0},{"damage":11.0,"enemies":"The Guardian","floor":16.0,"turns":7.0},{"damage":0.0,"enemies":"Chosen","floor":18.0,"turns":6.0},{"damage":0.0,"enemies":"3 Byrds","floor":19.0,"turns":6.0},{"damage":18.0,"enemies":"Sentry and Sphere","floor":20.0,"turns":7.0},{"damage":3.0,"enemies":"Book of Stabbing","floor":23.0,"turns":6.0},{"damage":28.0,"enemies":"Chosen and Byrds","floor":24.0,"turns":7.0},{"damage":8.0,"enemies":"Snake Plant","floor":27.0,"turns":4.0},{"damage":0.0,"enemies":"Gremlin Leader","floor":28.0,"turns":7.0},{"damage":13,"enemies":"Slavers","floor":31,"turns":5},{"damage":30,"enemies":"Collector","floor":33,"turns":8},{"damage":3,"enemies":"Orb Walker","floor":35,"turns":4},{"damage":6,"enemies":"3 Darklings","floor":36,"turns":6},{"damage":15,"enemies":"Jaw Worm Horde","floor":37,"turns":5},{"damage":30,"enemies":"Transient","floor":38,"turns":5},{"damage":6,"enemies":"Maw","floor":39,"turns":7},{"damage":6,"enemies":"Giant Head","floor":41,"turns":8},{"damage":6,"enemies":"Spire Growth","floor":44,"turns":6},{"damage":22,"enemies":"3 Darklings","floor":45,"turns":6},{"damage":6,"enemies":"Nemesis","floor":46,"turns":7},{"damage":0,"enemies":"Sphere and 2 Shapes","floor":47,"turns":4},{"damage":28,"enemies":"Awakened One","floor":50,"turns":9},{"damage":6,"enemies":"Shield and Spear","floor":54,"turns":6},{"damage":34,"enemies":"The Heart","floor":55,"turns":10}],"seed_played":"-463225895680275605","potions_obtained":[{"floor":11.0,"key":"SkillPotion"},{"floor":12.0,"key":"Swift Potion"},{"floor":13.0,"key":"Weak Potion"},{"floor":14.0,"key":"PowerPotion"},{"floor":16.0,"key":"PowerPotion"},{"floor":23.0,"key":"SteroidPotion"},{"floor":33,"key":"DuplicationPotion"},{"floor":37,"key":"Fire Potion"},{"floor":39,"key":"SmokeBomb"},{"floor":44,"key":"BlessingOfTheForge"}],"is_trial":false,"path_per_floor":["M","M","M","M","?","R","E","?","T","E","?","M","M","E","R","B",null,"M","M","M","?","$","E","M","R","T","M","E","?","R","E","R","B",null,"M","M","M","M","M","R","E","?","T","M","M","E","M","$","R","B",null,"R","$","E","B",null],"character_chosen":"IRONCLAD","items_purchased":["Paper Frog","Shrug It Off","HandDrill","Pantograph","Feel No Pain","Shockwave","Medical Kit","Fire Potion","Meat on the Bone","Feel No Pain+1","Gambling Chip","Block Potion","SkillPotion"],"campfire_rested":0,"item_purchase_floors":[0,0,0,0,0,0,0,0,22,48,48,53,53],"current_hp_per_floor":[76,80,80,80,80,80,80,64,64,65,64,70,76,79,79,77,81,84,86,74,74,74,77,57,57,67,67,75,75,75,70,70,71,96,101,103,94,72,74,74,76,76,76,78,74,76,84,84,84,87,112,112,112,119,99],"gold":44,"neow_bonus":"","is_daily":false,"chose_seed":false,"campfire_upgraded":7,"win_rate":0.0,"timestamp":1608650968,"path_taken":["M","M","M","M","?","R","E","?","T","E","?","M","M","E","R","BOSS","M","M","M","?","$","E","M","R","T","M","E","?","R","E","R","BOSS","M","M","M","M","M","R","E","?","T","M","M","E","M","$","R","BOSS","R","$","E","BOSS"],"items_purchased_type":["Relic","Card","Relic","Relic","Card","Card","Relic","Potion","Relic","Card","Relic","Potion","Potion"],"build_version":"2020-12-13","purchased_purges":4,"victory":true,"max_hp_per_floor":[80,80,80,80,80,80,80,80,80,80,80,80,80,82,82,82,82,84,86,86,86,86,86,88,88,98,100,102,102,102,104,104,104,104,106,108,108,110,112,112,114,114,114,116,116,118,120,120,120,120,120,120,120,127,127],"card_choices":[{"not_picked":["Ghostly Armor","Intimidate","Clash"],"picked":"SKIP","floor":1.0},{"not_picked":["Anger","Iron Wave"],"picked":"Inflame","floor":2.0},{"not_picked":["Clash","Heavy Blade"],"picked":"Rampage","floor":3.0},{"not_picked":["Bloodletting","Blood for Blood"],"picked":"True Grit","floor":4.0},{"not_picked":["Heavy Blade","Anger"],"picked":"Shrug It Off","floor":7.0},{"not_picked":["Juggernaut","Uppercut"],"picked":"Dropkick","floor":10.0},{"not_picked":["Wild Strike","Havoc","Anger"],"picked":"SKIP","floor":12.0},{"not_picked":["Havoc","Anger"],"picked":"Wild Strike","floor":12.0},{"not_picked":["True Grit","Twin Strike"],"picked":"Power Through","floor":13.0},{"not_picked":["True Grit","Thunderclap","Iron Wave"],"picked":"Singing Bowl","floor":14.0},{"not_picked":["Offering","Reaper"],"picked":"Double Tap","floor":16.0},{"not_picked":["Dropkick","True Grit","Pummel+1"],"picked":"Singing Bowl","floor":18.0},{"not_picked":["Clothesline+1","Whirlwind","Thunderclap"],"picked":"Singing Bowl","floor":19.0},{"not_picked":["Iron Wave","Cleave+1"],"picked":"Disarm","floor":20.0},{"not_picked":["Immolate","Entrench"],"picked":"Inflame","floor":23.0},{"not_picked":["Inflame","Uppercut","Flex+1"],"picked":"Singing Bowl","floor":24.0},{"not_picked":["Havoc","Thunderclap","Clothesline+1"],"picked":"Singing Bowl","floor":27.0},{"not_picked":["Feed","Fiend Fire","Infernal Blade"],"picked":"Singing Bowl","floor":28.0},{"not_picked":["Offering+1","Berserk+1"],"picked":"Barricade+1","floor":29},{"not_picked":["Brutality+1","Double Tap+1"],"picked":"Limit Break+1","floor":29},{"not_picked":["Limit Break+1","Double Tap+1"],"picked":"Offering+1","floor":29},{"not_picked":["Rupture","Brutality","Blood for Blood"],"picked":"Singing Bowl","floor":31},{"not_picked":["Feed","Exhume"],"picked":"Juggernaut","floor":33},{"not_picked":["Uppercut+1","Rage","Shrug It Off"],"picked":"Singing Bowl","floor":35},{"not_picked":["Shrug It Off+1","Havoc+1","Infernal Blade"],"picked":"Singing Bowl","floor":36},{"not_picked":["Anger","Seeing Red"],"picked":"Power Through+1","floor":37},{"not_picked":["Armaments+1","Sentinel+1","Perfected Strike"],"picked":"Singing Bowl","floor":38},{"not_picked":["Havoc+1","Wild Strike+1","Feed"],"picked":"Singing Bowl","floor":39},{"not_picked":["Clash+1","Fiend Fire","Corruption+1"],"picked":"Singing Bowl","floor":41},{"not_picked":["Shrug It Off","Havoc+1","Bloodletting+1"],"picked":"Singing Bowl","floor":44},{"not_picked":["Headbutt+1","Fire Breathing+1"],"picked":"Battle Trance","floor":45},{"not_picked":["Clash","Shrug It Off+1","Warcry"],"picked":"Singing Bowl","floor":46},{"not_picked":["Reckless Charge+1","Barricade+1","Fire Breathing+1"],"picked":"Singing Bowl","floor":47},{"not_picked":["Carnage","Headbutt"],"picked":"Metallicize+1","floor":54}],"player_experience":1243790,"relics_obtained":[{"floor":7.0,"key":"Blue Candle"},{"floor":10.0,"key":"Centennial Puzzle"},{"floor":14.0,"key":"Singing Bowl"},{"floor":23.0,"key":"HornCleat"},{"floor":26.0,"key":"Pear"},{"floor":28.0,"key":"StrikeDummy"},{"floor":31,"key":"Kunai"},{"floor":41,"key":"Frozen Egg 2"},{"floor":43,"key":"Gremlin Horn"},{"floor":46,"key":"Shuriken"},{"floor":54,"key":"Strawberry"}],"event_choices":[{"cards_removed":["Strike_R"],"damage_healed":0.0,"max_hp_gain":0.0,"max_hp_loss":0.0,"gold_gain":0.0,"event_name":"The Cleric","player_choice":"Card Removal","floor":5.0,"gold_loss":50.0,"damage_taken":0.0},{"damage_healed":80.0,"max_hp_gain":0.0,"max_hp_loss":80.0,"gold_gain":0.0,"event_name":"betterThird:BetterShining","player_choice":"Upgrade","floor":8.0,"gold_loss":0.0,"damage_taken":16.0,"cards_upgraded":["Strike_R","Shrug It Off"]},{"damage_healed":0.0,"max_hp_gain":0.0,"max_hp_loss":0.0,"gold_gain":0.0,"event_name":"Dead Adventurer","player_choice":"Searched \u00273\u0027 times","floor":11.0,"gold_loss":0.0,"damage_taken":0.0,"relics_obtained":["Bag of Preparation"]},{"damage_healed":0.0,"max_hp_gain":0.0,"max_hp_loss":0.0,"gold_gain":0.0,"event_name":"N\u0027loth","player_choice":"Traded Relic","floor":21.0,"relics_lost":["Centennial Puzzle"],"gold_loss":0.0,"damage_taken":0.0,"relics_obtained":["Nloth\u0027s Gift"]},{"damage_healed":0,"gold_gain":0,"player_choice":"3","damage_taken":0,"max_hp_gain":0,"max_hp_loss":0,"event_name":"betterMatch:BetterMatch","floor":29,"gold_loss":0,"cards_obtained":["betterMatch:RareCard"]},{"cards_removed":["Rampage"],"damage_healed":0,"gold_gain":0,"player_choice":"Removed Attack","damage_taken":0,"max_hp_gain":0,"max_hp_loss":0,"event_name":"Falling","floor":42,"gold_loss":0}],"is_beta":false,"boss_relics":[{"not_picked":["Snecko Eye","Empty Cage"],"picked":"Runic Dome"},{"not_picked":["Runic Cube","Astrolabe"],"picked":"SacredBark"}],"items_purged_floors":[0,0,0,22],"is_endless":false,"potions_floor_spawned":[11,12,13,14,16,18,23,33,37,39,44,45],"ascension_level":10}}