{"host":"ix2a18c4ohfsrslv","time":1608670194,"event":{"mods":["BaseMod","Better Third Choice","Downfall","Minty Spire (QoL Compilation)","Replay The Spire","StSLib"],"gold_per_floor":[99,112,128,34,134,134,134,59,76,76,76,106,31,16,31,130,130,55,68,168,6,20,20,20,20,20,39,39,39,58,73,84,188,188,188,188,188,201,201,201,201,201,218,218,235,255,1,16,36,36,36,66,5,5,5],"floor_reached":56,"playtime":4051,"items_purged":["sneckomod:Strike","sneckomod:Strike"],"score":1272,"play_id":"c7071325-f7b4-4ca0-91d6-a66c21afc382","local_time":"20201222124954","is_ascension_mode":false,"campfire_choices":[{"data":"sneckomod:TailWhip","floor":1.0,"key":"SMITH"},{"data":"sneckomod:SnekBeam","floor":6.0,"key":"SMITH"},{"floor":8.0,"key":"RECALL"},{"floor":13.0,"key":"REST"},{"data":"sneckomod:SnekBite","floor":18.0,"key":"SMITH"},{"floor":23,"key":"REST"},{"data":"sneckomod:Restock","floor":25,"key":"SMITH"},{"data":"sneckomod:SnekBeam","floor":28,"key":"SMITH"},{"floor":35,"key":"DIG"},{"data":"sneckomod:MorePower","floor":40,"key":"SMITH"},{"data":"sneckomod:UnknownRarePower","floor":42,"key":"SMITH"},{"floor":44,"key":"REST"},{"floor":54,"key":"REST"}],"circlet_count":0,"master_deck":["sneckomod:Strike","sneckomod:Defend+1","sneckomod:Defend","sneckomod:Defend","sneckomod:TailWhip+1","sneckomod:SnekBite+1","sneckomod:Unknown","sneckomod:Unknown","sneckomod:UnknownVulnerable","sneckomod:UnknownBlock","sneckomod:SnekBeam+1","sneckomod:UnknownClassRED","sneckomod:UnknownClassRED+1","sneckomod:UnknownUncommonPower+1","sneckomod:UnknownBlock","sneckomod:UnknownWeak","sneckomod:Unknown0Cost","sneckomod:UnknownRarePower+1","AbeCurse","sneckomod:UnknownVulnerable+1","sneckomod:QuickBite+1","sneckomod:SnekBeam+1","sneckomod:RainOfDice+1","sneckomod:Restock+1","sneckomod:SoulDraw+1","sneckomod:Bewildered","sneckomod:QuickMove+1","sneckomod:UnknownCommonSkill+1","sneckomod:UnknownBlock","sneckomod:Cheat+1","sneckomod:UnknownBlock","sneckomod:WideSting+1","sneckomod:UnknownCommonAttack+1","sneckomod:ImprovisedGuard","sneckomod:MorePower+1","sneckomod:UnknownBlock","sneckomod:Unknown3Cost+1","sneckomod:UnknownCommonAttack+1","sneckomod:UnknownUncommonPower+1","sneckomod:SlitherStrike","sneckomod:DiceCrush","sneckomod:WideSting+1","sneckomod:Unknown1Cost+1","sneckomod:UnlimitedRolls","sneckomod:IronFang+1","sneckomod:UnknownX","sneckomod:SnekBeam","sneckomod:SnekBeam","sneckomod:MasterEye","sneckomod:UnknownClassBLUE","sneckomod:DefensiveFlair","sneckomod:RainOfDice+1","sneckomod:DefensiveFlair+1","All For One","sneckomod:UnknownX+1","sneckomod:UnknownClassGUARDIAN","sneckomod:MasterEye","sneckomod:QuickMove","sneckomod:QuickMove"],"relics":["sneckomod:SuperSneckoSoul","Blue Doll","downfall:HeartBlessingBlue","sneckomod:LoadedDie","War Paint","downfall:HeartBlessingRed","Abe\u0027s Treasure","downfall:HeartBlessingGreen","Gambling Chip","ReplayTheSpireMod:Shallot","Prayer Wheel","Replay:Wax Seal","sneckomod:BabySnecko","FaceOfCleric","Strawberry","Ring of Searing","Ginger","ReplayTheSpireMod:Lightbulb","Guide Book","Prayer Wheel","InkBottle"],"acts_visited":["Exordium","TheCity","TheBeyond","TheEnding"],"potions_floor_usage":[32,33,50,52,55,55],"damage_taken":[{"damage":27.0,"enemies":"Small Slimes","floor":2.0,"turns":3.0},{"damage":1.0,"enemies":"Cultist","floor":3.0,"turns":4.0},{"damage":0.0,"enemies":"downfall:FleeingMerchant","floor":4.0,"turns":4.0},{"damage":0.0,"enemies":"Jaw Worm","floor":9.0,"turns":3.0},{"damage":32.0,"enemies":"Gremlin Nob","floor":12.0,"turns":4.0},{"damage":7.0,"enemies":"downfall:FleeingMerchant","floor":14.0,"turns":4.0},{"damage":9.0,"enemies":"3 Louse","floor":15.0,"turns":3.0},{"damage":30.0,"enemies":"downfall:Watcher","floor":16.0,"turns":7.0},{"damage":0.0,"enemies":"3 Byrds","floor":19.0,"turns":4.0},{"damage":27,"enemies":"downfall:Silent","floor":20,"turns":5},{"damage":16,"enemies":"downfall:FleeingMerchant","floor":21,"turns":4},{"damage":7,"enemies":"Cultist and Chosen","floor":22,"turns":4},{"damage":0,"enemies":"Snake Plant","floor":27,"turns":3},{"damage":7,"enemies":"Sentry and Sphere","floor":30,"turns":2},{"damage":0,"enemies":"Snecko","floor":31,"turns":4},{"damage":24,"enemies":"Shelled Parasite and Fungi","floor":32,"turns":4},{"damage":27,"enemies":"downfall:Defect","floor":33,"turns":8},{"damage":10,"enemies":"3 Darklings","floor":38,"turns":3},{"damage":10,"enemies":"Orb Walker","floor":43,"turns":3},{"damage":9,"enemies":"4 Shapes","floor":45,"turns":1},{"damage":16,"enemies":"Spire Growth","floor":46,"turns":4},{"damage":18,"enemies":"downfall:FleeingMerchant","floor":47,"turns":3},{"damage":0,"enemies":"Jaw Worm Horde","floor":48,"turns":1},{"damage":0,"enemies":"3 Darklings","floor":49,"turns":1},{"damage":44,"enemies":"downfall:Silent","floor":50,"turns":9},{"damage":71,"enemies":"downfall:CharBossMerchant","floor":52,"turns":7},{"damage":60,"enemies":"downfall:NeowBoss","floor":55,"turns":24}],"seed_played":"5366855231548679473","potions_obtained":[{"floor":12.0,"key":"Regen Potion"},{"floor":15.0,"key":"Weak Potion"},{"floor":16.0,"key":"Slimebound:ThreeZeroPotion"},{"floor":19,"key":"Elixir"},{"floor":31,"key":"AttackPotion"},{"floor":33,"key":"Elixir"},{"floor":43,"key":"PowerPotion"},{"floor":45,"key":"PowerPotion"},{"floor":46,"key":"Swift Potion"},{"floor":52,"key":"Energy Potion"}],"is_trial":false,"path_per_floor":["R","M","M","$","?","R","T","R","M","?","?","E","R","$","M","B",null,"R","M","?","$","M","R","T","R","?","M","R","?","M","M","M","B",null,"R","?","?","M","?","R","T","R","M","R","M","M","?","M","M","B",null,"E","$","R","B",null],"character_chosen":"THE_SNECKO","items_purchased":["sneckomod:UnknownClassRED","sneckomod:UnknownUncommonPower","sneckomod:RainOfDice+1","Block Potion","ReplayTheSpireMod:Lightbulb","Guide Book","sneckomod:IronFang+1","sneckomod:UnknownX","sneckomod:SnekBeam","sneckomod:MasterEye","sneckomod:MasterEye","sneckomod:QuickMove"],"campfire_rested":4,"item_purchase_floors":[4,4,21,21,47,47,47,47,47,47,53,53],"current_hp_per_floor":[90,84,84,87,87,87,87,97,98,73,73,42,74,80,72,47,110,110,111,84,68,61,94,94,94,94,95,95,95,100,102,90,72,153,160,160,160,151,151,151,151,151,142,162,154,139,122,123,124,97,168,98,98,148,89],"gold":5,"neow_bonus":"RANDOM_COMMON_RELIC","is_daily":false,"chose_seed":false,"campfire_upgraded":7,"win_rate":0.0,"timestamp":1608670194,"path_taken":["R","M","M","$","?","R","T","R","?","?","?","E","R","$","M","BOSS","R","M","?","?","?","R","T","R","?","M","R","?","M","?","M","BOSS","R","?","?","M","?","R","T","R","?","R","M","M","?","M","M","BOSS","E","$","R","BOSS"],"items_purchased_type":["Card","Card","Card","Potion","Relic","Relic","Card","Card","Card","Card","Card","Card"],"build_version":"2020-12-13","purchased_purges":2,"victory":true,"max_hp_per_floor":[90,91,92,95,95,95,95,105,106,106,106,107,107,108,109,110,110,110,111,111,111,111,111,111,111,111,112,112,112,114,116,118,119,153,160,160,160,161,161,161,161,161,162,162,163,164,165,166,167,168,168,169,169,169,170],"card_choices":[{"not_picked":["sneckomod:UnknownCommonAttack","sneckomod:UnknownClassRED"],"picked":"sneckomod:UnknownVulnerable","floor":2.0},{"not_picked":["sneckomod:UnknownClassBLUE","sneckomod:UnknownStrike"],"picked":"sneckomod:UnknownBlock","floor":3.0},{"not_picked":["sneckomod:UnknownWeak","sneckomod:UnknownUncommonSkill"],"picked":"sneckomod:SnekBeam","floor":4.0},{"not_picked":["sneckomod:Unknown0Cost","sneckomod:Nope"],"picked":"sneckomod:UnknownBlock","floor":9.0},{"not_picked":["sneckomod:UnknownClassTHE_CHAMP_GRAY","sneckomod:UnknownX"],"picked":"sneckomod:UnknownWeak","floor":12.0},{"not_picked":["sneckomod:UnknownClassGUARDIAN","sneckomod:Unknown1Cost"],"picked":"sneckomod:UnknownClassRED","floor":14.0},{"not_picked":["sneckomod:UnknownCommonAttack","sneckomod:QuickMove"],"picked":"sneckomod:Unknown0Cost","floor":15.0},{"not_picked":["sneckomod:UnknownRareSkill","sneckomod:SoulExchange"],"picked":"sneckomod:UnknownRarePower","floor":16.0},{"not_picked":["sneckomod:Unknown1Cost","sneckomod:UnknownCommonAttack"],"picked":"sneckomod:UnknownVulnerable+1","floor":19},{"not_picked":["sneckomod:Unknown1Cost","sneckomod:UnknownVulnerable"],"picked":"sneckomod:QuickBite+1","floor":20},{"not_picked":["sneckomod:UnknownCommonAttack+1","sneckomod:Nope"],"picked":"sneckomod:SnekBeam","floor":21},{"not_picked":["sneckomod:Rotation","sneckomod:UnknownWeak"],"picked":"sneckomod:Restock","floor":22},{"not_picked":["sneckomod:TrashToTreasure","sneckomod:UnknownStrike"],"picked":"sneckomod:SoulDraw+1","floor":22},{"not_picked":["sneckomod:UnknownCommonSkill+1","sneckomod:UnknownCommonAttack"],"picked":"sneckomod:QuickMove+1","floor":27},{"not_picked":["sneckomod:UnknownEthereal+1","sneckomod:SoulCleanse"],"picked":"sneckomod:UnknownCommonSkill+1","floor":27},{"not_picked":["sneckomod:IronFang+1","sneckomod:UnknownCommonSkill"],"picked":"sneckomod:UnknownBlock","floor":30},{"not_picked":["sneckomod:UnknownCommonAttack","sneckomod:SoulDraw"],"picked":"sneckomod:Cheat","floor":30},{"not_picked":["sneckomod:SnekBeam","sneckomod:UnknownVulnerable"],"picked":"sneckomod:UnknownBlock","floor":31},{"not_picked":["sneckomod:UnknownVulnerable+1","sneckomod:DiceCrush+1"],"picked":"sneckomod:WideSting+1","floor":31},{"not_picked":["sneckomod:SoulRoll","sneckomod:UnknownVulnerable"],"picked":"sneckomod:UnknownCommonAttack+1","floor":32},{"not_picked":["sneckomod:UnknownClassTHE_CHAMP_GRAY","sneckomod:UnknownWeak"],"picked":"sneckomod:ImprovisedGuard","floor":32},{"not_picked":["sneckomod:UnknownRareSkill","sneckomod:Unknown3Cost"],"picked":"sneckomod:MorePower","floor":33},{"not_picked":["sneckomod:QuickMove+1","sneckomod:QuickBite+1"],"picked":"sneckomod:UnknownBlock","floor":38},{"not_picked":["sneckomod:Unknown1Cost+1","sneckomod:UnknownBlock+1"],"picked":"sneckomod:Unknown3Cost","floor":38},{"not_picked":["sneckomod:PureSnecko","sneckomod:Unknown1Cost"],"picked":"sneckomod:UnknownCommonAttack+1","floor":43},{"not_picked":["sneckomod:UnknownCommonSkill+1","sneckomod:TrashToTreasure+1"],"picked":"sneckomod:UnknownUncommonPower+1","floor":43},{"not_picked":["sneckomod:QuickBite+1","sneckomod:SoulDraw+1"],"picked":"sneckomod:SlitherStrike","floor":45},{"not_picked":["sneckomod:UnknownBlock","sneckomod:UnknownCommonSkill"],"picked":"sneckomod:DiceCrush","floor":45},{"not_picked":["sneckomod:SoulDraw+1","sneckomod:Unknown0Cost+1"],"picked":"sneckomod:WideSting+1","floor":46},{"not_picked":["sneckomod:UnknownClassBLUE","sneckomod:UnknownCommonAttack"],"picked":"sneckomod:Unknown1Cost+1","floor":46},{"not_picked":["sneckomod:UnknownCommonAttack+1","sneckomod:UnknownClassRED+1"],"picked":"sneckomod:UnlimitedRolls","floor":47},{"not_picked":["sneckomod:UnknownWeak","sneckomod:UnknownStrike"],"picked":"sneckomod:UnknownClassBLUE","floor":48},{"not_picked":["sneckomod:UnknownClassTHE_CHAMP_GRAY","sneckomod:UnknownBlock+1"],"picked":"sneckomod:DefensiveFlair","floor":48},{"not_picked":["sneckomod:SoulDraw","sneckomod:DiceBoulder"],"picked":"sneckomod:RainOfDice+1","floor":49},{"not_picked":["sneckomod:IronFang","sneckomod:RainOfDice"],"picked":"sneckomod:DefensiveFlair+1","floor":49},{"not_picked":["sneckomod:UnknownClassBLUE+1","sneckomod:UnknownClassRED+1"],"picked":"sneckomod:UnknownX+1","floor":52},{"not_picked":["sneckomod:UnknownClassHEXA_GHOST_PURPLE","sneckomod:UnknownClassRED"],"picked":"sneckomod:UnknownClassGUARDIAN","floor":52}],"player_experience":107096,"relics_obtained":[{"floor":12.0,"key":"War Paint"},{"floor":20,"key":"Gambling Chip"},{"floor":20,"key":"ReplayTheSpireMod:Shallot"},{"floor":24,"key":"Replay:Wax Seal"},{"floor":35,"key":"Strawberry"},{"floor":36,"key":"Ring of Searing"},{"floor":41,"key":"Ginger"},{"floor":52,"key":"InkBottle"}],"event_choices":[{"damage_healed":0.0,"max_hp_gain":0.0,"max_hp_loss":0.0,"gold_gain":100.0,"event_name":"Wheel of Change","player_choice":"Gold","floor":5.0,"gold_loss":0.0,"damage_taken":0.0},{"damage_healed":0.0,"max_hp_gain":0.0,"max_hp_loss":0.0,"gold_gain":0.0,"event_name":"betterThird:BetterScrap","player_choice":"Relic ","floor":10.0,"gold_loss":0.0,"damage_taken":25.0,"cards_obtained":["Footwork"]},{"damage_healed":0,"gold_gain":0,"player_choice":"Trade","damage_taken":0,"relics_obtained":["FaceOfCleric"],"max_hp_gain":0,"max_hp_loss":0,"event_name":"FaceTrader","floor":29,"gold_loss":0},{"cards_removed":["sneckomod:UnknownClassRED"],"damage_healed":0,"gold_gain":0,"player_choice":"Removed Skill","damage_taken":0,"max_hp_gain":0,"max_hp_loss":0,"event_name":"Falling","floor":39,"gold_loss":0}],"is_beta":false,"boss_relics":[{"not_picked":["Empty Cage","Coffee Dripper"],"picked":"Abe\u0027s Treasure"},{"not_picked":["Cursed Key","Philosopher\u0027s Stone"],"picked":"sneckomod:SuperSneckoSoul"}],"items_purged_floors":[21,47],"is_endless":false,"potions_floor_spawned":[12,15,16,19,22,31,33,43,45,46,52],"ascension_level":0}}