{"host":"y76clbnovzmw9ubx","time":1608678262,"event":{"mods":["AchievementEnabler","BaseMod","Minty Spire (QoL Compilation)","Permanent Neow","Relic Stats"],"gold_per_floor":[116,50,70,70,86,86,111,111,138,167,177,195,209,220,220,293,293,193,209,259,273,26,26,26,61,61,81,81,2,12,42,42,42,42],"floor_reached":33,"playtime":1951,"items_purged":[],"score":634,"play_id":"4d6be377-f249-4756-bc6f-2f4509af216a","local_time":"20201222180422","is_ascension_mode":true,"campfire_choices":[{"data":"Deadly Poison","floor":6.0,"key":"SMITH"},{"data":"Doppelganger","floor":8.0,"key":"SMITH"},{"floor":15.0,"key":"REST"},{"floor":24,"key":"REST"},{"floor":28,"key":"REST"},{"floor":32,"key":"REST"}],"circlet_count":0,"master_deck":["AscendersBane","Strike_G","Strike_G","Strike_G","Strike_G","Defend_G","Defend_G","Defend_G","Defend_G","Defend_G","Survivor","Neutralize+1","Deadly Poison+1","Heel Hook","Doppelganger+1","Dagger Spray","Backflip","Footwork","Doppelganger","CurseOfTheBell","Noxious Fumes","Deflect","All Out Attack","Deflect","Footwork","Dodge and Roll","PiercingWail","Poisoned Stab","Skewer"],"relics":["Ring of the Snake","Bag of Preparation","Bronze Scales","Happy Flower","Calling Bell","Paper Crane","Smiling Mask","Torii","Chemical X","Anchor","HornCleat","Ornamental Fan"],"acts_visited":["Exordium","TheCity"],"potions_floor_usage":[21,23,30,31,31],"damage_taken":[{"damage":2.0,"enemies":"Small Slimes","floor":1.0,"turns":6.0},{"damage":0.0,"enemies":"2 Louse","floor":3.0,"turns":3.0},{"damage":0.0,"enemies":"Cultist","floor":5.0,"turns":3.0},{"damage":13.0,"enemies":"Lagavulin","floor":7.0,"turns":7.0},{"damage":6.0,"enemies":"Gremlin Nob","floor":10.0,"turns":3.0},{"damage":1.0,"enemies":"Exordium Thugs","floor":11.0,"turns":4.0},{"damage":0.0,"enemies":"Lots of Slimes","floor":12.0,"turns":2.0},{"damage":18.0,"enemies":"Large Slime","floor":13.0,"turns":7.0},{"damage":0.0,"enemies":"2 Fungi Beasts","floor":14.0,"turns":3.0},{"damage":15.0,"enemies":"Hexaghost","floor":16.0,"turns":9.0},{"damage":12.0,"enemies":"2 Thieves","floor":18.0,"turns":5.0},{"damage":2,"enemies":"Chosen","floor":19,"turns":6},{"damage":24,"enemies":"Centurion and Healer","floor":21,"turns":9},{"damage":1,"enemies":"Gremlin Leader","floor":23,"turns":4},{"damage":32,"enemies":"Book of Stabbing","floor":25,"turns":6},{"damage":1,"enemies":"Snecko","floor":27,"turns":7},{"damage":3,"enemies":"3 Cultists","floor":30,"turns":5},{"damage":12,"enemies":"Slavers","floor":31,"turns":4},{"damage":36,"enemies":"Collector","floor":33,"turns":5}],"seed_played":"8373022788888356816","potions_obtained":[{"floor":1.0,"key":"Swift Potion"},{"floor":3.0,"key":"Strength Potion"},{"floor":11.0,"key":"Weak Potion"},{"floor":12.0,"key":"PowerPotion"},{"floor":19,"key":"SmokeBomb"},{"floor":25,"key":"Dexterity Potion"},{"floor":27,"key":"GhostInAJar"},{"floor":30,"key":"ColorlessPotion"}],"is_trial":false,"path_per_floor":["M","?","M","?","M","R","E","R","T","E","M","M","M","M","R","B",null,"M","M","?","M","$","E","R","E","T","M","R","$","M","E","R","B"],"character_chosen":"THE_SILENT","items_purchased":["Chemical X","All Out Attack","Dodge and Roll","PiercingWail"],"campfire_rested":4,"item_purchase_floors":[22,22,29,29],"current_hp_per_floor":[57,57,57,57,57,57,44,44,44,38,37,37,19,19,38,23,55,43,41,41,17,17,16,35,3,3,2,21,21,18,6,25,0,0],"gold":42,"neow_bonus":"UPGRADE_CARD","is_daily":false,"chose_seed":false,"campfire_upgraded":2,"win_rate":0.0,"timestamp":1608678262,"path_taken":["M","?","M","?","M","R","E","R","T","E","?","M","M","M","R","BOSS","M","M","?","M","$","E","R","E","T","M","R","$","?","E","R","BOSS"],"items_purchased_type":["Relic","Card","Card","Card"],"build_version":"2020-12-13","purchased_purges":0,"victory":false,"max_hp_per_floor":[66,66,66,66,66,66,66,66,66,66,66,66,66,66,66,66,66,66,66,66,66,66,66,66,66,66,66,66,66,66,66,66,66,66],"relic_stats":{"Happy Flower":[25],"Torii":12,"counters":[19,98],"Ornamental Fan":[0],"Bronze Scales":[248],"Bag of Preparation":[30],"Chemical X":[14],"Smiling Mask":0,"obtain_stats":[{"Calling Bell":17,"Anchor":25,"HornCleat":26,"Happy Flower":10,"Torii":17,"Ornamental Fan":31,"Bronze Scales":9,"Bag of Preparation":7,"Chemical X":22,"Paper Crane":17,"Smiling Mask":17,"Ring of the Snake":0},{"Calling Bell":10,"Anchor":15,"HornCleat":15,"Happy Flower":5,"Torii":10,"Ornamental Fan":18,"Bronze Scales":4,"Bag of Preparation":4,"Chemical X":13,"Paper Crane":10,"Smiling Mask":10,"Ring of the Snake":0},{"Calling Bell":47,"Anchor":77,"HornCleat":77,"Happy Flower":22,"Torii":47,"Ornamental Fan":93,"Bronze Scales":19,"Bag of Preparation":19,"Chemical X":67,"Paper Crane":47,"Smiling Mask":47,"Ring of the Snake":0}],"Ring of the Snake":[38]},"card_choices":[{"not_picked":["Eviscerate","Dash"],"picked":"Deadly Poison","floor":1.0},{"not_picked":["Dodge and Roll","Slice"],"picked":"Heel Hook","floor":3.0},{"not_picked":["Crippling Poison","Acrobatics","Prepared"],"picked":"SKIP","floor":5.0},{"not_picked":["Dodge and Roll","Sucker Punch"],"picked":"Doppelganger","floor":7.0},{"not_picked":["Deflect","Skewer"],"picked":"Dagger Spray","floor":10.0},{"not_picked":["Phantasmal Killer","Sucker Punch"],"picked":"Backflip","floor":11.0},{"not_picked":["Acrobatics","Cloak And Dagger","Deflect"],"picked":"SKIP","floor":12.0},{"not_picked":["Reflex","Dagger Spray"],"picked":"Footwork","floor":13.0},{"not_picked":["Prepared","Cloak And Dagger","Quick Slash"],"picked":"SKIP","floor":14.0},{"not_picked":["Tools of the Trade","Storm of Steel"],"picked":"Doppelganger","floor":16.0},{"not_picked":["Flying Knee","Finisher","Riddle With Holes"],"picked":"SKIP","floor":18},{"not_picked":["Dagger Throw","Accuracy"],"picked":"Noxious Fumes","floor":19},{"not_picked":["Choke","Dagger Spray","Deflect"],"picked":"SKIP","floor":21},{"not_picked":["Choke","Dagger Spray"],"picked":"Deflect","floor":21},{"not_picked":["Blade Dance","Distraction"],"picked":"Deflect","floor":25},{"not_picked":["Deadly Poison+1","Unload"],"picked":"Footwork","floor":27},{"not_picked":["Expertise","Concentrate"],"picked":"Poisoned Stab","floor":30},{"not_picked":["Slice","Prepared"],"picked":"Skewer","floor":31}],"player_experience":2954626,"relics_obtained":[{"floor":7.0,"key":"Bag of Preparation"},{"floor":9.0,"key":"Bronze Scales"},{"floor":10.0,"key":"Happy Flower"},{"floor":17.0,"key":"Paper Crane"},{"floor":17.0,"key":"Smiling Mask"},{"floor":17.0,"key":"Torii"},{"floor":25,"key":"Anchor"},{"floor":26,"key":"HornCleat"},{"floor":31,"key":"Ornamental Fan"}],"event_choices":[{"damage_healed":0.0,"max_hp_gain":0.0,"max_hp_loss":0.0,"gold_gain":0.0,"event_name":"World of Goop","player_choice":"Left Gold","floor":2.0,"gold_loss":66.0,"damage_taken":0.0},{"cards_removed":["Strike_G"],"damage_healed":0.0,"max_hp_gain":0.0,"max_hp_loss":0.0,"gold_gain":0.0,"event_name":"Bonfire Elementals","player_choice":"Offered Basic","floor":4.0,"gold_loss":0.0,"damage_taken":0.0},{"damage_healed":0,"gold_gain":100,"player_choice":"Bet on Murderer","damage_taken":0,"max_hp_gain":0,"max_hp_loss":0,"event_name":"The Joust","floor":20,"gold_loss":50}],"is_beta":false,"boss_relics":[{"not_picked":["Snecko Eye","Ring of the Serpent"],"picked":"Calling Bell"}],"items_purged_floors":[],"is_endless":false,"potions_floor_spawned":[1,3,5,11,12,14,19,25,27,30],"killed_by":"Collector","ascension_level":20}}