{"host":"6h0diz2ap0m56grs","time":1608667023,"event":{"mods":["2.2 Compatiblity","BaseMod","Colored Map","Marisa????????","Minty Spire (QoL Compilation)","Quick Restart","Replay The Spire","Shop Mod","StSLib","The Servant 0.9.4"],"gold_per_floor":[117,128,128,15,26,59,85,102,102,127,127,147,147,174,174,279,279,289,405,420,342,342,376,376,408,435,464,489,489,524,243,243,342,342,361,361,361,14,31,63,75,87,125,163,175,187,230,271,283,295],"floor_reached":51,"playtime":1754,"items_purged":["CommonCold"],"score":1288,"play_id":"0df426ca-799f-4c0b-85fc-047afd9e0ea9","local_time":"20201222135703","daily_mods":["SealedDeck","Heirloom","Time Dilation","Flight"],"is_ascension_mode":true,"campfire_choices":[{"data":"Sunlight","floor":11,"key":"SMITH"},{"data":"SilverBlades","floor":13,"key":"SMITH"},{"data":"SilverBlades","floor":15,"key":"SMITH"},{"data":"SurpressingFire","floor":24,"key":"SMITH"},{"data":"SurpressingFire","floor":29,"key":"SMITH"},{"data":"DancingSilver","floor":32,"key":"SMITH"},{"data":"MurderousAura","floor":41,"key":"SMITH"},{"data":"SilverBlades","floor":45,"key":"SMITH"},{"data":"SilverMatrix","floor":46,"key":"SMITH"},{"data":"SilverMatrix","floor":49,"key":"SMITH"}],"circlet_count":0,"master_deck":["TimeTheft","TimeTheft","Rearm","Defy","Ricochet","SurpressingFire+1","DancingSilver+1","Ricochet","SurpressingFire+1","GearUp","InstantArmor","KillingDoll","SilverBlades+1","SilverBlades+1","Gouge","Sunlight+1","Dilation","Orbit","SilverMatrix+1","Sabotage+1","GearUp+1","SilverMatrix+1","Orbit","InstantArmor+1","Sunlight","Apotheosis+1","ReplayTheSpireMod:Brewmster+1","MurderousAura+1","SilverBlades+1","Misdirection"],"relics":["Uniform","replay:Trail_Library","Divine Protection","Torii","Replay:Mystery Machine","Coffee Dripper","MerchantsRug","Bronze Scales","Sundial","OrangePellets","Happy Flower","Akabeko","Runic Dome","Kunai","Bag of Preparation","MawBank","Centennial Puzzle","Strawberry","Orichalcum","HornCleat"],"acts_visited":["Exordium","TheCity","TheBeyond"],"potions_floor_usage":[40,44,44,44,48,48,48,48,50,50,50,50,50,50,50,50],"damage_taken":[{"damage":0,"enemies":"2 Louse","floor":1,"turns":1},{"damage":0,"enemies":"Cultist","floor":2,"turns":3},{"damage":0,"enemies":"Small Slimes","floor":5,"turns":3},{"damage":0,"enemies":"Gremlin Nob","floor":6,"turns":4},{"damage":0,"enemies":"Lagavulin","floor":7,"turns":4},{"damage":0,"enemies":"Exordium Thugs","floor":8,"turns":4},{"damage":0,"enemies":"3 Sentries","floor":10,"turns":4},{"damage":0,"enemies":"2 Fungi Beasts","floor":12,"turns":1},{"damage":0,"enemies":"Lagavulin","floor":14,"turns":5},{"damage":0,"enemies":"Fading Forest","floor":16,"turns":9},{"damage":0,"enemies":"Chosen","floor":18,"turns":3},{"damage":0,"enemies":"2 Thieves","floor":20,"turns":3},{"damage":0,"enemies":"Replay:Snechameleon","floor":23,"turns":3},{"damage":0,"enemies":"Book of Stabbing","floor":25,"turns":4},{"damage":0,"enemies":"Replay:Snechameleon","floor":27,"turns":4},{"damage":0,"enemies":"Gremlin Leader","floor":28,"turns":4},{"damage":0,"enemies":"Replay:Snechameleon","floor":30,"turns":3},{"damage":0,"enemies":"Champ","floor":33,"turns":6},{"damage":0,"enemies":"3 Darklings","floor":35,"turns":2},{"damage":0,"enemies":"Orb Walker","floor":39,"turns":1},{"damage":0,"enemies":"R_Hoarder","floor":40,"turns":4},{"damage":0,"enemies":"Nemesis","floor":44,"turns":3},{"damage":0,"enemies":"Reptomancer","floor":47,"turns":3},{"damage":0,"enemies":"Giant Head","floor":48,"turns":6},{"damage":0,"enemies":"Replay:Hell Engine","floor":50,"turns":5}],"seed_played":"-522023067813498523","potions_obtained":[{"floor":1,"key":"Swift Potion"},{"floor":6,"key":"DistilledChaos"},{"floor":10,"key":"Ancient Potion"},{"floor":12,"key":"Block Potion"},{"floor":14,"key":"Adrenaline Potion"},{"floor":48,"key":"Weak Potion"}],"is_trial":true,"path_per_floor":["M","M","?","$","M","E","E","M","T","E","R","M","R","E","R","B",null,"M","?","M","$","?","E","R","E","T","E","E","R","E","$","R","B",null,"M","?","?","$","M","E","R","$","T","E","R","R","E","E","R","B",null],"character_chosen":"THE_SERVANT","items_purchased":["SilverBlades","MerchantsRug","OrangePellets","Happy Flower","Akabeko","Kunai","Bag of Preparation","ReplayTheSpireMod:Brewmster+1"],"campfire_rested":0,"item_purchase_floors":[4,21,31,31,31,38,38,38],"current_hp_per_floor":[65,65,65,65,65,68,68,68,68,68,71,74,74,77,77,80,80,80,63,66,66,66,69,69,72,72,75,75,75,75,75,75,78,98,98,101,101,101,101,101,101,101,101,108,108,108,108,108,108,108],"gold":307,"neow_bonus":"","is_daily":false,"chose_seed":false,"campfire_upgraded":10,"win_rate":0.0,"timestamp":1608667023,"path_taken":["M","M","?","$","?","E","E","?","T","E","R","?","R","E","R","BOSS","M","?","?","$","?","E","R","E","T","E","E","R","E","?","R","BOSS","M","?","?","$","?","E","R","$","T","E","R","R","E","E","R","BOSS"],"items_purchased_type":["Card","Relic","Relic","Relic","Relic","Relic","Relic","Card"],"build_version":"2020-12-13","purchased_purges":1,"victory":true,"max_hp_per_floor":[65,65,65,65,65,68,68,68,68,68,71,74,74,77,77,80,80,80,83,86,86,86,89,89,92,92,95,95,95,95,95,95,98,98,98,101,101,101,101,101,101,101,101,108,108,108,108,108,108,108],"card_choices":[{"not_picked":["Replace","ShiftingGears"],"picked":"InstantArmor","floor":1},{"not_picked":["FastForward","WasteNot","Spin"],"picked":"SKIP","floor":2},{"not_picked":["BottledTime","Spin"],"picked":"SilverBlades","floor":5},{"not_picked":["FanOfKnives","ShatteredReality"],"picked":"Gouge","floor":6},{"not_picked":["BestPractice","Starlight","Rearm"],"picked":"SKIP","floor":7},{"not_picked":["SpecialFormula","Potential","Replace"],"picked":"SKIP","floor":8},{"not_picked":["Alleviate","Rearm","Rewind"],"picked":"SKIP","floor":10},{"not_picked":["Spin","Snipe"],"picked":"Dilation","floor":12},{"not_picked":["Ricochet","Advance"],"picked":"Orbit","floor":14},{"not_picked":["LightFlow","TrueSight"],"picked":"SilverMatrix","floor":16},{"not_picked":["Comet","FastForward","Barrier"],"picked":"SKIP","floor":18},{"not_picked":["FastForward+1","Barrier"],"picked":"Sabotage+1","floor":19},{"not_picked":["Desolation","Initiator"],"picked":"GearUp+1","floor":20},{"not_picked":["Rearm","DualDimension+1"],"picked":"SilverMatrix","floor":23},{"not_picked":["FastForward+1","Solidify+1"],"picked":"Orbit","floor":25},{"not_picked":["Unruled+1","ShatteredReality"],"picked":"InstantArmor+1","floor":27},{"not_picked":["ForgedInTime+1","Spin","Rewind+1"],"picked":"SKIP","floor":28},{"not_picked":["Rewind+1","KillingDoll","Defy+1"],"picked":"SKIP","floor":30},{"not_picked":["Dilation+1","ForgedInTime+1"],"picked":"Sunlight","floor":33},{"not_picked":["Reset+1","Replace+1","BestPractice"],"picked":"SKIP","floor":35},{"not_picked":["Forethought+1","Dramatic Entrance"],"picked":"Apotheosis+1","floor":36},{"not_picked":["Revamp","Alleviate+1","FastForward"],"picked":"SKIP","floor":39},{"not_picked":["Spin+1","InstantArmor+1"],"picked":"MurderousAura","floor":40},{"not_picked":["BestPractice","DancingSilver+1"],"picked":"SilverBlades","floor":44},{"not_picked":["Revamp+1","FastForward","StarChef+1"],"picked":"SKIP","floor":47},{"not_picked":["Alleviate+1","Ricochet","Spin+1"],"picked":"SKIP","floor":48}],"player_experience":129924,"relics_obtained":[{"floor":6,"key":"Replay:Ringing Soul"},{"floor":7,"key":"Blue Doll"},{"floor":9,"key":"Divine Protection"},{"floor":10,"key":"Torii"},{"floor":14,"key":"Replay:Mystery Machine"},{"floor":23,"key":"Replay:Bottled Snecko"},{"floor":25,"key":"Toxic Egg 2"},{"floor":26,"key":"Bronze Scales"},{"floor":27,"key":"Blue Candle"},{"floor":28,"key":"Broom"},{"floor":30,"key":"Sundial"},{"floor":40,"key":"MawBank"},{"floor":43,"key":"Centennial Puzzle"},{"floor":44,"key":"Strawberry"},{"floor":47,"key":"Orichalcum"},{"floor":48,"key":"HornCleat"}],"event_choices":[{"damage_healed":0,"gold_gain":0,"player_choice":"2 cards matched","damage_taken":0,"max_hp_gain":0,"max_hp_loss":0,"event_name":"Match and Keep!","floor":3,"gold_loss":0,"cards_obtained":["CommonCold","KillingDoll"]},{"damage_healed":0,"gold_gain":0,"player_choice":"Ignored","damage_taken":0,"max_hp_gain":0,"max_hp_loss":0,"event_name":"Vampires","floor":22,"gold_loss":0},{"damage_healed":0,"gold_gain":0,"player_choice":"Memory 1","damage_taken":0,"max_hp_gain":0,"max_hp_loss":0,"event_name":"SensoryStone","floor":36,"gold_loss":0},{"damage_healed":0,"gold_gain":0,"player_choice":"Bought 0 Potions","damage_taken":0,"max_hp_gain":0,"max_hp_loss":0,"event_name":"The Woman in Blue","floor":37,"gold_loss":0}],"is_beta":false,"boss_relics":[{"not_picked":["Tiny House","ReplayTheSpireMod:DimensionalGlitch"],"picked":"Coffee Dripper"},{"not_picked":["Replay:Wanted Poster","Honey Jar"],"picked":"Runic Dome"}],"items_purged_floors":[4],"is_endless":false,"potions_floor_spawned":[1,6,10,12,14,18,25,28,30,33,48],"ascension_level":1}}