{"host":"9v3x998ddbx8o276","time":1608615939,"event":{"mods":["AchievementEnabler","BaseMod","Colored Map","Highlight Path","Minty Spire (QoL Compilation)","Quick Restart","Rare Cards Sparkle"],"gold_per_floor":[113,113,132,132,150,150,181,201,201,276,276,301,301,328,328,328,328],"floor_reached":16,"playtime":549,"items_purged":[],"score":236,"play_id":"143bb269-82a0-483a-af56-369d9f488782","local_time":"20201222161539","is_ascension_mode":true,"campfire_choices":[{"data":"Perfected Strike","floor":6.0,"key":"SMITH"},{"floor":11.0,"key":"REST"},{"floor":13.0,"key":"REST"},{"floor":15.0,"key":"REST"}],"circlet_count":0,"master_deck":["AscendersBane","Strike_R+1","Strike_R","Strike_R","Strike_R","Strike_R","Defend_R","Defend_R+1","Defend_R+1","Defend_R","Bash+1","Perfected Strike+1","Pommel Strike","Second Wind","Corruption","Dark Embrace","Sentinel","Cleave"],"relics":["Burning Blood","War Paint","Champion Belt","White Beast Statue","Torii","Frozen Egg 2","Whetstone"],"acts_visited":["Exordium"],"potions_floor_usage":[16],"damage_taken":[{"damage":16.0,"enemies":"Jaw Worm","floor":1.0,"turns":6.0},{"damage":0.0,"enemies":"2 Louse","floor":3.0,"turns":3.0},{"damage":1.0,"enemies":"Cultist","floor":5.0,"turns":3.0},{"damage":29.0,"enemies":"3 Sentries","floor":7.0,"turns":9.0},{"damage":11.0,"enemies":"Looter","floor":8.0,"turns":3.0},{"damage":8.0,"enemies":"Lagavulin","floor":12.0,"turns":7.0},{"damage":19.0,"enemies":"3 Sentries","floor":14.0,"turns":6.0},{"damage":61,"enemies":"Slime Boss","floor":16,"turns":10}],"seed_played":"4800172577901198195","potions_obtained":[{"floor":3.0,"key":"Weak Potion"},{"floor":8.0,"key":"Block Potion"},{"floor":14.0,"key":"DuplicationPotion"}],"is_trial":false,"path_per_floor":["M","?","M","?","M","R","E","M","T","?","R","E","R","E","R","B"],"character_chosen":"IRONCLAD","items_purchased":[],"campfire_rested":3,"item_purchase_floors":[],"current_hp_per_floor":[58,58,64,46,51,51,28,23,23,12,34,32,54,41,63,2,2],"gold":328,"neow_bonus":"RANDOM_COMMON_RELIC","is_daily":false,"chose_seed":false,"campfire_upgraded":1,"win_rate":0.0,"timestamp":1608615939,"path_taken":["M","?","M","?","M","R","E","M","T","?","R","E","R","E","R","BOSS"],"items_purchased_type":[],"build_version":"2020-12-13","purchased_purges":0,"victory":false,"max_hp_per_floor":[75,75,75,75,75,75,75,75,75,75,75,75,75,75,75,75,75],"card_choices":[{"not_picked":["Twin Strike","Havoc"],"picked":"Perfected Strike","floor":1.0},{"not_picked":["Feel No Pain","Pummel"],"picked":"Pommel Strike","floor":3.0},{"not_picked":["Rage","Reckless Charge"],"picked":"Second Wind","floor":5.0},{"not_picked":["Uppercut","True Grit"],"picked":"Corruption","floor":7.0},{"not_picked":["Thunderclap","Heavy Blade"],"picked":"Dark Embrace","floor":8.0},{"not_picked":["Dark Embrace+1","Bloodletting"],"picked":"Sentinel","floor":12.0},{"not_picked":["Bloodletting","Clash"],"picked":"Cleave","floor":14.0}],"player_experience":2047470,"relics_obtained":[{"floor":7.0,"key":"White Beast Statue"},{"floor":9.0,"key":"Torii"},{"floor":12.0,"key":"Frozen Egg 2"},{"floor":14.0,"key":"Whetstone"}],"event_choices":[{"damage_healed":0.0,"max_hp_gain":0.0,"max_hp_loss":0.0,"gold_gain":0.0,"event_name":"Golden Wing","player_choice":"Ignored","floor":2.0,"gold_loss":0.0,"damage_taken":0.0},{"damage_healed":0.0,"max_hp_gain":0.0,"max_hp_loss":0.0,"gold_gain":0.0,"event_name":"Scrap Ooze","player_choice":"Success","floor":4.0,"gold_loss":0.0,"damage_taken":18.0,"relics_obtained":["Champion Belt"]},{"damage_healed":0.0,"max_hp_gain":0.0,"max_hp_loss":0.0,"gold_gain":75.0,"event_name":"World of Goop","player_choice":"Gather Gold","floor":10.0,"gold_loss":0.0,"damage_taken":11.0}],"is_beta":false,"boss_relics":[],"items_purged_floors":[],"is_endless":false,"potions_floor_spawned":[3,8,12,14],"killed_by":"Slime Boss","ascension_level":20}}