{"host":"ktoxvvst1mwxww91","time":1608645211,"event":{"mods":["BaseMod","Hermit","Minty Spire (QoL Compilation)","StSLib","The Hierophant","The Mystic","The Necromancer"],"gold_per_floor":[116,19,35,0,11,38,38,68,94,105,120,120,146,166,166,238,238,258,270,282,28,28,63,63,63,63,83,83,9,9,37,37,114,114,127,139,139,164,39,39,39,77,131,150,150,0,28,47,47,47,47,47,47,86,86,86],"floor_reached":55,"playtime":2869,"items_purged":["Strike_B","Dualcast","Strike_B+1","Compile Driver"],"score":1484,"play_id":"c47a5c4c-0f80-4009-bc6d-93d3910f01e2","local_time":"20201222145331","is_ascension_mode":true,"campfire_choices":[{"floor":12.0,"key":"REST"},{"data":"Blizzard","floor":15.0,"key":"SMITH"},{"data":"Defragment","floor":28.0,"key":"SMITH"},{"floor":30.0,"key":"REST"},{"data":"Redo","floor":32.0,"key":"SMITH"},{"data":"Coolheaded","floor":40.0,"key":"SMITH"},{"data":"Coolheaded","floor":45.0,"key":"SMITH"},{"floor":49.0,"key":"RECALL"},{"data":"Machine Learning","floor":52,"key":"SMITH"}],"circlet_count":0,"master_deck":["AscendersBane","Defend_B+1","Defend_B+1","Defend_B+1","Defend_B+1","Cold Snap+1","Coolheaded+1","Self Repair","Chill","Leap","Gash","Beam Cell","Blizzard+1","Coolheaded","Machine Learning+1","Cold Snap","Defragment+1","Coolheaded+1","Redo+1","Self Repair","Gash+1","Hologram","Force Field","Cold Snap","Go for the Eyes","Loop+1"],"relics":["Black Star","DataDisk","Akabeko","TungstenRod","Potion Belt","Dream Catcher","Ice Cream","Calipers","Busted Crown","Juzu Bracelet","Omamori","Bird Faced Urn","Anchor","Prayer Wheel","Whetstone","Empty Cage","Thread and Needle","CeramicFish","Strawberry","Frozen Egg 2","Mango","Gambling Chip","Bag of Marbles"],"acts_visited":["Exordium","TheCity","TheBeyond","TheEnding"],"potions_floor_usage":[50,50,54],"damage_taken":[{"damage":1.0,"enemies":"Cultist","floor":1.0,"turns":4.0},{"damage":0.0,"enemies":"2 Louse","floor":3.0,"turns":2.0},{"damage":0.0,"enemies":"Small Slimes","floor":5.0,"turns":4.0},{"damage":8.0,"enemies":"3 Sentries","floor":6.0,"turns":7.0},{"damage":44.0,"enemies":"Gremlin Nob","floor":8.0,"turns":7.0},{"damage":0.0,"enemies":"Red Slaver","floor":10.0,"turns":5.0},{"damage":0.0,"enemies":"Exordium Wildlife","floor":11.0,"turns":5.0},{"damage":10.0,"enemies":"Lagavulin","floor":13.0,"turns":12.0},{"damage":7.0,"enemies":"Blue Slaver","floor":14.0,"turns":3.0},{"damage":1.0,"enemies":"The Guardian","floor":16.0,"turns":13.0},{"damage":0.0,"enemies":"Shell Parasite","floor":18.0,"turns":7.0},{"damage":3.0,"enemies":"Chosen","floor":19.0,"turns":6.0},{"damage":4.0,"enemies":"Centurion and Healer","floor":20.0,"turns":7.0},{"damage":44.0,"enemies":"Gremlin Leader","floor":23.0,"turns":9.0},{"damage":0.0,"enemies":"Snake Plant","floor":27.0,"turns":6.0},{"damage":13.0,"enemies":"Slavers","floor":31.0,"turns":7.0},{"damage":0.0,"enemies":"Collector","floor":33.0,"turns":11.0},{"damage":0.0,"enemies":"Orb Walker","floor":35.0,"turns":6.0},{"damage":14.0,"enemies":"3 Darklings","floor":36.0,"turns":6.0},{"damage":0.0,"enemies":"Mind Bloom Boss Battle","floor":38.0,"turns":9.0},{"damage":0.0,"enemies":"Reptomancer","floor":42.0,"turns":10.0},{"damage":13.0,"enemies":"Jaw Worm Horde","floor":44.0,"turns":6.0},{"damage":0.0,"enemies":"Giant Head","floor":47.0,"turns":9.0},{"damage":0.0,"enemies":"Sphere and 2 Shapes","floor":48.0,"turns":5.0},{"damage":5,"enemies":"Awakened One","floor":50,"turns":20},{"damage":65,"enemies":"Shield and Spear","floor":54,"turns":9},{"damage":101,"enemies":"The Heart","floor":55,"turns":14}],"seed_played":"-9109001459567089048","potions_obtained":[{"floor":3.0,"key":"EssenceOfDarkness"},{"floor":5.0,"key":"Fire Potion"},{"floor":11.0,"key":"Explosive Potion"},{"floor":14.0,"key":"FearPotion"},{"floor":16.0,"key":"FocusPotion"},{"floor":19.0,"key":"DistilledChaos"},{"floor":41.0,"key":"SpeedPotion"},{"floor":41.0,"key":"FairyPotion"},{"floor":41.0,"key":"Regen Potion"},{"floor":42.0,"key":"ColorlessPotion"},{"floor":47.0,"key":"PotionOfCapacity"},{"floor":48.0,"key":"EssenceOfSteel"}],"is_trial":false,"path_per_floor":["M","$","M","?","M","E","?","E","T","M","M","R","E","M","R","B",null,"M","M","M","$","?","E","?","?","T","M","R","$","R","E","R","B",null,"M","M","?","?","$","R","?","E","T","M","R","$","E","M","R","B",null,"R","$","E","B"],"character_chosen":"DEFECT","items_purchased":["Cold Snap","Juzu Bracelet","Self Repair"],"campfire_rested":2,"item_purchase_floors":[2,21,29],"current_hp_per_floor":[63,63,63,71,71,70,70,33,33,40,47,68,65,58,58,64,69,71,71,71,71,71,34,34,34,34,47,47,47,68,68,68,71,71,71,71,71,71,71,71,71,78,78,78,78,78,92,92,92,92,92,92,92,51,0,0],"gold":86,"neow_bonus":"BOSS_RELIC","is_daily":false,"chose_seed":false,"campfire_upgraded":6,"win_rate":0.0,"timestamp":1608645211,"path_taken":["M","$","?","?","M","E","?","E","T","M","M","R","E","M","R","BOSS","M","?","M","?","?","E","?","?","T","M","R","$","R","E","R","BOSS","M","M","?","?","$","R","?","E","T","M","R","$","E","M","R","BOSS","R","$","E","BOSS"],"items_purchased_type":["Card","Relic","Card"],"build_version":"2020-12-13","purchased_purges":4,"victory":false,"max_hp_per_floor":[71,71,71,71,71,71,71,71,71,71,71,71,71,71,71,71,71,71,71,71,71,71,71,71,71,71,71,71,71,71,71,71,71,71,71,71,71,71,71,71,71,78,78,78,78,78,92,92,92,92,92,92,92,92,92,92],"card_choices":[{"not_picked":["Redo","Turbo"],"picked":"Compile Driver","floor":1.0},{"not_picked":["Force Field","Double Energy"],"picked":"Coolheaded","floor":3.0},{"not_picked":["Stack","Beam Cell"],"picked":"Self Repair","floor":5.0},{"not_picked":["Hello World","Steam Power","Double Energy"],"picked":"SKIP","floor":6.0},{"not_picked":["Compile Driver","BootSequence"],"picked":"Chill","floor":8.0},{"not_picked":["Redo","Ball Lightning"],"picked":"Leap","floor":10.0},{"not_picked":["Reinforced Body","Ball Lightning"],"picked":"Gash","floor":11.0},{"not_picked":["Stack","Lockon"],"picked":"Beam Cell","floor":12.0},{"not_picked":["Barrage","Fission"],"picked":"Blizzard","floor":13.0},{"not_picked":["Stack","Ball Lightning"],"picked":"Coolheaded","floor":14.0},{"not_picked":["Biased Cognition","Multi-Cast"],"picked":"Machine Learning","floor":16.0},{"not_picked":["Steam"],"picked":"SKIP","floor":18.0},{"not_picked":[],"picked":"Cold Snap","floor":19.0},{"not_picked":[],"picked":"Defragment","floor":20.0},{"not_picked":[],"picked":"Coolheaded","floor":23.0},{"not_picked":[],"picked":"Redo","floor":27.0},{"not_picked":[],"picked":"Gash","floor":30.0},{"not_picked":["Amplify"],"picked":"SKIP","floor":31.0},{"not_picked":[],"picked":"Hologram","floor":35.0},{"not_picked":["Streamline+1"],"picked":"SKIP","floor":35.0},{"not_picked":[],"picked":"Force Field","floor":36.0},{"not_picked":["Barrage"],"picked":"SKIP","floor":36.0},{"not_picked":[],"picked":"Cold Snap","floor":42.0},{"not_picked":["White Noise"],"picked":"SKIP","floor":44.0},{"not_picked":["Sweeping Beam"],"picked":"SKIP","floor":44.0},{"not_picked":["Ball Lightning"],"picked":"SKIP","floor":47.0},{"not_picked":[],"picked":"Go for the Eyes","floor":48.0},{"not_picked":["Redo"],"picked":"SKIP","floor":48.0},{"not_picked":[],"picked":"Loop+1","floor":54}],"player_experience":912120,"relics_obtained":[{"floor":6.0,"key":"DataDisk"},{"floor":6.0,"key":"Akabeko"},{"floor":8.0,"key":"TungstenRod"},{"floor":8.0,"key":"Potion Belt"},{"floor":9.0,"key":"Dream Catcher"},{"floor":13.0,"key":"Ice Cream"},{"floor":13.0,"key":"Calipers"},{"floor":23.0,"key":"Omamori"},{"floor":23.0,"key":"Bird Faced Urn"},{"floor":26.0,"key":"Anchor"},{"floor":31.0,"key":"Prayer Wheel"},{"floor":31.0,"key":"Whetstone"},{"floor":38.0,"key":"Thread and Needle"},{"floor":42.0,"key":"CeramicFish"},{"floor":42.0,"key":"Strawberry"},{"floor":47.0,"key":"Frozen Egg 2"},{"floor":47.0,"key":"Mango"},{"floor":54,"key":"Gambling Chip"},{"floor":54,"key":"Bag of Marbles"}],"event_choices":[{"damage_healed":17.0,"max_hp_gain":0.0,"max_hp_loss":0.0,"gold_gain":0.0,"event_name":"The Cleric","player_choice":"Healed","floor":4.0,"gold_loss":35.0,"damage_taken":0.0},{"cards_removed":["Zap"],"damage_healed":0.0,"max_hp_gain":0.0,"max_hp_loss":0.0,"gold_gain":0.0,"event_name":"Wheel of Change","player_choice":"Card Removal","floor":7.0,"gold_loss":0.0,"damage_taken":0.0},{"damage_healed":0.0,"max_hp_gain":0.0,"max_hp_loss":0.0,"gold_gain":0.0,"event_name":"Vampires","player_choice":"Ignored","floor":22.0,"gold_loss":0.0,"damage_taken":0.0},{"damage_healed":0.0,"max_hp_gain":0.0,"max_hp_loss":0.0,"gold_gain":0.0,"event_name":"Back to Basics","player_choice":"Simplicity","floor":24.0,"gold_loss":0.0,"damage_taken":0.0,"cards_upgraded":["Strike_B","Strike_B","Strike_B","Defend_B","Defend_B","Defend_B","Defend_B"]},{"damage_healed":0.0,"max_hp_gain":0.0,"max_hp_loss":0.0,"gold_gain":0.0,"event_name":"Cursed Tome","player_choice":"Ignored","floor":25.0,"gold_loss":0.0,"damage_taken":0.0},{"damage_healed":0.0,"max_hp_gain":0.0,"max_hp_loss":0.0,"gold_gain":0.0,"event_name":"SensoryStone","player_choice":"Memory 1","floor":37.0,"gold_loss":0.0,"damage_taken":0.0},{"damage_healed":0.0,"max_hp_gain":0.0,"max_hp_loss":0.0,"gold_gain":0.0,"event_name":"MindBloom","player_choice":"Fight","floor":38.0,"gold_loss":0.0,"damage_taken":0.0},{"damage_healed":0.0,"max_hp_gain":0.0,"max_hp_loss":0.0,"gold_gain":0.0,"event_name":"Lab","player_choice":"Got Potions","floor":41.0,"gold_loss":0.0,"damage_taken":0.0}],"is_beta":false,"boss_relics":[{"not_picked":["SlaversCollar","Sozu"],"picked":"Busted Crown"},{"not_picked":["Fusion Hammer","Runic Pyramid"],"picked":"Empty Cage"}],"items_purged_floors":[2,21,39,46],"is_endless":false,"potions_floor_spawned":[3,5,11,14,16,19,42,47,48],"killed_by":"The Heart","ascension_level":14}}