{"host":"o3b7ow6d1xe49css","time":1608608905,"event":{"mods":["Act Like it!","Aspiration","BaseMod","Bestiary","Better Altar","Better Match","Better Note","Better Sensory Stone","Better Skull","Better Third Choice","Colored Powertips","Conspire","Energized Spire","Force Act Four","GifTheSpireLib","Halation","Hermit","Hubris","Infinite Spire","Lobotomy","Minty Spire (QoL Compilation)","Quick Restart","Replay The Spire","Spicy Shops","Spikes Relics","StSLib","Stuff the Spire","The Blue Laboratory","Wandering Minibosses","vexMod"],"gold_per_floor":[116,135,148,148,167,194,39,74,74,74,101,135,184,213,213,317,317,336,0,20,20,20,53,53,83,83,83,83,83,112,62,62,68,68],"floor_reached":33,"playtime":7548,"items_purged":["Strike_R","Strike_R"],"score":471,"play_id":"462c29d1-36a8-4358-bc99-3ae929fdc421","local_time":"20201221184825","daily_mods":["Heirloom","Flight","Elite Swarm"],"is_ascension_mode":true,"campfire_choices":[{"floor":10,"key":"REST"},{"floor":15,"key":"DIG"},{"data":"Juggernaut","floor":24,"key":"SMITH"},{"data":"Offering","floor":29,"key":"SMITH"},{"floor":32,"key":"DIG"}],"circlet_count":0,"master_deck":["Strike_R","Defend_R","Defend_R","Defend_R","Defend_R","Bash","StuffTheSpire:Slingshot","OldLady","hubris:ReadiedAction","BigBird","Cleave","Berserk","WallGazer","Immolate+1","UniverseFragment","OSAHOGD","Juggernaut+1","Inflame","MeatLantern","Anger","Rage+1","Reaper","DespairKnight","Offering+1","Sever Soul","GreedKing"],"relics":["Burning Blood","Ring of Chaos","vexMod:CardConverter","CogitoBucket","Chameleon Ring","vexMod:Spyglass","Gremlin Food","Shovel","Strawberry","halation:Trompette","StuffTheSpire:Mouthbags","Self Forming Clay","Snecko Eye","ResearcherNote","Matryoshka","halation:BottledLove","Rawhide","Boot","Nunchaku","Replay:Bandana","Akabeko","Calipers","Juzu Bracelet","Replay:Wax Seal"],"acts_visited":["Exordium","TheCity"],"potions_floor_usage":[6,11,13,14,30],"damage_taken":[{"damage":3,"enemies":"2 Louse","floor":1,"turns":3},{"damage":5,"enemies":"Cultist","floor":2,"turns":6},{"damage":4,"enemies":"conspire:RoseBush","floor":3,"turns":2},{"damage":4,"enemies":"Red Slaver","floor":5,"turns":4},{"damage":28,"enemies":"Gremlin Nob","floor":6,"turns":4},{"damage":39,"enemies":"3 Sentries","floor":8,"turns":6},{"damage":10,"enemies":"Gremlin Nob","floor":11,"turns":4},{"damage":20,"enemies":"3 Sentries","floor":12,"turns":5},{"damage":8,"enemies":"Replay:BlueRogue","floor":14,"turns":3},{"damage":16,"enemies":"Fading Forest","floor":16,"turns":11},{"damage":50,"enemies":"conspire:FuzzyDice","floor":18,"turns":3},{"damage":4,"enemies":"Chosen","floor":20,"turns":4},{"damage":10,"enemies":"conspire:SneckoGhost","floor":23,"turns":6},{"damage":36,"enemies":"Slavers","floor":25,"turns":5},{"damage":22,"enemies":"Nightmare","floor":30,"turns":7},{"damage":57,"enemies":"hubris:MusketHawk","floor":33,"turns":6}],"seed_played":"-5246695396990192739","potions_obtained":[{"floor":5,"key":"DistilledChaos"},{"floor":8,"key":"blueLaboratory:IronCompound"},{"floor":11,"key":"Fruit Juice"},{"floor":12,"key":"blueLaboratory:PyrophylliteBrew"},{"floor":13,"key":"blueLaboratory:IronCompound"},{"floor":13,"key":"blueLaboratory:ArtificerPotion"},{"floor":14,"key":"Doom Potion"},{"floor":16,"key":"Swift Potion"},{"floor":23,"key":"EssenceOfSteel"}],"is_trial":true,"path_per_floor":["M","M","M","?","M","E","$","E","T","R","E","E","?","E","R","B",null,"M","$","M","?","T","E","R","E","T","?","AVR","R","NM","?","R","B"],"character_chosen":"IRONCLAD","items_purchased":["vexMod:Spyglass","Matryoshka"],"campfire_rested":1,"item_purchase_floors":[7,19],"current_hp_per_floor":[84,88,92,94,98,78,78,49,49,80,87,73,82,80,80,96,117,75,75,79,79,79,77,77,66,66,68,68,68,59,59,59,2,2],"gold":68,"neow_bonus":"","is_daily":false,"chose_seed":false,"campfire_upgraded":2,"win_rate":0.0,"timestamp":1608608905,"path_taken":["M","M","M","?","?","E","$","E","T","R","E","E","?","E","R","BOSS","M","$","M","?","?","E","R","E","T","?","AVR","R","NM","?","R","BOSS"],"items_purchased_type":["Relic","Relic"],"build_version":"2020-12-13","purchased_purges":2,"victory":false,"max_hp_per_floor":[84,88,92,94,98,100,100,104,104,104,115,115,124,124,124,124,124,126,126,128,128,128,130,130,134,134,136,136,136,138,138,138,138,138],"card_choices":[{"not_picked":["ShyLook","MHz","MeatLantern"],"picked":"Singing Bowl","floor":1},{"not_picked":["Murderer","SpiderBud"],"picked":"MeatLantern","floor":1},{"not_picked":["Power Through","True Grit"],"picked":"StuffTheSpire:Slingshot","floor":1},{"not_picked":["Bloodbath","SingingMachine"],"picked":"OldLady","floor":2},{"not_picked":["StuffTheSpire:Incineration","Infernal Blade"],"picked":"hubris:ReadiedAction","floor":2},{"not_picked":["SpiderBud","WhitesApple"],"picked":"BigBird","floor":3},{"not_picked":["ReplayTheSpireMod:Strike From Hell","True Grit"],"picked":"Cleave","floor":3},{"not_picked":["CENSORED","PunishingBird"],"picked":"WallGazer","floor":5},{"not_picked":["StuffTheSpire:Incineration","Invigoration"],"picked":"Armaments","floor":5},{"not_picked":["CrumblingArmor","VoidDream","SpiderBud"],"picked":"Singing Bowl","floor":6},{"not_picked":["StuffTheSpire:TitanForm","Exhume","Immolate"],"picked":"SKIP","floor":6},{"not_picked":["StuffTheSpire:TitanForm","Exhume"],"picked":"Immolate","floor":6},{"not_picked":["Funeral","SpiderBud"],"picked":"UniverseFragment","floor":8},{"not_picked":["Reaper","Double Tap"],"picked":"Brutality","floor":8},{"not_picked":["PunishingBird","CherryBlossoms","RedShoes"],"picked":"Singing Bowl","floor":11},{"not_picked":["Wellcheers","CherryBlossoms"],"picked":"OSAHOGD","floor":11},{"not_picked":["Impervious","Hemogenesis"],"picked":"Juggernaut","floor":11},{"not_picked":["Bloodbath","Alriune","SpiderBud"],"picked":"Singing Bowl","floor":12},{"not_picked":["Demonic Infusion","Feed","conspire:HitWhereItHurts"],"picked":"SKIP","floor":12},{"not_picked":["Second Wind","Wild Strike"],"picked":"Inflame","floor":13},{"not_picked":["VoidDream","BigBadWolf","BeautyBeast"],"picked":"Singing Bowl","floor":14},{"not_picked":["Barricade","Exhume","Hemogenesis"],"picked":"SKIP","floor":14},{"not_picked":["Scorched","SpiderBud","VoidDream"],"picked":"Singing Bowl","floor":16},{"not_picked":["BlackArmy","Alriune","VoidDream"],"picked":"Singing Bowl","floor":18},{"not_picked":["hubris:ReadiedAction+1","Evolve"],"picked":"Anger","floor":18},{"not_picked":["Scorched","BeautyBeast","NothingThere"],"picked":"Singing Bowl","floor":20},{"not_picked":["Thunderclap","hubris:ReadiedAction+1"],"picked":"Rage+1","floor":20},{"not_picked":["QueenBee","BeautyBeast","Murderer"],"picked":"Singing Bowl","floor":23},{"not_picked":["Brutality","Replay:Many Hands"],"picked":"Reaper","floor":23},{"not_picked":["LittleHelper","ShyLook","Scorched"],"picked":"Singing Bowl","floor":25},{"not_picked":["BlackArmy","CherryBlossoms"],"picked":"DespairKnight","floor":25},{"not_picked":["Immolate","Reaper"],"picked":"Offering","floor":25},{"not_picked":["Laetitia","Funeral","Bloodbath"],"picked":"Singing Bowl","floor":30},{"not_picked":["PunishingBird","Murderer"],"picked":"GreedKing","floor":30},{"not_picked":["Feed","Barricade","Bludgeon"],"picked":"SKIP","floor":30}],"player_experience":1803455,"relics_obtained":[{"floor":6,"key":"Chameleon Ring"},{"floor":8,"key":"Gremlin Food"},{"floor":9,"key":"Shovel"},{"floor":11,"key":"Strawberry"},{"floor":12,"key":"halation:Trompette"},{"floor":14,"key":"StuffTheSpire:Mouthbags"},{"floor":15,"key":"Self Forming Clay"},{"floor":22,"key":"Rawhide"},{"floor":23,"key":"Boot"},{"floor":25,"key":"Nunchaku"},{"floor":26,"key":"Replay:Bandana"},{"floor":26,"key":"Akabeko"},{"floor":30,"key":"Juzu Bracelet"},{"floor":32,"key":"Replay:Wax Seal"}],"event_choices":[{"damage_healed":0,"gold_gain":0,"cards_transformed":["Strike_R"],"player_choice":"Transformed","damage_taken":0,"max_hp_gain":0,"max_hp_loss":0,"event_name":"Transmorgrifier","floor":4,"gold_loss":0,"cards_obtained":["Berserk"]},{"damage_healed":0,"gold_gain":0,"player_choice":"Gave Potion","damage_taken":0,"relics_obtained":["halation:BottledLove"],"max_hp_gain":0,"max_hp_loss":0,"event_name":"WeMeetAgain","floor":21,"gold_loss":0},{"damage_healed":0,"gold_gain":0,"cards_transformed":["Strike_R"],"player_choice":"Transformed","damage_taken":0,"max_hp_gain":0,"max_hp_loss":0,"event_name":"Transmorgrifier","floor":27,"gold_loss":0,"cards_obtained":["Sever Soul"]},{"damage_healed":0,"gold_gain":0,"player_choice":"Bet on Murderer","damage_taken":0,"max_hp_gain":0,"max_hp_loss":0,"event_name":"The Joust","floor":31,"gold_loss":50}],"is_beta":false,"boss_relics":[{"not_picked":["Painkiller Herb","conspire:RoyalGoblet"],"picked":"Snecko Eye"}],"items_purged_floors":[19,28],"is_endless":false,"potions_floor_spawned":[5,8,11,12,14,16,23],"killed_by":"hubris:MusketHawk","ascension_level":5}}