{"host":"y56d1fjpgcjsodvy","time":1608630201,"event":{"mods":["BaseMod","Colored Powertips","GifTheSpireLib","Highlight Path","Minty Spire (QoL Compilation)","StSLib","SuperFastMode","everything is the same but u backflip on backflip"],"gold_per_floor":[117,192,202,202,216,216,235,235,312,331,347,401,22,41,41,115,115,134,134,134,148,165,165,65,65,91,91,108,108,108],"floor_reached":29,"playtime":592,"items_purged":["Strike_G","Backstab+1"],"score":538,"play_id":"8783f6a4-52c2-4562-9d61-7378711ea23c","local_time":"20201222184321","is_ascension_mode":true,"campfire_choices":[{"data":"Infinite Blades","floor":6.0,"key":"SMITH"},{"data":"Neutralize","floor":8.0,"key":"SMITH"},{"data":"Metamorphosis","floor":15,"key":"SMITH"},{"data":"Adrenaline","floor":23,"key":"SMITH"}],"circlet_count":0,"master_deck":["AscendersBane","Strike_G","Strike_G","Defend_G","Defend_G","Defend_G","Defend_G","Defend_G","Survivor","Neutralize+1","Infinite Blades+1","A Thousand Cuts","Reflex","Deflect","Bullet Time","Terror","Metamorphosis+1","Dramatic Entrance+1","Adrenaline+1","Accuracy","Metamorphosis+1","Infinite Blades+1","Decay","Eviscerate+1"],"relics":["WristBlade","Molten Egg 2","Runic Pyramid","Toy Ornithopter"],"acts_visited":["Exordium","TheCity"],"potions_floor_usage":[14,16,29],"damage_taken":[{"damage":0.0,"enemies":"Small Slimes","floor":1.0,"turns":5.0},{"damage":4.0,"enemies":"Cultist","floor":3.0,"turns":4.0},{"damage":5.0,"enemies":"2 Louse","floor":5.0,"turns":3.0},{"damage":8.0,"enemies":"Large Slime","floor":7.0,"turns":7.0},{"damage":14.0,"enemies":"Red Slaver","floor":10.0,"turns":6.0},{"damage":4.0,"enemies":"Looter","floor":11.0,"turns":4.0},{"damage":9.0,"enemies":"Lots of Slimes","floor":12.0,"turns":5.0},{"damage":0,"enemies":"Exordium Wildlife","floor":14,"turns":1},{"damage":0,"enemies":"Hexaghost","floor":16,"turns":5},{"damage":3,"enemies":"Chosen","floor":18,"turns":4},{"damage":23,"enemies":"2 Thieves","floor":21,"turns":3},{"damage":4,"enemies":"Centurion and Healer","floor":22,"turns":5},{"damage":26,"enemies":"Snake Plant","floor":28,"turns":4},{"damage":39,"enemies":"Book of Stabbing","floor":29,"turns":3}],"seed_played":"3047321731714038158","potions_obtained":[{"floor":1.0,"key":"Dexterity Potion"},{"floor":7.0,"key":"Explosive Potion"},{"floor":10.0,"key":"ColorlessPotion"},{"floor":12.0,"key":"AttackPotion"},{"floor":21,"key":"FairyPotion"},{"floor":28,"key":"LiquidBronze"}],"is_trial":false,"path_per_floor":["M","?","M","?","M","R","M","R","T","M","M","M","$","M","R","B",null,"M","?","?","M","M","R","$","?","T","?","M","E"],"character_chosen":"THE_SILENT","items_purchased":["Metamorphosis","Dramatic Entrance+1"],"campfire_rested":0,"item_purchase_floors":[13,13],"current_hp_per_floor":[59,48,44,44,39,39,31,31,31,17,13,4,4,4,4,4,51,48,48,48,25,21,21,21,21,21,21,19,0,0],"gold":108,"neow_bonus":"BOSS_RELIC","is_daily":false,"chose_seed":false,"campfire_upgraded":4,"win_rate":0.0,"timestamp":1608630201,"path_taken":["M","?","M","?","M","R","M","R","T","M","M","?","?","?","R","BOSS","M","?","?","M","?","R","$","?","T","?","?","E"],"items_purchased_type":["Card","Card"],"build_version":"2020-12-13","purchased_purges":2,"victory":false,"max_hp_per_floor":[66,66,66,66,66,66,66,66,66,66,66,66,66,66,66,66,66,66,66,66,66,66,66,66,66,66,66,66,66,66],"card_choices":[{"not_picked":["Skewer","Flying Knee","Quick Slash"],"picked":"SKIP","floor":1.0},{"not_picked":["Slice","Dodge and Roll"],"picked":"Infinite Blades","floor":3.0},{"not_picked":["Backflip","Backstab"],"picked":"Reflex","floor":5.0},{"not_picked":["Backflip","Bane"],"picked":"Deflect","floor":7.0},{"not_picked":["Acrobatics","PiercingWail","Riddle With Holes+1"],"picked":"SKIP","floor":10.0},{"not_picked":["Bullet Time","Reflex","Deadly Poison"],"picked":"SKIP","floor":11.0},{"not_picked":["Reflex","Deadly Poison"],"picked":"Bullet Time","floor":11.0},{"not_picked":["Backflip","Blur"],"picked":"Terror","floor":12.0},{"not_picked":["Underhanded Strike+1","Outmaneuver"],"picked":"Backstab+1","floor":14},{"not_picked":["Doppelganger","Storm of Steel"],"picked":"Adrenaline","floor":16},{"not_picked":["Prepared","Cloak And Dagger"],"picked":"Accuracy","floor":18},{"not_picked":["Slice+1","Poisoned Stab+1","Dash+1"],"picked":"SKIP","floor":21},{"not_picked":["Backflip","Bane+1"],"picked":"Infinite Blades+1","floor":22},{"not_picked":["Deadly Poison","Poisoned Stab+1"],"picked":"Eviscerate+1","floor":28}],"player_experience":1174784,"relics_obtained":[{"floor":9.0,"key":"Molten Egg 2"},{"floor":26,"key":"Toy Ornithopter"}],"event_choices":[{"damage_healed":0.0,"max_hp_gain":0.0,"max_hp_loss":0.0,"gold_gain":75.0,"event_name":"World of Goop","player_choice":"Gather Gold","floor":2.0,"gold_loss":0.0,"damage_taken":11.0},{"damage_healed":0.0,"max_hp_gain":0.0,"max_hp_loss":0.0,"gold_gain":0.0,"cards_transformed":["Strike_G"],"event_name":"Transmorgrifier","player_choice":"Transformed","floor":4.0,"gold_loss":0.0,"damage_taken":0.0,"cards_obtained":["A Thousand Cuts"]},{"cards_removed":["Strike_G"],"damage_healed":0,"gold_gain":0,"player_choice":"Elegance","damage_taken":0,"max_hp_gain":0,"max_hp_loss":0,"event_name":"Back to Basics","floor":19,"gold_loss":0},{"damage_healed":0,"gold_gain":0,"player_choice":"Copied","damage_taken":0,"max_hp_gain":0,"max_hp_loss":0,"event_name":"Duplicator","floor":20,"gold_loss":0,"cards_obtained":["Metamorphosis"]},{"damage_healed":0,"gold_gain":0,"player_choice":"Ignored","damage_taken":0,"max_hp_gain":0,"max_hp_loss":0,"event_name":"Vampires","floor":25,"gold_loss":0},{"damage_healed":0,"gold_gain":0,"player_choice":"Cursed","damage_taken":0,"max_hp_gain":0,"max_hp_loss":0,"event_name":"Wheel of Change","floor":27,"gold_loss":0,"cards_obtained":["Decay"]}],"is_beta":false,"boss_relics":[{"not_picked":["Snecko Eye","Ectoplasm"],"picked":"Runic Pyramid"}],"items_purged_floors":[13,24],"is_endless":false,"potions_floor_spawned":[1,7,10,12,21,28],"killed_by":"Book of Stabbing","ascension_level":20}}