{"host":"u8v3smlhv612t412","time":1608642487,"event":{"mods":["BaseMod","Better Altar","Better Match","Better Note","Better Skull","Better Third Choice","BetterRewards","Colored Powertips","DeckTracker","Minty Spire (QoL Compilation)","Quick Restart","Rare Cards Sparkle","Relic Stats","Spicy Shops","StSLib","slay the spire mod where everything is the same but ironclad has a cowboy hat"],"gold_per_floor":[116,116,131,231,242,242,242],"floor_reached":6,"playtime":344,"items_purged":["Strike_P","Defend_P"],"score":38,"play_id":"4994db23-ac34-4d06-b123-983fbd9c662e","local_time":"20201222080807","is_ascension_mode":true,"campfire_choices":[],"circlet_count":0,"master_deck":["Strike_P","Strike_P","Defend_P","Defend_P","Defend_P","Eruption","Vigilance","MentalFortress","Halt","Mayhem","Crescendo","Adaptation","FlyingSleeves"],"relics":["PureWater","Membership Card","Strawberry","Juzu Bracelet","Ancient Tea Set"],"acts_visited":["Exordium"],"potions_floor_usage":[],"damage_taken":[{"damage":7.0,"enemies":"Cultist","floor":1.0,"turns":4.0},{"damage":0.0,"enemies":"2 Louse","floor":3.0,"turns":3.0},{"damage":14.0,"enemies":"Jaw Worm","floor":5.0,"turns":3.0},{"damage":17,"enemies":"Gremlin Nob","floor":6,"turns":5}],"seed_played":"-443059358504665223","potions_obtained":[{"floor":1.0,"key":"SpeedPotion"},{"floor":5.0,"key":"FairyPotion"}],"is_trial":false,"path_per_floor":["M","?","M","?","M","E"],"character_chosen":"WATCHER","items_purchased":["Membership Card","MentalFortress","Strawberry","Halt","Mayhem","Juzu Bracelet","Ancient Tea Set"],"campfire_rested":0,"item_purchase_floors":[0,0,0,0,0,0,0],"current_hp_per_floor":[40,40,40,40,26,9,9],"gold":242,"neow_bonus":"","is_daily":false,"chose_seed":false,"campfire_upgraded":0,"win_rate":0.0,"timestamp":1608642487,"path_taken":["M","?","M","?","M","E"],"items_purchased_type":["Relic","Card","Relic","Card","Card","Relic","Relic"],"build_version":"2020-12-13","purchased_purges":2,"victory":false,"max_hp_per_floor":[79,79,79,79,79,79,79],"relic_stats":{"counters":[52,207],"Juzu Bracelet":0,"obtain_stats":[{"Lantern":0,"Tiny House":17,"Torii":0,"CeramicFish":0,"SacredBark":34,"Juzu Bracelet":0,"TeardropLocket":9,"Ginger":25,"Smiling Mask":9,"Ancient Tea Set":0,"Matryoshka":0,"Sundial":30,"Strawberry":0,"VioletLotus":17,"Toxic Egg 2":13,"InkBottle":26,"Blue Candle":5,"PreservedInsect":7,"Omamori":19,"Letter Opener":10,"War Paint":27,"Frozen Egg 2":0,"Anchor":24,"Bottled Flame":7,"Art of War":21,"Bag of Marbles":0,"Membership Card":0,"PureWater":0},{"Lantern":0,"Tiny House":10,"Torii":16,"CeramicFish":16,"SacredBark":33,"Juzu Bracelet":48,"TeardropLocket":6,"Ginger":30,"Smiling Mask":47,"Ancient Tea Set":48,"Matryoshka":37,"Sundial":32,"Strawberry":48,"VioletLotus":25,"Toxic Egg 2":8,"InkBottle":30,"Blue Candle":19,"PreservedInsect":41,"Omamori":26,"Letter Opener":7,"War Paint":31,"Frozen Egg 2":42,"Anchor":15,"Bottled Flame":21,"Art of War":27,"Bag of Marbles":37,"Membership Card":42,"PureWater":0},{"Lantern":0,"Tiny House":38,"Torii":70,"CeramicFish":70,"SacredBark":130,"Juzu Bracelet":192,"TeardropLocket":22,"Ginger":117,"Smiling Mask":186,"Ancient Tea Set":192,"Matryoshka":143,"Sundial":125,"Strawberry":192,"VioletLotus":97,"Toxic Egg 2":31,"InkBottle":117,"Blue Candle":77,"PreservedInsect":164,"Omamori":100,"Letter Opener":28,"War Paint":121,"Frozen Egg 2":166,"Anchor":65,"Bottled Flame":85,"Art of War":103,"Bag of Marbles":143,"Membership Card":166,"PureWater":0}]},"card_choices":[{"not_picked":["Wallop","EmptyMind"],"picked":"Crescendo","floor":1.0},{"not_picked":["CutThroughFate","DeceiveReality"],"picked":"Adaptation","floor":3.0},{"not_picked":["WheelKick","JustLucky"],"picked":"FlyingSleeves","floor":5.0}],"player_experience":472923,"relics_obtained":[],"event_choices":[{"cards_removed":["Strike_P"],"damage_healed":0.0,"max_hp_gain":0.0,"max_hp_loss":0.0,"gold_gain":0.0,"event_name":"Living Wall","player_choice":"Forget","floor":2.0,"gold_loss":0.0,"damage_taken":0.0},{"damage_healed":0.0,"max_hp_gain":0.0,"max_hp_loss":0.0,"gold_gain":100.0,"event_name":"Golden Shrine","player_choice":"Pray","floor":4.0,"gold_loss":0.0,"damage_taken":0.0}],"is_beta":false,"boss_relics":[],"items_purged_floors":[0,0],"is_endless":false,"potions_floor_spawned":[1,5],"killed_by":"Gremlin Nob","ascension_level":1}}