{"host":"zivz6e0vf73jivdq","time":1608634296,"event":{"mods":["ATMod(°¢èªMod)","Act Like it!","BaseMod","Friendly Minions","Gensokyo","HololiveMod","Koishi","Marisa£¨ìFÓê¡¡Ä§ÀíÉ³£©","Minty Spire (QoL Compilation)","MostiFishMod","Pale of the Ancients","Prisma Mod","Reimu£¨²©ÀöÁéÃÎ£©","Remilia£¨ÀÙÃ×ÀòÑÇ£©","Replay The Spire","RumiaBox-Â¶Ã×æ«µÄÉñÃØºÐ×Ó","StSLib","The Jungle","The Servant 0.9.4","Youmu£¨»êÆÇÑýÃÎ£©","¡¾¶«·½¶þ´Î´´×÷¡¿°ËÔÆ×Ïmod","¡¾ÒÅÎï¿¨ÅÆ¡¿REMEMod"],"gold_per_floor":[112,132,82,82,92,122,154,241,253,297,327,371,383,411,423,538,550,572,584,616,647,678,690,737,749,814,929,686,753,810,854,854,1051,1051,1090,1229,1349,1047,1091,1149,1149,1149,1149,1319,1376,1467,1467,1524,1524,1549,1549,1607,1361,1440,1465],"floor_reached":56,"playtime":5170,"items_purged":["Defend_R","Brutality","Carnage"],"score":2299,"play_id":"ab38475b-0ecd-4442-bc2f-219a15920fef","local_time":"20201222185136","is_ascension_mode":true,"campfire_choices":[{"data":"MostiFishMod:StarHerder","floor":13.0,"key":"SMITH"},{"data":"Seeing Red","floor":15.0,"key":"SMITH"},{"floor":23.0,"key":"RECALL"},{"data":"Dark Embrace","floor":25.0,"key":"SMITH"},{"data":"MostiFishMod:FlyOverUtopia","floor":42.0,"key":"SMITH"},{"data":"Life Link","floor":47,"key":"PURGE"},{"floor":49,"key":"DIG"}],"circlet_count":0,"master_deck":["Bash","MostiFishMod:StarHerder+1","Cleave+1","Dark Embrace+1","Infernal Blade","Shrug It Off","Seeing Red+1","Berserk","Flame Barrier","Shockwave","Pommel Strike","AT_CaressingTears+1","ReplayReversal","AT_ShrugMaster+1","MostiFishMod:RacingGame","MostiFishMod:FlyOverUtopia+1","Eclipse","Burning Pact","ReplayTheSpireMod:Limb From Limb","Double Tap","Intimidate","Bludgeon","Abandon","Dropkick+1","Shrug It Off+1","ReplayTheSpireMod:Private Reserves+1"],"relics":["Burning Blood","DaveBox","REME_ComplimentaryCards","AT_ATBox","NeowsBlessing","Transparent","Question Card","MawBank","Replay:Multitool","ImportantClient","Black Star","AT_MibuBalloonWealth","Blue Doll","Boot","Mastiff:ReiMu","Meat on the Bone","Membership Card","Whetstone","Hololive_LightStick","Orichalcum","Pandora\u0027s Box","Golden Egg","Ccalipers","HandDrill","AT_BellDemon","REME_HandOfSuture","CatCart","Replay:Bottled Flurry","Oddly Smooth Stone","Replay:Rubber Ducky","Replay:Wax Seal","Iron Hammer","ReplayFunnel","Frozen Eye","ArrowTower","SentryEyes"],"acts_visited":["Exordium","TheCity","TheBeyond","TheEnding"],"potions_floor_usage":[55,55,55],"damage_taken":[{"damage":8.0,"enemies":"2 Louse","floor":1.0,"turns":1.0},{"damage":8.0,"enemies":"Small Slimes","floor":2.0,"turns":1.0},{"damage":8.0,"enemies":"Jaw Worm","floor":5.0,"turns":1.0},{"damage":60.0,"enemies":"Lagavulin","floor":6.0,"turns":4.0},{"damage":16.0,"enemies":"Exordium Wildlife","floor":7.0,"turns":2.0},{"damage":40.0,"enemies":"3 Sentries","floor":10.0,"turns":5.0},{"damage":16.0,"enemies":"2 Fungi Beasts","floor":11.0,"turns":2.0},{"damage":25.0,"enemies":"Gremlin Nob","floor":12.0,"turns":3.0},{"damage":16.0,"enemies":"Large Slime","floor":14.0,"turns":2.0},{"damage":40.0,"enemies":"Slime Boss","floor":16.0,"turns":5.0},{"damage":26.0,"enemies":"Chosen","floor":18.0,"turns":2.0},{"damage":24.0,"enemies":"Shell Parasite","floor":20.0,"turns":3.0},{"damage":24.0,"enemies":"Snecko","floor":21.0,"turns":3.0},{"damage":16.0,"enemies":"3 Cultists","floor":22.0,"turns":2.0},{"damage":32.0,"enemies":"Replay:Snechameleon","floor":24.0,"turns":4.0},{"damage":43.0,"enemies":"Gremlin Leader","floor":27.0,"turns":4.0},{"damage":28.0,"enemies":"Centurion and Healer","floor":29.0,"turns":3.0},{"damage":24.0,"enemies":"REME_1_Revenger","floor":30.0,"turns":3.0},{"damage":1.0,"enemies":"Snecko","floor":31.0,"turns":2.0},{"damage":41.0,"enemies":"Pondfish","floor":33.0,"turns":5.0},{"damage":12.0,"enemies":"Orb Walker","floor":35.0,"turns":2.0},{"damage":10.0,"enemies":"3 Darklings","floor":36.0,"turns":2.0},{"damage":19.0,"enemies":"4 Shapes","floor":37.0,"turns":2.0},{"damage":8.0,"enemies":"Transient","floor":39.0,"turns":5.0},{"damage":10.0,"enemies":"Nemesis","floor":40.0,"turns":3.0},{"damage":12,"enemies":"Orin","floor":44,"turns":3},{"damage":6,"enemies":"Giant Head","floor":45,"turns":3},{"damage":20,"enemies":"Sphere and 2 Shapes","floor":46,"turns":3},{"damage":20,"enemies":"Nemesis","floor":48,"turns":3},{"damage":27,"enemies":"Time Eater","floor":50,"turns":4},{"damage":15,"enemies":"Shield and Spear","floor":54,"turns":3},{"damage":34,"enemies":"The Heart","floor":55,"turns":4}],"seed_played":"3690987607374956626","potions_obtained":[{"floor":2.0,"key":"ColorlessPotion"},{"floor":6.0,"key":"HeartOfIron"},{"floor":14.0,"key":"Dexterity Potion"},{"floor":16.0,"key":"SkillPotion"}],"is_trial":false,"path_per_floor":["M","M","?","?","M","E","M","?","T","E","M","E","R","M","R","B",null,"M","?","M","M","M","R","E","R","T","E","$","M","E","M","R","B",null,"M","M","M","$","M","E","?","R","T","?","E","M","R","E","R","B",null,"R","$","E","B",null],"character_chosen":"IRONCLAD","items_purchased":["Membership Card","ReplayReversal","Whetstone","Golden Egg","Ccalipers","HandDrill","ReplayFunnel","Frozen Eye","ReplayTheSpireMod:Private Reserves+1"],"campfire_rested":0,"item_purchase_floors":[28,28,28,38,38,38,53,53,53],"current_hp_per_floor":[80,80,80,80,80,80,80,69,69,80,80,80,80,80,80,80,80,80,80,80,80,80,80,80,80,80,80,80,80,80,80,80,80,80,80,80,80,80,80,80,80,80,80,80,80,80,80,80,80,80,80,80,80,80,80],"gold":1465,"neow_bonus":"THREE_ENEMY_KILL","is_daily":false,"chose_seed":false,"campfire_upgraded":4,"win_rate":0.0,"timestamp":1608634296,"path_taken":["M","M","?","?","M","E","M","?","T","E","M","E","R","M","R","BOSS","M","?","M","M","M","R","E","R","T","E","$","M","E","M","R","BOSS","M","M","M","$","M","E","?","R","T","?","E","M","R","E","R","BOSS","R","$","E","BOSS"],"items_purchased_type":["Relic","Card","Relic","Relic","Relic","Relic","Relic","Relic","Card"],"build_version":"2020-12-13","purchased_purges":3,"victory":true,"max_hp_per_floor":[80,80,80,80,80,80,80,80,80,80,80,80,80,80,80,80,80,80,80,80,80,80,80,80,80,80,80,80,80,80,80,80,80,80,80,80,80,80,80,80,80,80,80,80,80,80,80,80,80,80,80,80,80,80,80],"card_choices":[{"not_picked":["Heavy Blade","Reckless Charge"],"picked":"Cleave","floor":1.0},{"not_picked":["Replay:Undeath\u0027s Touch","Pommel Strike","Cleave","Iron Wave"],"picked":"SKIP","floor":2.0},{"not_picked":["Body Slam","Warcry","Exhume"],"picked":"Dark Embrace","floor":5.0},{"not_picked":["ReplayTheSpireMod:Limb From Limb","Wild Strike","Blood for Blood","MostiFishMod:FireWorks"],"picked":"SKIP","floor":6.0},{"not_picked":["Feel No Pain","Ghostly Armor","Pommel Strike"],"picked":"Infernal Blade","floor":7.0},{"not_picked":["Warcry","Defy Death","Blood for Blood","Wild Strike"],"picked":"SKIP","floor":10.0},{"not_picked":["Defy Death","Blood for Blood","Wild Strike"],"picked":"Warcry","floor":10.0},{"not_picked":["ReplayTheSpireMod:Limb From Limb","Defy Death","Heavy Blade"],"picked":"Shrug It Off","floor":11.0},{"not_picked":["Hemogenesis","AT_ShrugMaster","AT_GerminateFire"],"picked":"Seeing Red","floor":12.0},{"not_picked":["Clothesline","Heavy Blade","Flex","Searing Blow"],"picked":"SKIP","floor":14.0},{"not_picked":["MostiFishMod:UniRed","Demonic Infusion","MostiFishMod:WingOfPhoenix"],"picked":"Berserk","floor":16.0},{"not_picked":["AT_BodySlamDance","Heavy Blade+1","REME_Scribble"],"picked":"Flame Barrier","floor":18.0},{"not_picked":["Thunderclap","ReplayReversal","Pummel"],"picked":"Shockwave","floor":20.0},{"not_picked":["Dropkick","Replay:Undeath\u0027s Touch","Sword Boomerang+1","AT_BodySlamDance+1"],"picked":"SKIP","floor":21.0},{"not_picked":["ReplayTheSpireMod:Strike From Hell+1","AT_DiedThrough","Intimidate"],"picked":"Pommel Strike","floor":22.0},{"not_picked":["Rupture","MostiFishMod:PerfectStrikeMKII","AT_DrawKnifeCut"],"picked":"AT_CaressingTears+1","floor":24.0},{"not_picked":["Thunderclap","Headbutt","Evolve","Clash"],"picked":"SKIP","floor":27.0},{"not_picked":["Heavy Blade","Entrench","Shrug It Off"],"picked":"AT_ShrugMaster+1","floor":29.0},{"not_picked":["Entrench","Anger","Havoc"],"picked":"Carnage","floor":30.0},{"not_picked":["Rage","AT_GerminateFire","Heavy Blade","ReplayReversal"],"picked":"SKIP","floor":31.0},{"not_picked":["MostiFishMod:CullingBlade","MostiFishMod:404NotFound","Immolate"],"picked":"MostiFishMod:FlyOverUtopia","floor":33.0},{"not_picked":["Clash","Armaments+1","Heavy Blade+1","AT_BodySlamDance+1"],"picked":"SKIP","floor":35.0},{"not_picked":["Clash+1","Pommel Strike+1","Perfected Strike","Iron Wave"],"picked":"SKIP","floor":36.0},{"not_picked":["AT_GerminateFire+1","Clash+1","Warcry"],"picked":"Bludgeon","floor":37.0},{"not_picked":["Run Through+1","Warcry+1","Clothesline+1"],"picked":"Abandon","floor":39.0},{"not_picked":["Reckless Charge","ReplayTheSpireMod:Muscle Training+1","Massacre","Uppercut"],"picked":"SKIP","floor":40.0},{"not_picked":["Uppercut","Abandon","Pummel+1"],"picked":"Dropkick+1","floor":45},{"not_picked":["Headbutt","Rampage","Warcry+1"],"picked":"Shrug It Off+1","floor":46},{"not_picked":["REME_SingleHolding+1","Eclipse","Havoc","Clothesline"],"picked":"SKIP","floor":48},{"not_picked":["Clothesline","Power Through","Life Link+1","ReplayTheSpireMod:Strike From Hell"],"picked":"SKIP","floor":54}],"player_experience":726246,"relics_obtained":[{"floor":1.0,"key":"Question Card"},{"floor":6.0,"key":"MawBank"},{"floor":10.0,"key":"Replay:Multitool"},{"floor":16.0,"key":"ImportantClient"},{"floor":24.0,"key":"AT_MibuBalloonWealth"},{"floor":24.0,"key":"Blue Doll"},{"floor":26.0,"key":"Boot"},{"floor":27.0,"key":"Mastiff:ReiMu"},{"floor":27.0,"key":"Meat on the Bone"},{"floor":30.0,"key":"Hololive_LightStick"},{"floor":30.0,"key":"Orichalcum"},{"floor":40.0,"key":"AT_BellDemon"},{"floor":40.0,"key":"REME_HandOfSuture"},{"floor":44,"key":"CatCart"},{"floor":45,"key":"Replay:Bottled Flurry"},{"floor":45,"key":"Oddly Smooth Stone"},{"floor":48,"key":"Replay:Rubber Ducky"},{"floor":48,"key":"Replay:Wax Seal"},{"floor":49,"key":"Iron Hammer"},{"floor":54,"key":"ArrowTower"},{"floor":54,"key":"SentryEyes"}],"event_choices":[{"cards_removed":["Strike_R"],"damage_healed":0.0,"max_hp_gain":0.0,"max_hp_loss":0.0,"gold_gain":0.0,"event_name":"The Cleric","player_choice":"Card Removal","floor":3.0,"gold_loss":50.0,"damage_taken":0.0},{"damage_healed":0.0,"max_hp_gain":0.0,"max_hp_loss":0.0,"gold_gain":75.0,"event_name":"World of Goop","player_choice":"Gather Gold","floor":8.0,"gold_loss":0.0,"damage_taken":11.0},{"damage_healed":0.0,"max_hp_gain":0.0,"max_hp_loss":0.0,"gold_gain":0.0,"event_name":"Ghosts","player_choice":"Ignored","floor":19.0,"gold_loss":0.0,"damage_taken":0.0},{"damage_healed":0.0,"max_hp_gain":0.0,"max_hp_loss":0.0,"gold_gain":0.0,"event_name":"Tomb of Lord Red Mask","player_choice":"Ignored","floor":41.0,"gold_loss":0.0,"damage_taken":0.0},{"damage_healed":0,"gold_gain":0,"player_choice":"Fight","damage_taken":0,"max_hp_gain":0,"max_hp_loss":0,"event_name":"OrinTheCat","floor":44,"gold_loss":0}],"is_beta":false,"boss_relics":[{"not_picked":["Replay:Ancient Bell","Hololive_TopUpMoneyS"],"picked":"Black Star"},{"not_picked":["Philosopher\u0027s Stone","Replay:Bronze Core"],"picked":"Pandora\u0027s Box"}],"items_purged_floors":[28,38,53],"is_endless":false,"potions_floor_spawned":[2,6,14,16,20,21,22,31,37,40,44,45,48],"ascension_level":7}}