{"host":"9iosvng142x134hb","time":1608656554,"event":{"mods":["AchievementEnabler","Act Like it!","BaseMod","Colored Powertips","Downfall","Force Act Four","Googly Eyes","Minty Spire (QoL Compilation)","Relic Stats","StSLib"],"gold_per_floor":[99,119,136,136,136,170,170,170,3,3,3,3,3,0,20,117,117,117,135,243,264,284,284,284,284,21,21,21,21],"floor_reached":27,"playtime":2881,"items_purged":["Regret","hexamod:Strike"],"score":207,"play_id":"a3c45fd0-856c-42b2-8b90-29ed256dd0c8","local_time":"20201222120234","is_ascension_mode":false,"campfire_choices":[{"data":"hexamod:Float","floor":1.0,"key":"SMITH"},{"data":"hexamod:EmpoweringStance","floor":10.0,"key":"SMITH"},{"data":"hexamod:InspiringFlames","floor":12.0,"key":"SMITH"},{"data":"hexamod:ParanormalForm","floor":18.0,"key":"SMITH"},{"floor":23,"key":"REST"}],"circlet_count":0,"master_deck":["hexamod:Strike+1","hexamod:Strike","hexamod:Defend+1","hexamod:Defend","hexamod:Defend","hexamod:Defend+1","hexamod:Sear","hexamod:Float+1","hexamod:BacktrackSmack","hexamod:EmpoweringStance+1","hexamod:FastForward","hexamod:InspiringFlames+1","hexamod:FirstSeal","hexamod:SecondSeal","hexamod:TurnItUp","hexamod:ParanormalForm+1","hexamod:EmpoweredFlame","hexamod:WildfireWeapon","hexamod:PhantomCloak","hexamod:NightmareStrike","hexamod:Sear","expansioncontent:GoopSpray","hexamod:GhostShield+1","hexamod:FastForward","hexamod:PhantomFireball","hexamod:Again","hexamod:BurningTouch","hexamod:SpectersWail"],"relics":["hexamod:SpiritBrand","Juzu Bracelet","Incense Burner","hexamod:SoulConsumer","HornCleat","Question Card","Runic Pyramid","downfall:GremlinSack","StrikeDummy","Orrery"],"acts_visited":["Exordium","TheCity"],"potions_floor_usage":[21],"damage_taken":[{"damage":0.0,"enemies":"Jaw Worm","floor":2.0,"turns":5.0},{"damage":0.0,"enemies":"Small Slimes","floor":3.0,"turns":3.0},{"damage":16.0,"enemies":"3 Sentries","floor":6.0,"turns":11.0},{"damage":3.0,"enemies":"downfall:FleeingMerchant","floor":9.0,"turns":4.0},{"damage":0.0,"enemies":"downfall:FleeingMerchant","floor":14.0,"turns":4.0},{"damage":0.0,"enemies":"2 Louse","floor":15.0,"turns":2.0},{"damage":19.0,"enemies":"downfall:Ironclad","floor":16.0,"turns":12.0},{"damage":10,"enemies":"3 Byrds","floor":19,"turns":6},{"damage":27,"enemies":"3 Byrds","floor":20,"turns":6},{"damage":6,"enemies":"Centurion and Healer","floor":21,"turns":7},{"damage":19,"enemies":"Shelled Parasite and Fungi","floor":22,"turns":9},{"damage":0,"enemies":"downfall:FleeingMerchant","floor":26,"turns":4},{"damage":103,"enemies":"Gremlin Leader","floor":27,"turns":8}],"seed_played":"-4818953794288360005","potions_obtained":[{"floor":6.0,"key":"DistilledChaos"},{"floor":20,"key":"hexamod:DoubleChargePotion"},{"floor":21,"key":"FairyPotion"}],"is_trial":false,"path_per_floor":["R","M","M","?","T","E","T","?","$","R","T","R","?","$","M","B",null,"R","M","?","M","M","R","T","?","$","E"],"character_chosen":"THE_SPIRIT","items_purchased":["hexamod:FirstSeal","Orrery"],"campfire_rested":1,"item_purchase_floors":[9,26],"current_hp_per_floor":[70,70,70,70,70,54,54,54,51,51,51,51,51,58,65,46,70,70,67,40,41,22,43,43,43,50,0,0,0],"gold":21,"neow_bonus":"RANDOM_COMMON_RELIC","is_daily":false,"chose_seed":false,"campfire_upgraded":4,"win_rate":0.0,"timestamp":1608656554,"path_taken":["R","M","M","?","?","E","T","?","$","R","?","R","?","?","M","BOSS","R","M","?","M","M","R","T","?","$","E"],"items_purchased_type":["Card","Relic"],"build_version":"2020-12-13","purchased_purges":2,"victory":false,"max_hp_per_floor":[70,70,70,70,70,70,70,70,70,70,70,70,70,70,70,70,70,70,70,70,70,70,70,70,70,70,70,70,70],"relic_stats":{"counters":[13,81],"Juzu Bracelet":2,"Question Card":13,"obtain_stats":[{"HornCleat":7,"downfall:GremlinSack":20,"Orrery":26,"Juzu Bracelet":0,"Incense Burner":5,"hexamod:SoulConsumer":6,"Question Card":11,"StrikeDummy":24,"hexamod:SpiritBrand":0,"Runic Pyramid":17},{"HornCleat":3,"downfall:GremlinSack":9,"Orrery":12,"Juzu Bracelet":0,"Incense Burner":2,"hexamod:SoulConsumer":3,"Question Card":4,"StrikeDummy":11,"hexamod:SpiritBrand":0,"Runic Pyramid":7},{"HornCleat":19,"downfall:GremlinSack":53,"Orrery":73,"Juzu Bracelet":0,"Incense Burner":8,"hexamod:SoulConsumer":19,"Question Card":23,"StrikeDummy":69,"hexamod:SpiritBrand":0,"Runic Pyramid":41}]},"card_choices":[{"not_picked":["hexamod:NightmareGuise","hexamod:Firestarter"],"picked":"hexamod:BacktrackSmack","floor":2.0},{"not_picked":["hexamod:SpectersWail","hexamod:AdvancingGuard"],"picked":"hexamod:EmpoweringStance","floor":3.0},{"not_picked":["hexamod:Firestarter","hexamod:SwordOfDarkness"],"picked":"hexamod:FastForward","floor":6.0},{"not_picked":["hexamod:SkipABeat","hexamod:GhostShield"],"picked":"hexamod:InspiringFlames","floor":9.0},{"not_picked":["hexamod:StepThrough","hexamod:Firestarter","hexamod:GhostLash"],"picked":"hexamod:SecondSeal","floor":14.0},{"not_picked":["hexamod:SkipABeat","hexamod:NightmareGuise","hexamod:BacktrackSmack"],"picked":"hexamod:TurnItUp","floor":15.0},{"not_picked":["hexamod:CrushingStance","hexamod:SearingWound","hexamod:EmpoweringStance"],"picked":"hexamod:ParanormalForm","floor":16.0},{"not_picked":["hexamod:NecessarySacrifice+1","hexamod:ShieldOfDarkness","hexamod:SpectersWail+1"],"picked":"hexamod:EmpoweredFlame","floor":19},{"not_picked":["hexamod:SkipABeat+1","hexamod:VolcanoVisage","hexamod:GhostflameBarrier+1"],"picked":"hexamod:GhostShield+1","floor":20},{"not_picked":["hexamod:GhostOfSpirePast+1","hexamod:SpectralAdrenaline","hexamod:BurningTouch"],"picked":"hexamod:FastForward","floor":21},{"not_picked":["hexamod:HeatCrush","hexamod:NightmareStrike","hexamod:Hexaguard+1","hexamod:AdvancingGuard"],"picked":"SKIP","floor":22},{"not_picked":["hexamod:BurningTouch","hexamod:GhostOfSpireFuture","hexamod:NightmareGuise","hexamod:AdvancingGuard"],"picked":"SKIP","floor":26},{"not_picked":["hexamod:FastForward","hexamod:HauntingEcho","hexamod:SwordOfDarkness"],"picked":"hexamod:PhantomFireball","floor":26},{"not_picked":["hexamod:FirstSeal","hexamod:SpectralAdrenaline+1","hexamod:ShieldOfDarkness"],"picked":"hexamod:Again","floor":26},{"not_picked":["hexamod:NightmareStrike","hexamod:HeatMetal","hexamod:HauntingEcho"],"picked":"hexamod:BurningTouch","floor":26},{"not_picked":["hexamod:GhostShield","hexamod:ChargedBarrage","hexamod:ThermalTransfer"],"picked":"hexamod:SpectersWail","floor":26}],"player_experience":453616,"relics_obtained":[{"floor":5.0,"key":"Incense Burner"},{"floor":6.0,"key":"hexamod:SoulConsumer"},{"floor":7.0,"key":"HornCleat"},{"floor":11.0,"key":"Question Card"},{"floor":20,"key":"downfall:GremlinSack"},{"floor":24,"key":"StrikeDummy"}],"event_choices":[{"cards_removed":["hexamod:Strike"],"damage_healed":0.0,"max_hp_gain":0.0,"max_hp_loss":0.0,"gold_gain":0.0,"event_name":"The Cleric","player_choice":"Card Removal","floor":4.0,"gold_loss":0.0,"damage_taken":0.0},{"cards_removed":["Guardian:Aged"],"damage_healed":0,"gold_gain":0,"player_choice":"Elegance","damage_taken":0,"max_hp_gain":0,"max_hp_loss":0,"event_name":"Back to Basics","floor":25,"gold_loss":0}],"is_beta":false,"boss_relics":[{"not_picked":["Snecko Eye","Tiny House"],"picked":"Runic Pyramid"}],"items_purged_floors":[9,26],"is_endless":false,"potions_floor_spawned":[6,20,21],"killed_by":"Gremlin Leader","ascension_level":0}}