{"host":"69rply1jf2d1wbmp","time":1608679519,"event":{"mods":["BaseMod","Minty Spire (QoL Compilation)","Quick Restart"],"gold_per_floor":[114,114,36,52,227,259,292,292,316,329,7,7,7,65,65,162,162,176,176,63,63,73,102,102,102,153,57,83,99,124,153,153,251,251,263,318,240,240,24,24,55,55,135,160,160,160,219,254,254,254],"floor_reached":51,"playtime":1362,"items_purged":["Doubt","Writhe"],"score":1209,"play_id":"60ad08ea-d46f-4194-90e7-39650432ce8b","local_time":"20201222182519","daily_mods":["SealedDeck","Heirloom","Flight"],"is_ascension_mode":false,"campfire_choices":[{"data":"Cloak And Dagger","floor":8,"key":"SMITH"},{"data":"Accuracy","floor":12,"key":"SMITH"},{"floor":15,"key":"REST"},{"data":"Accuracy","floor":32,"key":"SMITH"},{"data":"Blade Dance","floor":40,"key":"SMITH"},{"data":"Footwork","floor":42,"key":"SMITH"},{"floor":49,"key":"REST"}],"circlet_count":0,"master_deck":["Noxious Fumes","Slice+1","Slice","Slice+1","Backflip","Accuracy+1","Accuracy+1","Cloak And Dagger+1","Cloak And Dagger+1","Footwork+1","Deflect","Footwork","Noxious Fumes","Corpse Explosion","Accuracy+1","Accuracy+1","Blade Dance+1","Adrenaline","Cloak And Dagger+1","Backstab","Blade Dance+1"],"relics":["Ring of the Snake","Gambling Chip","Nunchaku","Whetstone","Akabeko","Membership Card","PreservedInsect","Anchor","Busted Crown","Oddly Smooth Stone","Art of War","Nilry\u0027s Codex","Bag of Marbles","HandDrill","Du-Vu Doll","Potion Belt","Question Card","Philosopher\u0027s Stone","Peace Pipe","Sling","Toxic Egg 2","Strawberry","The Courier","CeramicFish","StoneCalendar","Thread and Needle"],"acts_visited":["Exordium","TheCity","TheBeyond"],"potions_floor_usage":[47,50,50,50,50,50],"damage_taken":[{"damage":0,"enemies":"Jaw Worm","floor":1,"turns":2},{"damage":0,"enemies":"Cultist","floor":4,"turns":3},{"damage":0,"enemies":"Lagavulin","floor":6,"turns":5},{"damage":6,"enemies":"Gremlin Nob","floor":7,"turns":4},{"damage":0,"enemies":"2 Louse","floor":10,"turns":2},{"damage":20,"enemies":"Lagavulin Event","floor":14,"turns":3},{"damage":20,"enemies":"Hexaghost","floor":16,"turns":5},{"damage":2,"enemies":"Spheric Guardian","floor":18,"turns":3},{"damage":0,"enemies":"Chosen","floor":22,"turns":3},{"damage":0,"enemies":"Gremlin Leader","floor":23,"turns":3},{"damage":0,"enemies":"Slavers","floor":28,"turns":2},{"damage":0,"enemies":"Shelled Parasite and Fungi","floor":29,"turns":2},{"damage":0,"enemies":"Book of Stabbing","floor":30,"turns":2},{"damage":0,"enemies":"Gremlin Leader","floor":31,"turns":4},{"damage":0,"enemies":"Collector","floor":33,"turns":5},{"damage":0,"enemies":"3 Shapes","floor":35,"turns":1},{"damage":0,"enemies":"2 Orb Walkers","floor":36,"turns":1},{"damage":0,"enemies":"Nemesis","floor":41,"turns":1},{"damage":0,"enemies":"Reptomancer","floor":44,"turns":1},{"damage":36,"enemies":"Mind Bloom Boss Battle","floor":47,"turns":3},{"damage":0,"enemies":"Nemesis","floor":48,"turns":1},{"damage":26,"enemies":"Time Eater","floor":50,"turns":6}],"seed_played":"1558454416242143132","potions_obtained":[{"floor":6,"key":"EssenceOfSteel"},{"floor":7,"key":"Dexterity Potion"},{"floor":10,"key":"Dexterity Potion"},{"floor":30,"key":"AttackPotion"},{"floor":35,"key":"LiquidMemories"},{"floor":47,"key":"Weak Potion"}],"is_trial":true,"path_per_floor":["M","?","$","M","?","E","E","R","T","M","$","R","?","?","R","B",null,"M","?","$","?","M","E","?","?","T","$","E","M","E","E","R","B",null,"M","?","$","?","$","R","E","R","T","E","?","?","?","E","R","B",null],"character_chosen":"THE_SILENT","items_purchased":["Footwork","Membership Card","PreservedInsect","Noxious Fumes","Oddly Smooth Stone","Accuracy","Blade Dance","HandDrill","Sling","Toxic Egg 2","Backstab"],"campfire_rested":2,"item_purchase_floors":[3,11,11,11,20,20,27,27,37,39,39],"current_hp_per_floor":[70,70,70,70,70,70,64,64,64,64,64,64,64,44,65,45,70,68,68,68,68,68,68,52,52,52,52,52,52,52,52,52,52,70,70,70,70,70,70,70,77,77,77,77,77,77,41,41,64,38],"gold":254,"neow_bonus":"","is_daily":false,"chose_seed":false,"campfire_upgraded":5,"win_rate":0.0,"timestamp":1608679519,"path_taken":["M","?","$","?","?","E","E","R","T","M","$","R","?","?","R","BOSS","M","?","?","?","?","E","?","?","T","$","E","M","E","E","R","BOSS","M","?","$","?","$","R","E","R","T","E","?","?","?","E","R","BOSS"],"items_purchased_type":["Card","Relic","Relic","Card","Relic","Card","Card","Relic","Relic","Relic","Card"],"build_version":"2020-12-13","purchased_purges":2,"victory":true,"max_hp_per_floor":[70,70,70,70,70,70,70,70,70,70,70,70,70,70,70,70,70,70,70,70,70,70,70,70,70,70,70,70,70,70,70,70,70,70,70,70,70,70,70,70,77,77,77,77,77,77,77,77,77,77],"card_choices":[{"not_picked":["Acrobatics","Masterful Stab"],"picked":"Deflect","floor":1},{"not_picked":["Crippling Poison","Footwork","Prepared"],"picked":"SKIP","floor":4},{"not_picked":["Backflip","Slice"],"picked":"Caltrops","floor":6},{"not_picked":["Bouncing Flask","Dash","Prepared"],"picked":"SKIP","floor":7},{"not_picked":["Expertise","Reflex","PiercingWail"],"picked":"SKIP","floor":10},{"not_picked":["Unload","Die Die Die"],"picked":"Corpse Explosion","floor":16},{"not_picked":["Dodge and Roll"],"picked":"SKIP","floor":18},{"not_picked":[],"picked":"Accuracy","floor":22},{"not_picked":["Riddle With Holes"],"picked":"SKIP","floor":23},{"not_picked":["Prepared"],"picked":"SKIP","floor":28},{"not_picked":["Predator"],"picked":"SKIP","floor":29},{"not_picked":["Finisher"],"picked":"SKIP","floor":30},{"not_picked":["Prepared"],"picked":"SKIP","floor":31},{"not_picked":["Storm of Steel"],"picked":"Adrenaline","floor":33},{"not_picked":["Outmaneuver","Flechettes+1"],"picked":"SKIP","floor":35},{"not_picked":["Slice+1"],"picked":"Cloak And Dagger+1","floor":36},{"not_picked":["Concentrate+1","PiercingWail+1"],"picked":"SKIP","floor":41},{"not_picked":["Sucker Punch","Cloak And Dagger+1"],"picked":"SKIP","floor":44},{"not_picked":["Leg Sweep+1"],"picked":"Blade Dance+1","floor":47},{"not_picked":["Cloak And Dagger+1","Well Laid Plans"],"picked":"SKIP","floor":48}],"player_experience":393890,"relics_obtained":[{"floor":6,"key":"Nunchaku"},{"floor":7,"key":"Whetstone"},{"floor":9,"key":"Akabeko"},{"floor":23,"key":"Art of War"},{"floor":24,"key":"Nilry\u0027s Codex"},{"floor":26,"key":"Bag of Marbles"},{"floor":28,"key":"Du-Vu Doll"},{"floor":30,"key":"Potion Belt"},{"floor":31,"key":"Question Card"},{"floor":36,"key":"Peace Pipe"},{"floor":41,"key":"Strawberry"},{"floor":43,"key":"The Courier"},{"floor":44,"key":"CeramicFish"},{"floor":47,"key":"StoneCalendar"},{"floor":48,"key":"Thread and Needle"}],"event_choices":[{"damage_healed":0,"gold_gain":0,"player_choice":"Forge","damage_taken":0,"max_hp_gain":0,"max_hp_loss":0,"event_name":"Accursed Blacksmith","floor":2,"gold_loss":0,"cards_upgraded":["Cloak And Dagger"]},{"damage_healed":0,"gold_gain":175,"player_choice":"AGREE","damage_taken":0,"max_hp_gain":0,"max_hp_loss":0,"event_name":"Liars Game","floor":5,"gold_loss":0,"cards_obtained":["Doubt"]},{"damage_healed":0,"gold_gain":0,"player_choice":"Grow","damage_taken":0,"max_hp_gain":0,"max_hp_loss":0,"event_name":"Living Wall","floor":13,"gold_loss":0,"cards_upgraded":["Accuracy"]},{"damage_healed":0,"gold_gain":30,"player_choice":"Searched \u00273\u0027 times","damage_taken":0,"relics_obtained":["Anchor"],"max_hp_gain":0,"max_hp_loss":0,"event_name":"Dead Adventurer","floor":14,"gold_loss":0},{"cards_removed":["Caltrops"],"damage_healed":0,"gold_gain":0,"player_choice":"Card Removal","damage_taken":0,"max_hp_gain":0,"max_hp_loss":0,"event_name":"Wheel of Change","floor":19,"gold_loss":0},{"damage_healed":0,"gold_gain":0,"player_choice":"Upgraded","damage_taken":0,"max_hp_gain":0,"max_hp_loss":0,"event_name":"Upgrade Shrine","floor":21,"gold_loss":0,"cards_upgraded":["Accuracy"]},{"damage_healed":0,"gold_gain":0,"player_choice":"Obtained Book","damage_taken":16,"max_hp_gain":0,"max_hp_loss":0,"event_name":"Cursed Tome","floor":24,"gold_loss":0},{"damage_healed":0,"gold_gain":0,"player_choice":"Ignored","damage_taken":0,"max_hp_gain":0,"max_hp_loss":0,"event_name":"Vampires","floor":25,"gold_loss":0},{"damage_healed":0,"gold_gain":0,"player_choice":"Fight","damage_taken":0,"max_hp_gain":0,"max_hp_loss":0,"event_name":"Mysterious Sphere","floor":36,"gold_loss":0},{"damage_healed":18,"gold_gain":0,"player_choice":"Writhe","damage_taken":0,"max_hp_gain":0,"max_hp_loss":0,"event_name":"Winding Halls","floor":38,"gold_loss":0,"cards_obtained":["Writhe"]},{"damage_healed":0,"gold_gain":0,"player_choice":"Memory 1","damage_taken":0,"max_hp_gain":0,"max_hp_loss":0,"event_name":"SensoryStone","floor":45,"gold_loss":0},{"damage_healed":0,"gold_gain":0,"player_choice":"Ignored","damage_taken":0,"max_hp_gain":0,"max_hp_loss":0,"event_name":"Tomb of Lord Red Mask","floor":46,"gold_loss":0},{"damage_healed":0,"gold_gain":0,"player_choice":"Fight","damage_taken":0,"max_hp_gain":0,"max_hp_loss":0,"event_name":"MindBloom","floor":47,"gold_loss":0}],"is_beta":false,"boss_relics":[{"not_picked":["Velvet Choker","HoveringKite"],"picked":"Busted Crown"},{"not_picked":["Empty Cage","Sozu"],"picked":"Philosopher\u0027s Stone"}],"items_purged_floors":[11,39],"is_endless":false,"potions_floor_spawned":[6,7,10,14,28,30,35,47,48],"ascension_level":0}}