{"host":"rjx4accq0ysw8w2o","time":1608664588,"event":{"mods":["AchievementEnabler","BaseMod","Block Reminder","Colored Map","Colored Powertips","DeckTracker","Highlight Path","Minty Spire (QoL Compilation)","Quick Restart","Rare Cards Sparkle"],"gold_per_floor":[118,135,135,210,210,210,239,250,305,319,335,367,367,224,224,329,329,346,329,340,340,357,357,387,387,387,387,387],"floor_reached":27,"playtime":5643,"items_purged":["Bash"],"score":280,"play_id":"86521fdc-f810-496d-88ce-b50a486e19d2","local_time":"20201222201628","is_ascension_mode":true,"campfire_choices":[{"floor":6.0,"key":"REST"},{"floor":13.0,"key":"REST"},{"data":"Carnage","floor":15.0,"key":"SMITH"},{"floor":23.0,"key":"REST"}],"circlet_count":0,"master_deck":["Strike_R","Strike_R","Strike_R","Strike_R","Strike_R","Defend_R","Defend_R","Defend_R","Pommel Strike","Shrug It Off","Pommel Strike","Clothesline","Carnage+1","Immolate","CurseOfTheBell","Twin Strike+1"],"relics":["Burning Blood","Ancient Tea Set","Nunchaku","Regal Pillow","Pear","Frozen Egg 2","Calling Bell","Smiling Mask","Shuriken","Champion Belt","Kunai","Eternal Feather"],"acts_visited":["Exordium","TheCity"],"potions_floor_usage":[24],"damage_taken":[{"damage":9.0,"enemies":"Cultist","floor":1.0,"turns":5.0},{"damage":2.0,"enemies":"Small Slimes","floor":2.0,"turns":4.0},{"damage":56.0,"enemies":"Lagavulin","floor":7.0,"turns":10.0},{"damage":0.0,"enemies":"2 Louse","floor":8.0,"turns":3.0},{"damage":4.0,"enemies":"Gremlin Gang","floor":10.0,"turns":6.0},{"damage":6.0,"enemies":"3 Louse","floor":11.0,"turns":5.0},{"damage":13.0,"enemies":"Gremlin Nob","floor":12.0,"turns":5.0},{"damage":74.0,"enemies":"Hexaghost","floor":16.0,"turns":14.0},{"damage":7.0,"enemies":"Chosen","floor":18.0,"turns":5.0},{"damage":27.0,"enemies":"2 Thieves","floor":19.0,"turns":4.0},{"damage":15.0,"enemies":"Snecko","floor":20.0,"turns":4.0},{"damage":9.0,"enemies":"Centurion and Healer","floor":22.0,"turns":5.0},{"damage":59,"enemies":"Book of Stabbing","floor":24,"turns":6},{"damage":30,"enemies":"Shelled Parasite and Fungi","floor":27,"turns":3}],"seed_played":"7547352824309160001","potions_obtained":[{"floor":1.0,"key":"Dexterity Potion"},{"floor":8.0,"key":"BlessingOfTheForge"},{"floor":12.0,"key":"Energy Potion"},{"floor":16.0,"key":"HeartOfIron"},{"floor":20.0,"key":"ElixirPotion"},{"floor":22.0,"key":"LiquidBronze"}],"is_trial":false,"path_per_floor":["M","M","?","?","?","R","E","M","T","M","M","E","R","$","R","B",null,"M","M","M","?","M","R","E","?","T","M"],"character_chosen":"IRONCLAD","items_purchased":["Carnage"],"campfire_rested":3,"item_purchase_floors":[14],"current_hp_per_floor":[77,80,68,57,57,80,40,46,46,48,48,41,83,83,83,15,90,89,68,59,41,38,81,28,28,28,0,0],"gold":387,"neow_bonus":"RANDOM_COMMON_RELIC","is_daily":false,"chose_seed":false,"campfire_upgraded":1,"win_rate":0.0,"timestamp":1608664588,"path_taken":["M","?","?","?","?","R","E","M","T","M","M","E","R","$","R","BOSS","M","M","?","?","M","R","E","?","T","?"],"items_purchased_type":["Card"],"build_version":"2020-12-13","purchased_purges":1,"victory":false,"max_hp_per_floor":[80,80,80,80,80,80,90,90,90,90,90,90,90,90,90,90,90,90,90,90,95,95,95,95,95,95,95,95],"card_choices":[{"not_picked":["Hemokinesis","Feel No Pain","Flex"],"picked":"SKIP","floor":1.0},{"not_picked":["Headbutt","Entrench"],"picked":"Pommel Strike","floor":2.0},{"not_picked":["Dropkick","Iron Wave"],"picked":"Shrug It Off","floor":7.0},{"not_picked":["Body Slam","Cleave"],"picked":"Pommel Strike","floor":8.0},{"not_picked":["Flex","Cleave","Uppercut"],"picked":"SKIP","floor":10.0},{"not_picked":["Armaments","Anger"],"picked":"Clothesline","floor":11.0},{"not_picked":["Warcry","Limit Break","Searing Blow"],"picked":"SKIP","floor":12.0},{"not_picked":["Corruption+1","Barricade+1"],"picked":"Immolate","floor":16.0},{"not_picked":["Thunderclap+1","Anger","Second Wind"],"picked":"SKIP","floor":18.0},{"not_picked":["Anger","Clash"],"picked":"Twin Strike+1","floor":19.0},{"not_picked":["Cleave","Burning Pact+1","Impervious"],"picked":"SKIP","floor":20.0},{"not_picked":["Burning Pact","Flex","Warcry"],"picked":"SKIP","floor":22.0},{"not_picked":["Wild Strike","Reckless Charge+1","Headbutt"],"picked":"SKIP","floor":24}],"player_experience":83914,"relics_obtained":[{"floor":7.0,"key":"Pear"},{"floor":12.0,"key":"Frozen Egg 2"},{"floor":17.0,"key":"Smiling Mask"},{"floor":17.0,"key":"Shuriken"},{"floor":17.0,"key":"Champion Belt"},{"floor":24,"key":"Kunai"},{"floor":26,"key":"Eternal Feather"}],"event_choices":[{"damage_healed":0.0,"max_hp_gain":0.0,"max_hp_loss":0.0,"gold_gain":0.0,"event_name":"Scrap Ooze","player_choice":"Success","floor":3.0,"gold_loss":0.0,"damage_taken":12.0,"relics_obtained":["Nunchaku"]},{"damage_healed":0.0,"max_hp_gain":0.0,"max_hp_loss":0.0,"gold_gain":75.0,"event_name":"World of Goop","player_choice":"Gather Gold","floor":4.0,"gold_loss":0.0,"damage_taken":11.0},{"damage_healed":0.0,"max_hp_gain":0.0,"max_hp_loss":0.0,"gold_gain":0.0,"event_name":"WeMeetAgain","player_choice":"Gave Potion","floor":5.0,"gold_loss":0.0,"damage_taken":0.0,"relics_obtained":["Regal Pillow"]},{"damage_healed":0.0,"max_hp_gain":5.0,"max_hp_loss":0.0,"gold_gain":0.0,"event_name":"Forgotten Altar","player_choice":"Shed Blood","floor":21.0,"gold_loss":0.0,"damage_taken":23.0},{"cards_removed":["Defend_R"],"damage_healed":0,"gold_gain":0,"player_choice":"Card Removal","damage_taken":0,"max_hp_gain":0,"max_hp_loss":0,"event_name":"Wheel of Change","floor":25,"gold_loss":0}],"is_beta":false,"boss_relics":[{"not_picked":["SacredBark","Astrolabe"],"picked":"Calling Bell"}],"items_purged_floors":[14],"is_endless":false,"potions_floor_spawned":[1,8,12,16,20,22],"killed_by":"Shelled Parasite and Fungi","ascension_level":1}}