{"host":"Jedit","time":1608642883,"event":{"mods":["BaseMod","Minty Spire (QoL Compilation)","Relic Stats","StSLib"],"gold_per_floor":[118,134,134,284,284,284,328,328,328,366,366,387,405,428,428,428,428],"floor_reached":16,"playtime":375,"items_purged":[],"score":270,"play_id":"68756502-7bd3-43fd-bfeb-f82221774bf7","local_time":"20201222131443","is_ascension_mode":true,"campfire_choices":[{"data":"Neutralize","floor":6,"key":"SMITH"},{"data":"Dash","floor":8,"key":"SMITH"},{"floor":11,"key":"REST"},{"data":"Dodge and Roll","floor":15,"key":"SMITH"}],"circlet_count":0,"master_deck":["AscendersBane","Strike_G","Strike_G","Strike_G","Strike_G","Strike_G","Defend_G","Defend_G","Defend_G","Defend_G","Defend_G","Survivor","Neutralize+1","Flying Knee","Dash+1","Doubt","Dagger Spray+1","Dodge and Roll+1","Dash+1","Die Die Die+1","Blur"],"relics":["Ring of the Snake","NeowsBlessing","Pen Nib","Golden Idol","Molten Egg 2","Toy Ornithopter","Mummified Hand"],"acts_visited":["Exordium"],"potions_floor_usage":[16,16],"damage_taken":[{"damage":0,"enemies":"Small Slimes","floor":1,"turns":1},{"damage":0,"enemies":"2 Louse","floor":2,"turns":1},{"damage":0,"enemies":"3 Sentries","floor":7,"turns":2},{"damage":24,"enemies":"Gremlin Nob","floor":10,"turns":4},{"damage":2,"enemies":"Jaw Worm","floor":12,"turns":3},{"damage":0,"enemies":"Blue Slaver","floor":13,"turns":3},{"damage":0,"enemies":"3 Louse","floor":14,"turns":2},{"damage":33,"enemies":"Hexaghost","floor":16,"turns":14}],"seed_played":"-8962772753768400851","potions_obtained":[{"floor":2,"key":"SteroidPotion"},{"floor":14,"key":"DistilledChaos"}],"is_trial":false,"path_per_floor":["M","M","?","?","?","R","E","R","T","E","R","M","M","M","R","B"],"character_chosen":"THE_SILENT","items_purchased":[],"campfire_rested":1,"item_purchase_floors":[],"current_hp_per_floor":[59,59,33,33,33,33,33,33,33,9,27,25,25,25,25,2,2],"gold":428,"neow_bonus":"THREE_ENEMY_KILL","is_daily":false,"chose_seed":false,"campfire_upgraded":3,"win_rate":0.0,"timestamp":1608642883,"path_taken":["M","M","?","?","?","R","E","R","T","E","R","M","M","M","R","BOSS"],"items_purchased_type":[],"build_version":"2020-12-18","purchased_purges":0,"victory":false,"max_hp_per_floor":[66,66,66,66,60,60,60,60,60,60,60,60,60,60,60,60,60],"relic_stats":{"counters":[8,30],"Golden Idol":30,"Mummified Hand":[0],"Pen Nib":[5],"obtain_stats":[{"NeowsBlessing":0,"Golden Idol":5,"Mummified Hand":10,"Molten Egg 2":7,"Pen Nib":3,"Toy Ornithopter":9,"Ring of the Snake":0},{"NeowsBlessing":0,"Golden Idol":2,"Mummified Hand":4,"Molten Egg 2":3,"Pen Nib":2,"Toy Ornithopter":3,"Ring of the Snake":0},{"NeowsBlessing":0,"Golden Idol":2,"Mummified Hand":8,"Molten Egg 2":4,"Pen Nib":2,"Toy Ornithopter":4,"Ring of the Snake":0}],"Toy Ornithopter":10,"Ring of the Snake":[16]},"card_choices":[{"not_picked":["Bane","Outmaneuver"],"picked":"Flying Knee","floor":1},{"not_picked":["Backstab","Prepared"],"picked":"Dash","floor":2},{"not_picked":["Deadly Poison","Outmaneuver"],"picked":"Dagger Spray+1","floor":7},{"not_picked":["Expertise","Riddle With Holes+1"],"picked":"Dodge and Roll","floor":10},{"not_picked":["Flying Knee+1","Slice+1"],"picked":"Dash+1","floor":12},{"not_picked":["Sucker Punch+1","Backflip"],"picked":"Die Die Die+1","floor":13},{"not_picked":["Cloak And Dagger","Calculated Gamble"],"picked":"Blur","floor":14}],"player_experience":3397454,"relics_obtained":[{"floor":7,"key":"Molten Egg 2"},{"floor":9,"key":"Toy Ornithopter"},{"floor":10,"key":"Mummified Hand"}],"event_choices":[{"damage_healed":0,"gold_gain":0,"player_choice":"Success","damage_taken":26,"relics_obtained":["Pen Nib"],"max_hp_gain":0,"max_hp_loss":0,"event_name":"Scrap Ooze","floor":3,"gold_loss":0},{"damage_healed":0,"gold_gain":150,"player_choice":"AGREE","damage_taken":0,"max_hp_gain":0,"max_hp_loss":0,"event_name":"Liars Game","floor":4,"gold_loss":0,"cards_obtained":["Doubt"]},{"damage_healed":0,"gold_gain":0,"player_choice":"Lose Max HP","damage_taken":0,"relics_obtained":["Golden Idol"],"max_hp_gain":0,"max_hp_loss":6,"event_name":"Golden Idol","floor":5,"gold_loss":0}],"is_beta":true,"boss_relics":[],"items_purged_floors":[],"is_endless":false,"potions_floor_spawned":[2,14],"killed_by":"Hexaghost","ascension_level":20}}