{"host":"5fasz840ryq7obdf","time":1608630215,"event":{"mods":["AchievementEnabler","BaseMod","Bestiary","Better Altar","Better Skull","Better Third Choice","BetterRewards","Block Reminder","Colored Powertips","Curses Come First","Minty Spire (QoL Compilation)","Quick Restart","Relic Stats","Shop Mod","Spicy Shops","StSLib"],"gold_per_floor":[113,113,129,144,36,62,62,95,95,127,149,11,11,28,28,105,105,122,133,55,55,13,46,46,64,143,143,178,178,198,226,226,297,297,308,328,70,87,87,113,131,150,150,179,179,179,194,226,226,226,226,226,21,53,53],"floor_reached":56,"playtime":5608,"items_purged":["Defend_P","Strike_P","Strike_P","Defend_P","Strike_P"],"score":2737,"play_id":"5073aef9-1452-45d6-a807-c6e1e51d54f6","local_time":"20201222094335","is_ascension_mode":true,"campfire_choices":[{"floor":7.0,"key":"REST"},{"data":"CrushJoints","floor":13.0,"key":"SMITH"},{"data":"Ragnarok","floor":15.0,"key":"SMITH"},{"data":"Eruption","floor":24.0,"key":"SMITH"},{"data":"Adaptation","floor":27.0,"key":"SMITH"},{"data":"ClearTheMind","floor":32.0,"key":"SMITH"},{"floor":46.0,"key":"REST"},{"floor":49,"key":"RECALL"},{"data":"Omniscience","floor":52,"key":"SMITH"}],"circlet_count":0,"master_deck":["AscendersBane","Strike_P+1","Defend_P+1","Eruption+1","Vigilance+1","Adaptation+1","Protect+1","EmptyBody+1","Consecrate","Ragnarok+1","Wireheading","Evaluate","LikeWater","ThirdEye","ClearTheMind+1","TalkToTheHand","Evaluate","CrushJoints+1","Worship","FearNoEvil+1","FlurryOfBlows","ConjureBlade","LessonLearned","FlurryOfBlows","LikeWater","Study","ReachHeaven","ThirdEye","Swivel+1","Wallop+1","Omniscience+1","WaveOfTheHand+1","SandsOfTime","SandsOfTime","Protect+1","EmptyMind","Crescendo","Parasite","JustLucky","TalkToTheHand+1","SandsOfTime+1","EmptyMind","Pray","Tantrum+1","JustLucky+1","CrushJoints+1","Shame","Devotion"],"relics":["PureWater","Toolbox","Happy Flower","Damaru","Anchor","Yang","Sling","Oddly Smooth Stone","Eternal Feather","Pen Nib","MawBank","Black Star","Pantograph","Unceasing Top","Centennial Puzzle","HornCleat","MealTicket","Ornamental Fan","Vajra","Prayer Wheel","Philosopher\u0027s Stone","Bronze Scales","Toy Ornithopter","Potion Belt","Mercury Hourglass","Bag of Marbles","Molten Egg 2","Nunchaku","TungstenRod","Blue Candle","Lantern","War Paint","Sundial"],"acts_visited":["Exordium","TheCity","TheBeyond","TheEnding"],"potions_floor_usage":[47,47,47,50,55,55,55],"damage_taken":[{"damage":0.0,"enemies":"Jaw Worm","floor":1.0,"turns":3.0},{"damage":0.0,"enemies":"Cultist","floor":3.0,"turns":4.0},{"damage":0.0,"enemies":"Small Slimes","floor":4.0,"turns":2.0},{"damage":0.0,"enemies":"Lagavulin","floor":6.0,"turns":4.0},{"damage":0.0,"enemies":"Gremlin Nob","floor":8.0,"turns":3.0},{"damage":0.0,"enemies":"3 Sentries","floor":10.0,"turns":3.0},{"damage":0.0,"enemies":"Blue Slaver","floor":11.0,"turns":3.0},{"damage":0.0,"enemies":"Red Slaver","floor":14.0,"turns":1.0},{"damage":26.0,"enemies":"Slime Boss","floor":16.0,"turns":4.0},{"damage":2.0,"enemies":"Chosen","floor":18.0,"turns":3.0},{"damage":14.0,"enemies":"Shell Parasite","floor":19.0,"turns":5.0},{"damage":34.0,"enemies":"Gremlin Leader","floor":23.0,"turns":5.0},{"damage":5.0,"enemies":"Snake Plant","floor":25.0,"turns":4.0},{"damage":3.0,"enemies":"Book of Stabbing","floor":28.0,"turns":4.0},{"damage":2.0,"enemies":"Shelled Parasite and Fungi","floor":30.0,"turns":7.0},{"damage":14.0,"enemies":"Gremlin Leader","floor":31.0,"turns":2.0},{"damage":3.0,"enemies":"Champ","floor":33.0,"turns":8.0},{"damage":0.0,"enemies":"3 Darklings","floor":35.0,"turns":1.0},{"damage":6.0,"enemies":"Orb Walker","floor":36.0,"turns":6.0},{"damage":0.0,"enemies":"3 Darklings","floor":38.0,"turns":4.0},{"damage":21.0,"enemies":"Nemesis","floor":40.0,"turns":7.0},{"damage":0.0,"enemies":"Writhing Mass","floor":41.0,"turns":2.0},{"damage":21.0,"enemies":"4 Shapes","floor":42.0,"turns":7.0},{"damage":25.0,"enemies":"Giant Head","floor":44.0,"turns":9.0},{"damage":0,"enemies":"3 Darklings","floor":47,"turns":3},{"damage":0,"enemies":"Reptomancer","floor":48,"turns":2},{"damage":4,"enemies":"Donu and Deca","floor":50,"turns":6},{"damage":4,"enemies":"Shield and Spear","floor":54,"turns":6},{"damage":25,"enemies":"The Heart","floor":55,"turns":6}],"seed_played":"3676433603512671040","potions_obtained":[{"floor":1.0,"key":"Block Potion"},{"floor":4.0,"key":"DistilledChaos"},{"floor":10.0,"key":"SteroidPotion"},{"floor":23.0,"key":"Block Potion"},{"floor":28.0,"key":"Block Potion"},{"floor":31.0,"key":"EntropicBrew"},{"floor":40.0,"key":"LiquidMemories"},{"floor":44.0,"key":"CultistPotion"},{"floor":48,"key":"EssenceOfSteel"}],"is_trial":false,"path_per_floor":["M","?","M","M","$","E","R","E","T","E","M","$","R","M","R","B",null,"M","M","$","?","$","E","R","M","T","R","E","?","M","E","R","B",null,"M","M","$","M","?","E","M","M","T","E","T","R","M","E","R","B",null,"R","$","E","B",null],"character_chosen":"WATCHER","items_purchased":["Toolbox","Happy Flower","Damaru","Anchor","Adaptation","Protect","EmptyBody","Consecrate","Yang","Ragnarok","Wireheading","Evaluate","LikeWater","ThirdEye","Sling","CrushJoints","LikeWater","Study","Bronze Scales","Blue Candle","Lantern"],"campfire_rested":2,"item_purchase_floors":[0,0,0,0,0,0,0,0,0,0,0,0,0,0,5,5,20,22,37,53,53],"current_hp_per_floor":[19,19,19,19,19,19,39,39,39,39,39,39,51,51,63,37,60,58,44,44,44,44,10,25,20,20,35,32,32,30,16,34,56,65,65,59,68,68,68,47,47,26,26,11,11,55,68,68,68,64,67,68,68,64,48],"gold":53,"neow_bonus":"","is_daily":false,"chose_seed":false,"campfire_upgraded":6,"win_rate":0.0,"timestamp":1608630215,"path_taken":["M","?","M","M","?","E","R","E","T","E","M","?","R","M","R","BOSS","M","?","$","?","$","E","R","?","T","R","E","?","M","E","R","BOSS","M","M","$","M","?","E","?","M","T","E","?","R","?","E","R","BOSS","R","$","E","BOSS"],"items_purchased_type":["Relic","Relic","Relic","Relic","Card","Card","Card","Card","Relic","Card","Card","Card","Card","Card","Relic","Card","Card","Card","Relic","Relic","Relic"],"build_version":"2020-12-13","purchased_purges":5,"victory":true,"max_hp_per_floor":[68,68,68,68,68,68,68,68,68,68,68,68,68,68,68,68,68,68,68,68,68,68,68,68,68,68,68,68,68,68,68,68,68,68,68,68,68,68,68,68,68,68,68,68,68,68,68,68,68,68,68,68,68,68,68],"relic_stats":{"Happy Flower":[128],"counters":[102,444],"Blue Candle":[5],"Yang":[286],"Eternal Feather":186,"Pen Nib":[26],"War Paint":["The Bomb","Vigilance","Swivel","Vigilance","EmptyBody","Protect"],"MawBank":252,"Mercury Hourglass":[117],"Centennial Puzzle":[68],"Nunchaku":[6],"Ornamental Fan":[176],"Sundial":[0],"Pantograph":29,"Bronze Scales":[215],"MealTicket":9,"Prayer Wheel":7,"Black Star":7,"obtain_stats":[{"Ice Cream":47,"CeramicFish":34,"Vajra":43,"Whetstone":31,"Boot":47,"Sling":5,"Blood Vial":24,"Centennial Puzzle":39,"HornCleat":43,"DollysMirror":36,"Sundial":42,"Strawberry":24,"Philosopher\u0027s Stone":34,"MealTicket":11,"Prayer Wheel":31,"HandDrill":0,"Kunai":0,"Toxic Egg 2":8,"Happy Flower":38,"Blue Candle":31,"Astrolabe":17,"Oddly Smooth Stone":6,"Eternal Feather":8,"Pen Nib":6,"Letter Opener":6,"War Paint":44,"Question Card":17,"Akabeko":9,"Bird Faced Urn":0,"Bronze Scales":37,"Molten Egg 2":14,"Black Star":17,"Unceasing Top":23,"Meat on the Bone":0,"Darkstone Periapt":25,"Regal Pillow":25,"Lantern":9,"Singing Bowl":23,"Mango":43,"Yang":0,"Incense Burner":17,"Bag of Preparation":47,"Empty Cage":17,"Nunchaku":4,"Dream Catcher":29,"TheAbacus":20,"Mummified Hand":26,"Gambling Chip":8,"Pantograph":34,"Toolbox":0,"Red Mask":44,"Potion Belt":0,"NeowsBlessing":0,"Damaru":22,"PreservedInsect":47,"Omamori":40,"Orichalcum":9,"MawBank":28,"Mercury Hourglass":28,"Calling Bell":34,"Anchor":22,"Ornamental Fan":28,"Bloody Idol":21,"HolyWater":34,"Turnip":40,"Art of War":26,"Bag of Marbles":46,"Membership Card":0,"PureWater":0,"TungstenRod":0,"Toy Ornithopter":11},{"Ice Cream":71,"CeramicFish":40,"Vajra":70,"Whetstone":62,"Boot":71,"Sling":76,"Blood Vial":35,"Centennial Puzzle":42,"HornCleat":44,"DollysMirror":41,"Sundial":70,"Strawberry":12,"Philosopher\u0027s Stone":16,"MealTicket":30,"Prayer Wheel":89,"HandDrill":23,"Kunai":47,"Toxic Egg 2":29,"Happy Flower":18,"Blue Candle":15,"Astrolabe":32,"Oddly Smooth Stone":77,"Eternal Feather":52,"Pen Nib":27,"Letter Opener":3,"War Paint":45,"Question Card":55,"Akabeko":4,"Bird Faced Urn":23,"Bronze Scales":92,"Molten Egg 2":6,"Black Star":82,"Unceasing Top":85,"Meat on the Bone":23,"Darkstone Periapt":59,"Regal Pillow":36,"Lantern":52,"Singing Bowl":35,"Mango":20,"Yang":73,"Incense Burner":55,"Bag of Preparation":71,"Empty Cage":7,"Nunchaku":1,"Dream Catcher":38,"TheAbacus":57,"Mummified Hand":12,"Gambling Chip":4,"Pantograph":40,"Toolbox":73,"Red Mask":20,"Potion Belt":23,"NeowsBlessing":0,"Damaru":34,"PreservedInsect":21,"Omamori":20,"Orichalcum":29,"MawBank":60,"Mercury Hourglass":14,"Calling Bell":40,"Anchor":57,"Ornamental Fan":87,"Bloody Idol":57,"HolyWater":63,"Turnip":43,"Art of War":36,"Bag of Marbles":71,"Membership Card":23,"PureWater":0,"TungstenRod":47,"Toy Ornithopter":53},{"Ice Cream":312,"CeramicFish":163,"Vajra":307,"Whetstone":265,"Boot":312,"Sling":329,"Blood Vial":136,"Centennial Puzzle":171,"HornCleat":183,"DollysMirror":168,"Sundial":307,"Strawberry":43,"Philosopher\u0027s Stone":59,"MealTicket":111,"Prayer Wheel":377,"HandDrill":89,"Kunai":199,"Toxic Egg 2":107,"Happy Flower":65,"Blue Candle":52,"Astrolabe":123,"Oddly Smooth Stone":333,"Eternal Feather":215,"Pen Nib":100,"Letter Opener":3,"War Paint":188,"Question Card":227,"Akabeko":12,"Bird Faced Urn":89,"Bronze Scales":392,"Molten Egg 2":20,"Black Star":347,"Unceasing Top":360,"Meat on the Bone":89,"Darkstone Periapt":245,"Regal Pillow":142,"Lantern":215,"Singing Bowl":136,"Mango":77,"Yang":320,"Incense Burner":227,"Bag of Preparation":312,"Empty Cage":27,"Nunchaku":1,"Dream Catcher":152,"TheAbacus":235,"Mummified Hand":43,"Gambling Chip":12,"Pantograph":163,"Toolbox":320,"Red Mask":77,"Potion Belt":89,"NeowsBlessing":0,"Damaru":133,"PreservedInsect":82,"Omamori":77,"Orichalcum":107,"MawBank":250,"Mercury Hourglass":50,"Calling Bell":163,"Anchor":235,"Ornamental Fan":368,"Bloody Idol":235,"HolyWater":272,"Turnip":176,"Art of War":142,"Bag of Marbles":312,"Membership Card":89,"PureWater":0,"TungstenRod":199,"Toy Ornithopter":219}],"Unceasing Top":[2],"Toy Ornithopter":42,"TungstenRod":70},"card_choices":[{"not_picked":["Worship","Vengeance"],"picked":"ClearTheMind","floor":1.0},{"not_picked":["Consecrate","Crescendo"],"picked":"Evaluate","floor":3.0},{"not_picked":["Nirvana","Perseverance","ThirdEye"],"picked":"SKIP","floor":4.0},{"not_picked":["Weave","WheelKick"],"picked":"Worship","floor":6.0},{"not_picked":["Crescendo","Consecrate","BowlingBash"],"picked":"SKIP","floor":8.0},{"not_picked":["BowlingBash","FollowUp"],"picked":"FearNoEvil","floor":10.0},{"not_picked":["Pray","EmptyBody"],"picked":"FlurryOfBlows","floor":11.0},{"not_picked":["CrushJoints","DeceiveReality"],"picked":"ConjureBlade","floor":14.0},{"not_picked":["Scrawl","Brilliance"],"picked":"LessonLearned","floor":16.0},{"not_picked":["Consecrate+1","Evaluate"],"picked":"FlurryOfBlows","floor":18.0},{"not_picked":["ThirdEye","Halt","SashWhip"],"picked":"SKIP","floor":19.0},{"not_picked":["FollowUp","ClearTheMind"],"picked":"ReachHeaven","floor":23.0},{"not_picked":["EmptyFist","SashWhip","BowlingBash"],"picked":"SKIP","floor":25.0},{"not_picked":["Alpha","EmptyBody"],"picked":"ThirdEye","floor":28.0},{"not_picked":["Prostrate","CutThroughFate"],"picked":"Wallop","floor":30.0},{"not_picked":["Alpha","EmptyFist","BowlingBash"],"picked":"SKIP","floor":31.0},{"not_picked":["Alpha","Ragnarok"],"picked":"Omniscience","floor":33.0},{"not_picked":["LikeWater","FollowUp"],"picked":"WaveOfTheHand+1","floor":35.0},{"not_picked":["WindmillStrike","Prostrate"],"picked":"SandsOfTime","floor":35.0},{"not_picked":["Wallop+1","JustLucky"],"picked":"SandsOfTime","floor":36.0},{"not_picked":["JustLucky","CarveReality+1","FlyingSleeves"],"picked":"SKIP","floor":36.0},{"not_picked":["SandsOfTime","ClearTheMind"],"picked":"Protect+1","floor":38.0},{"not_picked":["Alpha","EmptyFist","CarveReality"],"picked":"SKIP","floor":38.0},{"not_picked":["EmptyFist+1","Wireheading+1"],"picked":"Crescendo","floor":40.0},{"not_picked":["SashWhip","EmptyFist"],"picked":"JustLucky","floor":41.0},{"not_picked":["ClearTheMind","FlyingSleeves"],"picked":"TalkToTheHand+1","floor":41.0},{"not_picked":["DeceiveReality","Consecrate"],"picked":"SandsOfTime+1","floor":42.0},{"not_picked":["SandsOfTime","ThirdEye"],"picked":"EmptyMind","floor":42.0},{"not_picked":["PathToVictory+1","Protect"],"picked":"Pray","floor":44.0},{"not_picked":["Wish","ForeignInfluence+1"],"picked":"Tantrum+1","floor":47},{"not_picked":["SignatureMove+1","Prostrate"],"picked":"JustLucky+1","floor":47},{"not_picked":["Swivel","ThirdEye"],"picked":"CrushJoints+1","floor":48},{"not_picked":["Alpha","FearNoEvil+1"],"picked":"Devotion","floor":54}],"player_experience":920839,"relics_obtained":[{"floor":6.0,"key":"Oddly Smooth Stone"},{"floor":8.0,"key":"Eternal Feather"},{"floor":9.0,"key":"Pen Nib"},{"floor":10.0,"key":"MawBank"},{"floor":23.0,"key":"Unceasing Top"},{"floor":23.0,"key":"Centennial Puzzle"},{"floor":26.0,"key":"HornCleat"},{"floor":28.0,"key":"MealTicket"},{"floor":28.0,"key":"Ornamental Fan"},{"floor":31.0,"key":"Vajra"},{"floor":31.0,"key":"Prayer Wheel"},{"floor":40.0,"key":"Toy Ornithopter"},{"floor":40.0,"key":"Potion Belt"},{"floor":43.0,"key":"Mercury Hourglass"},{"floor":44.0,"key":"Bag of Marbles"},{"floor":44.0,"key":"Molten Egg 2"},{"floor":48,"key":"Nunchaku"},{"floor":48,"key":"TungstenRod"},{"floor":54,"key":"War Paint"},{"floor":54,"key":"Sundial"}],"event_choices":[{"damage_healed":0.0,"max_hp_gain":0.0,"max_hp_loss":0.0,"gold_gain":0.0,"cards_transformed":["Defend_P"],"event_name":"Transmorgrifier","player_choice":"Transformed","floor":2.0,"gold_loss":0.0,"damage_taken":0.0,"cards_obtained":["TalkToTheHand"]},{"damage_healed":0.0,"max_hp_gain":0.0,"max_hp_loss":0.0,"gold_gain":0.0,"event_name":"WeMeetAgain","player_choice":"Gave Potion","floor":21.0,"gold_loss":0.0,"damage_taken":0.0,"relics_obtained":["Pantograph"]},{"damage_healed":0.0,"max_hp_gain":0.0,"max_hp_loss":0.0,"gold_gain":0.0,"event_name":"The Library","player_choice":"Read","floor":29.0,"gold_loss":0.0,"damage_taken":0.0,"cards_obtained":["Swivel"]},{"damage_healed":0.0,"max_hp_gain":0.0,"max_hp_loss":0.0,"gold_gain":0.0,"event_name":"Match and Keep!","player_choice":"1 cards matched","floor":39.0,"gold_loss":0.0,"damage_taken":0.0,"cards_obtained":["EmptyMind"]}],"is_beta":false,"boss_relics":[{"not_picked":["Coffee Dripper","Snecko Eye"],"picked":"Black Star"},{"not_picked":["Velvet Choker","Runic Dome"],"picked":"Philosopher\u0027s Stone"}],"items_purged_floors":[0,0,0,12,37],"is_endless":false,"potions_floor_spawned":[1,4,10,23,28,31,33,38,40,44,48],"ascension_level":16}}