{"host":"lmshf3swj20gmdor","time":1608652698,"event":{"mods":["Aspiration","Astrologer","BaseMod","Conspire","Downfall","Hubris","Mad Scientist","Marisa????????","Minty Spire (QoL Compilation)","Replay The Spire","Spikes Relics","StSLib","Synergy Search","The Construct"],"gold_per_floor":[113,113,63,83,83,109,109,109,156,156,172,172,172],"floor_reached":12,"playtime":211,"items_purged":[],"score":103,"play_id":"75952995-b481-4009-8244-e9ab8747022c","local_time":"20201222155818","is_ascension_mode":true,"campfire_choices":[{"floor":8,"key":"REST"},{"data":"Zap","floor":10,"key":"SMITH"}],"circlet_count":0,"master_deck":["Strike_B","Strike_B","Strike_B","Strike_B","Defend_B","Defend_B","Defend_B","Defend_B","Zap+1","Dualcast","Genetic Algorithm","Genetic Algorithm+1"],"relics":["Cracked Core","aspiration:Nostalgia","MadScienceMod:FuelTank","Juzu Bracelet","hubris:BallOfYels","Ancient Tea Set"],"acts_visited":["Exordium"],"potions_floor_usage":[12],"damage_taken":[{"damage":5,"enemies":"2 Louse","floor":1,"turns":2},{"damage":0,"enemies":"conspire:RoseBush","floor":4,"turns":3},{"damage":56,"enemies":"Replay:BlueRogue","floor":6,"turns":7},{"damage":6,"enemies":"Jaw Worm","floor":11,"turns":4},{"damage":30,"enemies":"3 Sentries","floor":12,"turns":4}],"seed_played":"4788124381751384643","potions_obtained":[{"floor":1,"key":"Dexterity Potion"},{"floor":4,"key":"FocusPotion"}],"is_trial":false,"path_per_floor":["M","?","?","M","?","E","$","R","T","R","M","E"],"character_chosen":"DEFECT","items_purchased":[],"campfire_rested":1,"item_purchase_floors":[],"current_hp_per_floor":[63,63,63,63,63,7,7,29,29,29,23,0,0],"gold":172,"neow_bonus":"NOSTALGIA","is_daily":false,"chose_seed":false,"campfire_upgraded":1,"win_rate":0.0,"timestamp":1608652698,"path_taken":["M","?","?","M","?","E","$","R","T","R","M","E"],"items_purchased_type":[],"build_version":"2020-12-13","purchased_purges":0,"victory":false,"max_hp_per_floor":[75,75,75,75,75,75,75,75,75,75,75,75,75],"card_choices":[{"not_picked":["Rebound","ReplayTheSpireMod:Calculation Training"],"picked":"Chaos","floor":1},{"not_picked":["Recycle","Conserve Battery"],"picked":"Genetic Algorithm","floor":4},{"not_picked":["aspiration:Polymerization","Meteor Strike","Sweeping Beam"],"picked":"SKIP","floor":6},{"not_picked":["Leap","BasicCrystalCard","Sweeping Beam"],"picked":"SKIP","floor":11}],"player_experience":857343,"relics_obtained":[{"floor":6,"key":"hubris:BallOfYels"},{"floor":9,"key":"Ancient Tea Set"}],"event_choices":[{"damage_healed":0,"gold_gain":0,"player_choice":"Box","damage_taken":0,"relics_obtained":["Juzu Bracelet"],"max_hp_gain":0,"max_hp_loss":0,"event_name":"Big Fish","floor":2,"gold_loss":0,"cards_obtained":["Regret"]},{"cards_removed":["Regret"],"damage_healed":0,"gold_gain":0,"player_choice":"Card Removal","damage_taken":0,"max_hp_gain":0,"max_hp_loss":0,"event_name":"The Cleric","floor":3,"gold_loss":50}],"is_beta":false,"boss_relics":[],"items_purged_floors":[],"is_endless":false,"potions_floor_spawned":[1,4],"killed_by":"3 Sentries","ascension_level":7}}