{"host":"56xwnffi6e9z5l58","time":1608647596,"event":{"mods":["Aspiration","BaseMod","Better Match","Better Note","Better Sensory Stone","BetterRewards","Colored Map","Colored Powertips","Conspire","GifTheSpireLib","Hermit","Highlight Path","Hubris","Infinite Spire","Key Reminder","Minty Spire (QoL Compilation)","Permanent Neow","Quick Restart","Rare Cards Sparkle","Replay The Spire","StSLib","Stuff the Spire","SuperFastMode","Unceasing Turn Reminder"],"gold_per_floor":[114,129,129,148,165,165,191,191,191,209,209,209],"floor_reached":11,"playtime":247,"items_purged":[],"score":120,"play_id":"eab597d1-781f-4723-ae86-8162c459c4be","local_time":"20201222223316","is_ascension_mode":true,"campfire_choices":[{"data":"Loop","floor":6,"key":"SMITH"},{"data":"Biased Cognition","floor":8,"key":"SMITH"}],"circlet_count":0,"master_deck":["AscendersBane","Strike_B","Strike_B","Strike_B","Strike_B","Defend_B","Defend_B","Defend_B","Defend_B","Zap","Dualcast","Biased Cognition+1","hubris:Ukulele","Time Bomb","Loop+1","Static Discharge","hubris:DoWhile","Coolheaded"],"relics":["Cracked Core","SsserpentHead","hubris:CrystalStatue","Counterbalance"],"acts_visited":["Exordium"],"potions_floor_usage":[11],"damage_taken":[{"damage":0,"enemies":"2 Louse","floor":1,"turns":4},{"damage":0,"enemies":"Cultist","floor":2,"turns":2},{"damage":7,"enemies":"Jaw Worm","floor":4,"turns":2},{"damage":3,"enemies":"Blue Slaver","floor":5,"turns":3},{"damage":35,"enemies":"Gremlin Nob","floor":7,"turns":4},{"damage":7,"enemies":"Looter","floor":10,"turns":3},{"damage":16,"enemies":"3 Sentries","floor":11,"turns":3}],"seed_played":"3160563060894807886","potions_obtained":[{"floor":2,"key":"Energy Potion"},{"floor":4,"key":"PowerPotion"}],"is_trial":false,"path_per_floor":["M","M","?","M","M","R","E","R","T","M","E"],"character_chosen":"DEFECT","items_purchased":[],"campfire_rested":0,"item_purchase_floors":[],"current_hp_per_floor":[68,68,68,61,58,58,23,23,23,16,0,0],"gold":209,"neow_bonus":"ONE_RANDOM_RARE_CARD","is_daily":false,"chose_seed":false,"campfire_upgraded":2,"win_rate":0.0,"timestamp":1608647596,"path_taken":["M","M","?","M","M","R","E","R","T","M","E"],"items_purchased_type":[],"build_version":"2020-12-13","purchased_purges":0,"victory":false,"max_hp_per_floor":[75,75,75,75,75,75,75,75,75,75,75,75],"card_choices":[{"not_picked":["Rebound","Streamline"],"picked":"hubris:Ukulele","floor":1},{"not_picked":["Stack","ReplaySort"],"picked":"Time Bomb","floor":2},{"not_picked":["Cold Snap","ReplayTheSpireMod:Calculation Training"],"picked":"Loop","floor":4},{"not_picked":["Steam Power","Compile Driver"],"picked":"Static Discharge","floor":5},{"not_picked":["Sunder","ReplayTheSpireMod:Repulse"],"picked":"hubris:DoWhile","floor":7},{"not_picked":["StuffTheSpire:NuclearReactor","Beam Cell"],"picked":"Coolheaded","floor":10}],"player_experience":945802,"relics_obtained":[{"floor":7,"key":"hubris:CrystalStatue"},{"floor":9,"key":"Counterbalance"}],"event_choices":[{"damage_healed":0,"gold_gain":0,"player_choice":"Trade","damage_taken":0,"relics_obtained":["SsserpentHead"],"max_hp_gain":0,"max_hp_loss":0,"event_name":"FaceTrader","floor":3,"gold_loss":0}],"is_beta":false,"boss_relics":[],"items_purged_floors":[],"is_endless":false,"potions_floor_spawned":[2,4],"killed_by":"3 Sentries","ascension_level":12}}