{"host":"z9grmtg2w0nmz8n1","time":1608614640,"event":{"mods":["Aspiration","Bard","BaseMod","Beaked The Cultist","Better Altar","Better Match","Better Note","Better Sensory Stone","Better Skull","Better Third Choice","BetterRewards","CCEM","Colored Map","Conspire","Downfall","GifTheSpireLib","Googly Eyes","Halation","Hermit","Highlight Path","Hubris","Hunter ??","Jedi Mod","Jorbs\u0027s Wanderer Trilogy","Mad Scientist","Marisa????????","Minty Spire (QoL Compilation)","Permanent Neow","Replay The Spire","Shade Mod","Shop Mod","Spicy Shops","StSLib","Stuff the Spire","The Bug Knight","The Construct","The Necromancer","The Runesmith","The Witch"],"gold_per_floor":[116,132,151,167,177,209,209,226,226,258,258,274,274,274,274,378,378,389,400,417,195,214,244,264,278,278,309,209,209,209,234,234,339,339,355,367,116,126,126,126,126],"floor_reached":40,"playtime":1832,"items_purged":["Strike_B","Strike_B","Strike_B"],"score":568,"play_id":"774c2ca3-f44c-47ca-b2ed-aef9563d6567","local_time":"20201222032400","is_ascension_mode":true,"campfire_choices":[{"floor":11,"key":"RECALL"},{"floor":15,"key":"REST"},{"data":"Loop","floor":32,"key":"SMITH"}],"circlet_count":0,"master_deck":["Defend_B","Defend_B","Defend_B","Defend_B","Zap","Dualcast","Gash","StuffTheSpire:Synthwave+1","Conserve Battery","Loop+1","ReplayTheSpireMod:Calculation Training","Steam","Ball Lightning","Doubt","Static Discharge","jedi:BurstLightning","Electrodynamics","Double Energy+1","Ball Lightning+1","Ball Lightning","Hello World","FTL","Gash+1","Ball Lightning","Gash"],"relics":["Cracked Core","CCEMRelics:OverlyComfyChair","Ring of Panic","ReplayTheSpireMod:Ring of Addiction","Potion Belt","SacredBark","Incense Burner","Orichalcum","hubris:ScarierMask","CCEMRelics:SpiritsEdge","Toy Ornithopter","Replay:Rubber Ducky","hubris:BottledHeart","CCEMRelics:GrindingGear","jedi:hotpepper","Blue Candle"],"acts_visited":["Exordium","TheCity","TheBeyond"],"potions_floor_usage":[6,6,8,10,10,10,10,10,10,16,18,23,27,27,36,40],"damage_taken":[{"damage":0,"enemies":"Cultist","floor":1,"turns":4},{"damage":13,"enemies":"Jaw Worm","floor":2,"turns":3},{"damage":0,"enemies":"Small Slimes","floor":3,"turns":3},{"damage":5,"enemies":"Blue Slaver","floor":4,"turns":4},{"damage":7,"enemies":"2 Fungi Beasts","floor":5,"turns":4},{"damage":25,"enemies":"Gremlin Nob","floor":6,"turns":4},{"damage":0,"enemies":"Large Slime","floor":8,"turns":5},{"damage":0,"enemies":"Lagavulin","floor":10,"turns":4},{"damage":7,"enemies":"Blue Slaver","floor":12,"turns":3},{"damage":12,"enemies":"Hexaghost","floor":16,"turns":8},{"damage":21,"enemies":"Shell Parasite","floor":18,"turns":5},{"damage":4,"enemies":"3 Byrds","floor":19,"turns":4},{"damage":10,"enemies":"Centurion and Healer","floor":20,"turns":3},{"damage":0,"enemies":"3 Cultists","floor":22,"turns":3},{"damage":14,"enemies":"Slavers","floor":23,"turns":3},{"damage":5,"enemies":"Cultist and Chosen","floor":24,"turns":4},{"damage":10,"enemies":"Snake Plant","floor":25,"turns":4},{"damage":16,"enemies":"Book of Stabbing","floor":27,"turns":5},{"damage":0,"enemies":"hubris:MusketHawk","floor":33,"turns":9},{"damage":0,"enemies":"3 Darklings","floor":35,"turns":4},{"damage":0,"enemies":"3 Shapes","floor":36,"turns":3},{"damage":0,"enemies":"Maw","floor":38,"turns":7},{"damage":4,"enemies":"beaked:SuperParasite","floor":40,"turns":5}],"seed_played":"-5526198910452573333","potions_obtained":[{"floor":1,"key":"BlessingOfTheForge"},{"floor":3,"key":"Strength Potion"},{"floor":5,"key":"LiquidMemories"},{"floor":7,"key":"EntropicBrew"},{"floor":7,"key":"SkillPotion"},{"floor":7,"key":"SkillPotion"},{"floor":12,"key":"Adrenaline Potion"},{"floor":16,"key":"jedi:StrikingPotion"},{"floor":18,"key":"Guardian:BlockOnCardUsePotion"},{"floor":22,"key":"jedi:StrikingPotion"},{"floor":27,"key":"LiquidBronze"},{"floor":38,"key":"sneckomod:MuddlingPotion"}],"is_trial":false,"path_per_floor":["M","M","M","M","M","E","?","M","T","E","R","M","?","?","R","B",null,"M","M","M","$","M","E","M","M","T","E","$","?","?","T","R","B",null,"M","M","$","M","?","E"],"character_chosen":"DEFECT","items_purchased":["Ball Lightning","Hello World","Blue Candle"],"campfire_rested":1,"item_purchase_floors":[21,21,37],"current_hp_per_floor":[75,62,62,57,50,25,25,25,25,27,27,20,17,17,38,26,73,52,48,38,38,39,25,24,15,15,9,9,1,1,1,1,1,1,1,1,1,1,1,0,0],"gold":126,"neow_bonus":"THREE_CARDS","is_daily":false,"chose_seed":false,"campfire_upgraded":1,"win_rate":0.0,"timestamp":1608614640,"path_taken":["M","?","M","M","M","E","?","M","T","E","R","M","?","?","R","BOSS","M","M","?","$","M","E","M","M","T","E","$","?","?","?","R","BOSS","M","M","$","M","?","E"],"items_purchased_type":["Card","Card","Relic"],"build_version":"2020-12-13","purchased_purges":3,"victory":false,"max_hp_per_floor":[75,75,75,75,75,75,75,75,75,75,75,75,75,73,73,73,73,73,73,73,73,71,71,71,71,71,69,69,1,1,1,1,1,1,1,1,1,1,1,1,1],"card_choices":[{"not_picked":["Rebound","Conserve Battery"],"picked":"Gash","floor":0},{"not_picked":["Chaos","Melter"],"picked":"StuffTheSpire:Synthwave","floor":1},{"not_picked":["Turbo","ReplayTheSpireMod:GoodbyeWorld"],"picked":"Conserve Battery","floor":2},{"not_picked":["Fusion","jedi:sharpshooter"],"picked":"Loop","floor":3},{"not_picked":["jedi:spotbugs","Cold Snap"],"picked":"ReplayTheSpireMod:Calculation Training","floor":4},{"not_picked":["Recycle","Barrage"],"picked":"Steam","floor":5},{"not_picked":["Redo","StuffTheSpire:SnapShoot"],"picked":"Ball Lightning","floor":6},{"not_picked":["jedi:hex","Scrape","Panic Button"],"picked":"SKIP","floor":8},{"not_picked":["Core Surge","Aggregate","Barrage"],"picked":"SKIP","floor":10},{"not_picked":["Turbo","Hologram"],"picked":"Static Discharge","floor":12},{"not_picked":["Core Surge","jedi:darknesscall"],"picked":"Electrodynamics","floor":16},{"not_picked":["jedi:BurstFrost+1","Leap"],"picked":"Double Energy+1","floor":18},{"not_picked":["Panic Button","Beam Cell"],"picked":"Ball Lightning+1","floor":19},{"not_picked":["Darkness","Beam Cell","Coolheaded+1"],"picked":"SKIP","floor":20},{"not_picked":["jedi:BurstFrost","Recycle","Stack"],"picked":"SKIP","floor":22},{"not_picked":["Hyperbeam","Conserve Battery"],"picked":"FTL","floor":23},{"not_picked":["Go for the Eyes","StuffTheSpire:GlassShard","Sweeping Beam+1"],"picked":"SKIP","floor":24},{"not_picked":["Rebound","Coolheaded+1","jedi:BurstFrost+1"],"picked":"SKIP","floor":25},{"not_picked":["ReplayGash","StuffTheSpire:GlassShard","Beam Cell"],"picked":"SKIP","floor":27},{"not_picked":["Melter","Rip and Tear+1"],"picked":"Gash+1","floor":35},{"not_picked":["Conserve Battery+1","Streamline"],"picked":"Ball Lightning","floor":36},{"not_picked":["Aggregate","Cold Snap+1"],"picked":"Gash","floor":38}],"player_experience":616744,"relics_obtained":[{"floor":6,"key":"CCEMRelics:OverlyComfyChair"},{"floor":7,"key":"Ring of Panic"},{"floor":7,"key":"ReplayTheSpireMod:Ring of Addiction"},{"floor":7,"key":"Potion Belt"},{"floor":7,"key":"SacredBark"},{"floor":10,"key":"Incense Burner"},{"floor":23,"key":"CCEMRelics:SpiritsEdge"},{"floor":26,"key":"Toy Ornithopter"},{"floor":27,"key":"Replay:Rubber Ducky"},{"floor":31,"key":"CCEMRelics:GrindingGear"}],"event_choices":[{"damage_healed":0,"gold_gain":0,"player_choice":"Relic ","damage_taken":3,"max_hp_gain":0,"max_hp_loss":0,"event_name":"betterThird:BetterScrap","floor":13,"gold_loss":0,"cards_obtained":["Replay:LoomingThreat"]},{"damage_healed":0,"gold_gain":0,"cards_transformed":["Strike_B"],"player_choice":"Transformed","damage_taken":0,"max_hp_gain":0,"max_hp_loss":0,"event_name":"Transmorgrifier","floor":14,"gold_loss":0,"cards_obtained":["jedi:BurstLightning"]}],"is_beta":false,"boss_relics":[{"not_picked":["halation:ForbiddenBikini","halation:Risk"],"picked":"hubris:ScarierMask"},{"not_picked":["Runic Dome","Runesmith:UraniumAnvil"],"picked":"jedi:hotpepper"}],"items_purged_floors":[21,28,37],"is_endless":false,"potions_floor_spawned":[1,3,5,12,16,18,22,27,38],"killed_by":"beaked:SuperParasite","ascension_level":1}}