{"host":"ue7jlgf7uv134an9","time":1608626275,"event":{"mods":["BaseMod","Better Third Choice","Defuse TimeMaze Blight","Minty Spire (QoL Compilation)","Quick Restart","Rare Cards Sparkle","Relic Stats","StSLib","UnlockEverythingMod"],"gold_per_floor":[110,128,144,162,162,195,208,208,208,25,43,43,43],"floor_reached":12,"playtime":537,"items_purged":[],"score":164,"play_id":"37e00789-e1cf-4401-b0ce-d5ef832ecd3f","local_time":"20201222033755","is_ascension_mode":true,"campfire_choices":[],"circlet_count":0,"master_deck":["AscendersBane","Strike_G","Strike_G","Strike_G","Strike_G","Strike_G","Defend_G","Defend_G","Defend_G","Defend_G","Defend_G","Survivor","Neutralize","Backflip","Flying Knee","Poisoned Stab","Cloak And Dagger","Tools of the Trade","The Bomb"],"relics":["Cursed Key","Toy Ornithopter","Omamori"],"acts_visited":["Exordium"],"potions_floor_usage":[6,6,7,11],"damage_taken":[{"damage":3,"enemies":"Cultist","floor":1,"turns":5},{"damage":4,"enemies":"Small Slimes","floor":2,"turns":4},{"damage":0,"enemies":"2 Louse","floor":3,"turns":3},{"damage":5,"enemies":"Lots of Slimes","floor":4,"turns":5},{"damage":6,"enemies":"Gremlin Nob","floor":6,"turns":4},{"damage":11,"enemies":"Exordium Thugs","floor":7,"turns":5},{"damage":26,"enemies":"Gremlin Gang","floor":11,"turns":3},{"damage":15,"enemies":"Lagavulin","floor":12,"turns":5}],"seed_played":"6010233997724063601","potions_obtained":[{"floor":3,"key":"DistilledChaos"},{"floor":4,"key":"Dexterity Potion"},{"floor":6,"key":"Energy Potion"},{"floor":7,"key":"Swift Potion"}],"is_trial":false,"path_per_floor":["M","M","M","M","?","E","M","?","T","$","M","E"],"character_chosen":"THE_SILENT","items_purchased":["The Bomb"],"campfire_rested":0,"item_purchase_floors":[10],"current_hp_per_floor":[56,52,52,47,36,40,34,34,34,34,13,0,0],"gold":43,"neow_bonus":"BOSS_RELIC","is_daily":false,"chose_seed":false,"campfire_upgraded":0,"win_rate":0.0,"timestamp":1608626275,"path_taken":["M","M","?","M","?","E","M","?","T","$","M","E"],"items_purchased_type":["Card"],"build_version":"2020-12-13","purchased_purges":0,"victory":false,"max_hp_per_floor":[66,66,66,66,66,66,66,66,66,66,66,66,66],"relic_stats":{"counters":[8,34],"Cursed Key":0,"obtain_stats":[{"Omamori":6,"Cursed Key":0,"Toy Ornithopter":5,"Ring of the Snake":0},{"Omamori":5,"Cursed Key":0,"Toy Ornithopter":4,"Ring of the Snake":0},{"Omamori":21,"Cursed Key":0,"Toy Ornithopter":17,"Ring of the Snake":0}],"Toy Ornithopter":20},"card_choices":[{"not_picked":["Infinite Blades","Concentrate"],"picked":"Backflip","floor":1},{"not_picked":["Outmaneuver","Caltrops"],"picked":"Flying Knee","floor":2},{"not_picked":["Skewer","Acrobatics"],"picked":"Poisoned Stab","floor":3},{"not_picked":["Poisoned Stab","Caltrops"],"picked":"Cloak And Dagger","floor":4},{"not_picked":["Tactician","Catalyst","Blur"],"picked":"SKIP","floor":6},{"not_picked":["Cloak And Dagger","Tactician","Distraction"],"picked":"SKIP","floor":7},{"not_picked":["Underhanded Strike","Flying Knee","Backflip"],"picked":"SKIP","floor":11}],"player_experience":21696,"relics_obtained":[{"floor":6,"key":"Omamori"}],"event_choices":[{"damage_healed":0,"gold_gain":0,"player_choice":"Relic ","damage_taken":11,"max_hp_gain":0,"max_hp_loss":0,"event_name":"betterThird:BetterScrap","floor":5,"gold_loss":0,"cards_obtained":["Force Field"]},{"damage_healed":0,"gold_gain":0,"player_choice":"3 cards matched","damage_taken":0,"max_hp_gain":0,"max_hp_loss":0,"event_name":"Match and Keep!","floor":8,"gold_loss":0,"cards_obtained":["Doubt","Tools of the Trade","Regret"]}],"is_beta":false,"boss_relics":[],"items_purged_floors":[],"is_endless":false,"potions_floor_spawned":[3,4,6,7],"killed_by":"Lagavulin","ascension_level":20}}