{"host":"f55lpzc7830gmx23","time":1608677712,"event":{"mods":["BaseMod","Better Note","Downfall","Hermit","Minty Spire (QoL Compilation)","StSLib","The Blackbeard","The Cursed","The Necromancer"],"gold_per_floor":[114,114,114,133,133,133,150,178,204,204,214,20,20,31,31,129,129,176,176,203,203,31,31,75,75,121,162,174,186,244,256,268,280,280,280],"floor_reached":33,"playtime":2851,"items_purged":["blackbeard:BlackbeardStrike"],"score":422,"play_id":"974fa0b2-bda6-4896-b4b0-7db8776050bc","local_time":"20201222235512","is_ascension_mode":true,"campfire_choices":[{"floor":6,"key":"REST"},{"floor":10,"key":"REST"},{"data":"blackbeard:Cutlass","floor":13,"key":"SMITH"},{"data":"blackbeard:BeatUp","floor":15,"key":"SMITH"},{"floor":23,"key":"REST"},{"floor":29,"key":"REST"},{"floor":32,"key":"REST"}],"circlet_count":0,"master_deck":["AscendersBane","blackbeard:BlackbeardStrike","blackbeard:IntimidatingStrike","blackbeard:BlackbeardDefend","blackbeard:BlackbeardDefend","blackbeard:BlackbeardDefend","blackbeard:BlackbeardDefend","blackbeard:Cutlass+1","blackbeard:WiseDefense","blackbeard:Sword","blackbeard:WiseDefense","blackbeard:CannonBarrage","blackbeard:DangerousBlow","blackbeard:CloakAndCannonball","blackbeard:TacticalRetreat","blackbeard:BeatUp+1","blackbeard:BountyHunter","CurseOfTheBell","blackbeard:Boarding+1","blackbeard:Parrot","blackbeard:Rum","blackbeard:AgileStrike+1","blackbeard:GoldenStrike+1","blackbeard:Anchor","blackbeard:GoldenStrike+1","blackbeard:DoubleCannonball+1","blackbeard:AgileStrike+1","blackbeard:Dagger","blackbeard:RearmingStrike+1"],"relics":["blackbeard:LoadTheCannons","Vajra","Smiling Mask","Centennial Puzzle","Dream Catcher","Lee\u0027s Waffle","Calling Bell","blackbeard:TreasureChest","Molten Egg 2","FossilizedHelix","CaptainsWheel","Blue Candle","The Courier","MawBank","InkBottle"],"acts_visited":["Exordium","TheCity"],"potions_floor_usage":[8,27,27,27],"damage_taken":[{"damage":13,"enemies":"Small Slimes","floor":1,"turns":3},{"damage":4,"enemies":"Jaw Worm","floor":4,"turns":4},{"damage":4,"enemies":"Cultist","floor":7,"turns":3},{"damage":33,"enemies":"Gremlin Nob","floor":8,"turns":6},{"damage":23,"enemies":"3 Louse","floor":11,"turns":3},{"damage":10,"enemies":"Lots of Slimes","floor":14,"turns":2},{"damage":26,"enemies":"The Guardian","floor":16,"turns":8},{"damage":12,"enemies":"Shell Parasite","floor":18,"turns":3},{"damage":12,"enemies":"Spheric Guardian","floor":20,"turns":4},{"damage":12,"enemies":"Gremlin Leader","floor":24,"turns":5},{"damage":0,"enemies":"Snecko","floor":27,"turns":4},{"damage":26,"enemies":"Slavers","floor":30,"turns":5},{"damage":87,"enemies":"Automaton","floor":33,"turns":6}],"seed_played":"-4628915097659916998","potions_obtained":[{"floor":4,"key":"DuplicationPotion"},{"floor":8,"key":"EssenceOfSteel"},{"floor":14,"key":"Swift Potion"},{"floor":20,"key":"Block Potion"}],"is_trial":false,"path_per_floor":["M","?","?","M","?","R","M","E","T","R","M","$","R","M","R","B",null,"M","?","M","?","$","R","E","T","T","M","?","R","E","?","R","B"],"character_chosen":"BLACKBEARD_CLASS","items_purchased":["Lee\u0027s Waffle","blackbeard:TacticalRetreat","blackbeard:AgileStrike+1","blackbeard:GoldenStrike+1"],"campfire_rested":5,"item_purchase_floors":[12,12,22,22],"current_hp_per_floor":[55,52,52,48,48,70,66,33,33,55,32,82,82,72,72,46,73,61,61,49,41,41,65,53,53,53,53,53,77,51,51,75,0,0,0],"gold":280,"neow_bonus":"RANDOM_COMMON_RELIC","is_daily":false,"chose_seed":false,"campfire_upgraded":2,"win_rate":0.0,"timestamp":1608677712,"path_taken":["M","?","?","?","?","R","M","E","T","R","M","$","R","M","R","BOSS","M","?","M","?","$","R","E","?","T","?","?","R","E","?","R","BOSS"],"items_purchased_type":["Relic","Card","Card","Card"],"build_version":"2020-12-13","purchased_purges":1,"victory":false,"max_hp_per_floor":[75,75,75,75,75,75,75,75,75,75,75,82,82,82,82,82,82,82,82,82,82,82,82,82,82,82,82,82,82,82,82,82,82,82,82],"card_choices":[{"not_picked":["blackbeard:DeadlyArsenal","blackbeard:TerrorOfTheSeas"],"picked":"blackbeard:WiseDefense","floor":1},{"not_picked":["blackbeard:Upgrade","blackbeard:RearmingStrike"],"picked":"blackbeard:Sword","floor":4},{"not_picked":["blackbeard:Fencing","blackbeard:BuriedTreasure"],"picked":"blackbeard:WiseDefense","floor":7},{"not_picked":["blackbeard:FieryDefense","blackbeard:Shrapnel"],"picked":"blackbeard:CannonBarrage","floor":8},{"not_picked":["blackbeard:CloakAndCannonball","blackbeard:InfiniteBarrage"],"picked":"blackbeard:DangerousBlow","floor":10},{"not_picked":["blackbeard:WiseDefense","blackbeard:FishingNets"],"picked":"blackbeard:CloakAndCannonball","floor":11},{"not_picked":["blackbeard:DeadlyArsenal","blackbeard:BlindAttacks"],"picked":"blackbeard:BeatUp","floor":14},{"not_picked":["blackbeard:ReapersScythe","blackbeard:MegaUpgrade"],"picked":"blackbeard:BountyHunter","floor":16},{"not_picked":["blackbeard:SwordDance","blackbeard:Spear"],"picked":"blackbeard:Boarding+1","floor":18},{"not_picked":["blackbeard:FishingNets","blackbeard:InfiniteBarrage"],"picked":"blackbeard:Rum","floor":20},{"not_picked":["blackbeard:CaptainsCabin","blackbeard:RearmingStrike+1"],"picked":"blackbeard:Anchor","floor":23},{"not_picked":["blackbeard:Spear+1","blackbeard:PiratesWill"],"picked":"blackbeard:GoldenStrike+1","floor":24},{"not_picked":["blackbeard:RearmingStrike+1","blackbeard:GhostInTheRum"],"picked":"blackbeard:DoubleCannonball+1","floor":27},{"not_picked":["blackbeard:RearmingStrike+1","blackbeard:FishingNets"],"picked":"blackbeard:AgileStrike+1","floor":29},{"not_picked":["blackbeard:TerrorOfTheSeas","blackbeard:FishingNets"],"picked":"blackbeard:Dagger","floor":30},{"not_picked":["blackbeard:Revenge+1","blackbeard:PiratesWill+1"],"picked":"blackbeard:RearmingStrike+1","floor":32}],"player_experience":436704,"relics_obtained":[{"floor":8,"key":"Centennial Puzzle"},{"floor":9,"key":"Dream Catcher"},{"floor":17,"key":"blackbeard:TreasureChest"},{"floor":17,"key":"Molten Egg 2"},{"floor":17,"key":"FossilizedHelix"},{"floor":24,"key":"Blue Candle"},{"floor":25,"key":"The Courier"},{"floor":26,"key":"MawBank"},{"floor":30,"key":"InkBottle"}],"event_choices":[{"damage_healed":0,"gold_gain":0,"player_choice":"Success","damage_taken":3,"relics_obtained":["Smiling Mask"],"max_hp_gain":0,"max_hp_loss":0,"event_name":"Scrap Ooze","floor":2,"gold_loss":0},{"cards_removed":["blackbeard:BlackbeardStrike"],"damage_healed":0,"gold_gain":0,"player_choice":"Purged","damage_taken":0,"max_hp_gain":0,"max_hp_loss":0,"event_name":"Purifier","floor":3,"gold_loss":0},{"damage_healed":0,"gold_gain":0,"player_choice":"Ignored","damage_taken":0,"max_hp_gain":0,"max_hp_loss":0,"event_name":"Golden Wing","floor":5,"gold_loss":0},{"cards_removed":["blackbeard:WiseDefense"],"damage_healed":0,"gold_gain":0,"player_choice":"Take \u0026 Give","damage_taken":0,"max_hp_gain":0,"max_hp_loss":0,"event_name":"betterNote:BetterNote","floor":19,"gold_loss":0,"cards_obtained":["blackbeard:Parrot"]},{"damage_healed":0,"gold_gain":0,"player_choice":"CaptainsWheel","damage_taken":0,"relics_obtained":["CaptainsWheel"],"max_hp_gain":0,"max_hp_loss":0,"event_name":"blackbeard:ShipwreckEvent","floor":21,"gold_loss":0},{"cards_removed":["blackbeard:BlackbeardStrike"],"damage_healed":0,"gold_gain":0,"player_choice":"Elegance","damage_taken":0,"max_hp_gain":0,"max_hp_loss":0,"event_name":"Back to Basics","floor":31,"gold_loss":0}],"is_beta":false,"boss_relics":[{"not_picked":["SlaversCollar","Busted Crown"],"picked":"Calling Bell"}],"items_purged_floors":[22],"is_endless":false,"potions_floor_spawned":[4,8,14,20,24],"killed_by":"Automaton","ascension_level":10}}