{"host":"qfskrnw3pl1q86j0","time":1608670699,"event":{"mods":["BaseMod","Block Reminder","Hermit","Marisa????????","Minty Spire (QoL Compilation)","Quick Restart","Random Character Button","StSLib","The Poker Player","slay the spire mod where everything is the same but ironclad has a cowboy hat"],"gold_per_floor":[110,127,144,16,16,16,16,16,88,146,164,181,193,218,218,313,313,313,268,183,183,95,95,95,95,95,95,95,95,95,95,95,95,95,95,46,46,46,46,46,46,46,46,46,1,1,1,1,1,1],"floor_reached":51,"playtime":1678,"items_purged":["Strike_R"],"score":729,"play_id":"40689d66-488c-473d-bc48-93ed848da4b9","local_time":"20201222215819","is_ascension_mode":false,"campfire_choices":[{"data":"Whirlwind","floor":6,"key":"SMITH"},{"data":"Cleave","floor":8,"key":"SMITH"},{"data":"Pommel Strike","floor":15,"key":"SMITH"},{"data":"Dark Embrace","floor":23,"key":"SMITH"},{"data":"Barricade","floor":25,"key":"SMITH"},{"data":"Pommel Strike","floor":30,"key":"SMITH"},{"data":"Flash of Steel","floor":32,"key":"SMITH"},{"data":"Demon Form","floor":40,"key":"SMITH"},{"data":"Body Slam","floor":46,"key":"SMITH"},{"data":"Feed","floor":49,"key":"SMITH"}],"circlet_count":0,"master_deck":["Strike_R","Strike_R","Strike_R","Strike_R","Defend_R","Defend_R","Defend_R+1","Defend_R","Bash+1","Cleave+1","Whirlwind+1","Ghostly Armor+1","Pommel Strike+1","True Grit+1","Barricade+1","Shrug It Off+1","Dark Embrace+1","Flash of Steel+1","Pommel Strike+1","Flame Barrier+1","Demon Form+1","Shrug It Off+1","Ghostly Armor+1","Feed+1","Entrench+1","Body Slam+1"],"relics":["Burning Blood","Toxic Egg 2","Mango","Ectoplasm","Pen Nib","Question Card","Sundial","Busted Crown","TungstenRod","Omamori"],"acts_visited":["Exordium","TheCity","TheBeyond"],"potions_floor_usage":[14,16,33,50,50,50],"damage_taken":[{"damage":0,"enemies":"Small Slimes","floor":1,"turns":3},{"damage":0,"enemies":"2 Louse","floor":2,"turns":1},{"damage":1,"enemies":"Jaw Worm","floor":3,"turns":4},{"damage":4,"enemies":"Blue Slaver","floor":11,"turns":4},{"damage":1,"enemies":"3 Louse","floor":12,"turns":2},{"damage":0,"enemies":"Gremlin Gang","floor":13,"turns":2},{"damage":23,"enemies":"Lagavulin","floor":14,"turns":5},{"damage":65,"enemies":"The Guardian","floor":16,"turns":11},{"damage":14,"enemies":"Spheric Guardian","floor":18,"turns":4},{"damage":3,"enemies":"2 Thieves","floor":19,"turns":3},{"damage":14,"enemies":"Shelled Parasite and Fungi","floor":24,"turns":6},{"damage":12,"enemies":"Snake Plant","floor":29,"turns":4},{"damage":10,"enemies":"Centurion and Healer","floor":31,"turns":5},{"damage":30,"enemies":"Automaton","floor":33,"turns":12},{"damage":19,"enemies":"3 Darklings","floor":35,"turns":5},{"damage":9,"enemies":"3 Shapes","floor":37,"turns":5},{"damage":28,"enemies":"Transient","floor":39,"turns":5},{"damage":0,"enemies":"Spire Growth","floor":41,"turns":7},{"damage":0,"enemies":"Writhing Mass","floor":42,"turns":8},{"damage":0,"enemies":"Maw","floor":44,"turns":9},{"damage":0,"enemies":"Giant Head","floor":47,"turns":6},{"damage":51,"enemies":"Time Eater","floor":50,"turns":11}],"seed_played":"-7928973260146800011","potions_obtained":[{"floor":1,"key":"DuplicationPotion"},{"floor":3,"key":"BloodPotion"},{"floor":11,"key":"EssenceOfSteel"},{"floor":14,"key":"Strength Potion"},{"floor":19,"key":"ElixirPotion"},{"floor":24,"key":"Strength Potion"},{"floor":33,"key":"Dexterity Potion"},{"floor":47,"key":"BloodPotion"}],"is_trial":false,"path_per_floor":["M","M","M","$","?","R","?","R","T","?","M","M","M","E","R","B",null,"M","M","?","?","$","R","M","R","T","T","$","M","R","M","R","B",null,"M","$","M","?","M","R","M","M","T","M","$","R","E","$","R","B",null],"character_chosen":"IRONCLAD","items_purchased":["Pommel Strike","Flash of Steel","Shrug It Off+1","Body Slam"],"campfire_rested":0,"item_purchase_floors":[4,22,36,45],"current_hp_per_floor":[80,80,80,80,80,80,64,64,64,64,66,71,77,74,74,15,94,86,89,89,89,89,89,81,81,81,81,81,75,75,71,71,47,94,81,81,78,78,56,56,62,68,68,74,74,74,80,80,80,71],"gold":1,"neow_bonus":"THREE_CARDS","is_daily":false,"chose_seed":false,"campfire_upgraded":10,"win_rate":0.0,"timestamp":1608670699,"path_taken":["M","M","M","$","?","R","?","R","T","?","M","M","M","E","R","BOSS","M","M","?","?","?","R","M","R","T","?","$","M","R","M","R","BOSS","M","$","M","?","M","R","?","M","T","M","$","R","E","$","R","BOSS"],"items_purchased_type":["Card","Card","Card","Card"],"build_version":"2020-12-13","purchased_purges":1,"victory":true,"max_hp_per_floor":[80,80,80,80,80,80,80,80,80,80,80,80,80,94,94,94,94,94,94,94,94,94,94,94,94,94,94,94,94,94,94,94,94,94,94,94,94,94,94,94,94,94,94,94,94,94,94,94,94,94],"card_choices":[{"not_picked":["Flame Barrier","Havoc"],"picked":"Cleave","floor":0},{"not_picked":["Sentinel","Wild Strike"],"picked":"Whirlwind","floor":1},{"not_picked":["Cleave","Sword Boomerang","Clash"],"picked":"SKIP","floor":2},{"not_picked":["Dark Embrace","True Grit"],"picked":"Ghostly Armor","floor":3},{"not_picked":["Carnage","Cleave","Havoc+1"],"picked":"SKIP","floor":11},{"not_picked":["Blood for Blood","Havoc+1","Intimidate+1"],"picked":"SKIP","floor":12},{"not_picked":["Reckless Charge","Immolate","Rampage"],"picked":"SKIP","floor":13},{"not_picked":["Feel No Pain","Warcry+1"],"picked":"True Grit+1","floor":14},{"not_picked":["Double Tap+1","Exhume+1"],"picked":"Barricade","floor":16},{"not_picked":["Dark Embrace","Infernal Blade+1","Heavy Blade"],"picked":"SKIP","floor":18},{"not_picked":["Rupture","Rampage"],"picked":"Shrug It Off+1","floor":19},{"not_picked":["Whirlwind","Pummel"],"picked":"Pommel Strike","floor":24},{"not_picked":["Pommel Strike+1","Second Wind+1","Warcry+1","Fire Breathing"],"picked":"SKIP","floor":29},{"not_picked":["Shrug It Off+1","Armaments+1","Intimidate+1"],"picked":"Flame Barrier+1","floor":31},{"not_picked":["Feed","Brutality","Double Tap+1"],"picked":"Demon Form","floor":33},{"not_picked":["Body Slam+1","Thunderclap"],"picked":"SKIP","floor":35},{"not_picked":["Flex+1"],"picked":"Ghostly Armor+1","floor":37},{"not_picked":["Perfected Strike+1"],"picked":"Entrench+1","floor":39},{"not_picked":["Rage+1","Warcry+1"],"picked":"SKIP","floor":41},{"not_picked":["Headbutt","Dual Wield+1"],"picked":"SKIP","floor":42},{"not_picked":["Havoc+1","Blood for Blood+1"],"picked":"SKIP","floor":44},{"not_picked":["Blood for Blood+1","Twin Strike+1"],"picked":"SKIP","floor":47}],"player_experience":860392,"relics_obtained":[{"floor":9,"key":"Toxic Egg 2"},{"floor":14,"key":"Mango"},{"floor":26,"key":"Question Card"},{"floor":27,"key":"Sundial"},{"floor":43,"key":"TungstenRod"},{"floor":47,"key":"Omamori"}],"event_choices":[{"damage_healed":0,"gold_gain":0,"player_choice":"Grow","damage_taken":0,"max_hp_gain":0,"max_hp_loss":0,"event_name":"Living Wall","floor":5,"gold_loss":0,"cards_upgraded":["Bash"]},{"damage_healed":0,"gold_gain":0,"player_choice":"Entered Light","damage_taken":16,"max_hp_gain":0,"max_hp_loss":0,"event_name":"Shining Light","floor":7,"gold_loss":0,"cards_upgraded":["Ghostly Armor","Defend_R"]},{"damage_healed":0,"gold_gain":58,"player_choice":"Gained Gold","damage_taken":0,"max_hp_gain":0,"max_hp_loss":0,"event_name":"Golden Wing","floor":10,"gold_loss":0},{"damage_healed":0,"gold_gain":0,"player_choice":"Obtained Relic","damage_taken":0,"relics_obtained":["Pen Nib"],"max_hp_gain":0,"max_hp_loss":0,"event_name":"Addict","floor":20,"gold_loss":85},{"damage_healed":0,"gold_gain":0,"player_choice":"Read","damage_taken":0,"max_hp_gain":0,"max_hp_loss":0,"event_name":"The Library","floor":21,"gold_loss":0,"cards_obtained":["Dark Embrace"]},{"damage_healed":0,"gold_gain":0,"player_choice":"1 cards matched","damage_taken":0,"max_hp_gain":0,"max_hp_loss":0,"event_name":"Match and Keep!","floor":38,"gold_loss":0,"cards_obtained":["Feed"]}],"is_beta":false,"boss_relics":[{"not_picked":["Empty Cage","Runic Dome"],"picked":"Ectoplasm"},{"not_picked":["SacredBark","Astrolabe"],"picked":"Busted Crown"}],"items_purged_floors":[4],"is_endless":false,"potions_floor_spawned":[1,3,11,14,19,24,33,35,41,47],"ascension_level":0}}