{"host":"wonp23fsqqcu31ie","time":1608615557,"event":{"mods":["2.2 Compatiblity","AchievementEnabler","Aspiration","BaseMod","Bestiary","Better Altar","Better Match","Better Sensory Stone","Better Skull","Better Third Choice","BetterRewards","Block Reminder","Colored Map","Colored Powertips","Conspire","DeckTracker","Displayed Cursed Tome","Downfall","Hermit","Highlight Path","Hubris","Minty Spire (QoL Compilation)","Permanent Neow","Quick Restart","Rare Cards Sparkle","Relic Stats","Replay The Spire","Shade Mod","Shop Mod","StSLib","SuperFastMode","The Animator","The Cursed","The Dragon Tamer","The Gatherer","The Necromancer","The Runesmith","The Servant 0.9.4"],"gold_per_floor":[99,112,112,40,140,158,158,172,22,51,69,69,95,125,139,240,240,240,251,264,275,294,322,371,16,16,16,16,16,16],"floor_reached":28,"playtime":926,"items_purged":[],"score":301,"play_id":"4c99d1e0-0be5-42f0-83e1-8bbebc25bd5d","local_time":"20201222163917","is_ascension_mode":true,"campfire_choices":[{"floor":1,"key":"RECALL"},{"data":"champ:Taunt","floor":9,"key":"SMITH"},{"data":"champ:Devastate","floor":18,"key":"SMITH"}],"circlet_count":0,"master_deck":["champ:Strike","champ:Strike","champ:Strike","champ:Defend","champ:Defend","champ:Defend","champ:Defend","champ:Execute","champ:Taunt+1","champ:CrookedStrike","champ:Encircle+1","champ:RisingSlash","champ:RisingSlash","champ:RisingSlash","champ:BringItOn","champ:Backstep","champ:VampiricStrike","champ:EndlessRage","champ:FaceSlap","champ:Devastate+1","champ:RageSigil","champ:AdrenalArmor+1","champ:BringItOn+1","champ:ShieldSigil","champ:TornadoPunch","champ:FlashCut","hubris:EnhanceAbility","champ:PerfectedStrike","champ:PerfectedStrike"],"relics":["champ:ChampionCrown","downfall:GremlinWheel","downfall:HeartBlessingRed","downfall:HeartBlessingBlue","ReplayTheSpireMod:Shallot","Bag of Preparation","hexamod:BolsterEngine","SacredBark","champ:DefensiveTrainingManual","MerchantsRug","hubris:Towel","downfall:RedIOU"],"acts_visited":["Exordium","TheCity"],"potions_floor_usage":[16,16,16,23,23,28],"damage_taken":[{"damage":13,"enemies":"Jaw Worm","floor":2,"turns":2},{"damage":14,"enemies":"downfall:FleeingMerchant","floor":4,"turns":4},{"damage":20,"enemies":"downfall:FleeingMerchant","floor":5,"turns":4},{"damage":0,"enemies":"Cultist","floor":6,"turns":2},{"damage":0,"enemies":"Small Slimes","floor":8,"turns":2},{"damage":7,"enemies":"Gremlin Nob","floor":10,"turns":3},{"damage":11,"enemies":"Exordium Wildlife","floor":11,"turns":5},{"damage":0,"enemies":"3 Louse","floor":15,"turns":3},{"damage":18,"enemies":"downfall:Defect","floor":16,"turns":5},{"damage":0,"enemies":"conspire:FuzzyDice","floor":19,"turns":6},{"damage":11,"enemies":"Chosen","floor":20,"turns":3},{"damage":43,"enemies":"Snecko","floor":21,"turns":4},{"damage":29,"enemies":"3 Cultists","floor":22,"turns":7},{"damage":116,"enemies":"Gremlin Leader","floor":23,"turns":11},{"damage":0,"enemies":"downfall:FleeingMerchant","floor":25,"turns":4},{"damage":10,"enemies":"conspire:Head Lice","floor":28,"turns":2}],"seed_played":"8191575292243911181","potions_obtained":[{"floor":5,"key":"SteroidPotion"},{"floor":6,"key":"Toxic Potion"},{"floor":8,"key":"ColorlessPotion"},{"floor":15,"key":"champ:CounterPotion"},{"floor":21,"key":"PowerPotion"},{"floor":22,"key":"Elixir"},{"floor":23,"key":"LiquidBronze"}],"is_trial":false,"path_per_floor":["R","M","?","$","?","M","T","M","R","E","M","?","T","?","M","B",null,"R","M","M","M","M","E","T","$","?","?","E"],"character_chosen":"THE_CHAMP","items_purchased":["champ:RisingSlash","MerchantsRug","hubris:EnhanceAbility","champ:PerfectedStrike"],"campfire_rested":0,"item_purchase_floors":[4,25,25,25],"current_hp_per_floor":[90,87,87,87,71,71,71,71,81,81,86,91,91,91,91,84,105,105,105,96,87,76,10,10,10,10,10,0,0,0],"gold":16,"neow_bonus":"RANDOM_COMMON_RELIC","is_daily":false,"chose_seed":false,"campfire_upgraded":2,"win_rate":0.0,"timestamp":1608615557,"path_taken":["R","M","?","$","?","M","T","?","R","E","M","?","?","?","M","BOSS","R","M","M","M","M","E","T","$","?","?","E"],"items_purchased_type":["Card","Relic","Card","Card"],"build_version":"2020-12-13","purchased_purges":0,"victory":false,"max_hp_per_floor":[90,90,90,90,90,90,90,90,100,100,100,105,105,105,105,105,105,105,105,105,105,105,105,105,105,105,105,105,105,105],"relic_stats":{"counters":[16,67],"Bag of Preparation":[18],"obtain_stats":[{"MerchantsRug":25,"downfall:HeartBlessingRed":9,"SacredBark":17,"champ:ChampionCrown":0,"Bag of Preparation":13,"hubris:Towel":26,"aspiration:HiddenCompartment":24,"Nunchaku":0,"downfall:GremlinWheel":5,"ReplayTheSpireMod:Shallot":10,"downfall:HeartBlessingBlue":9,"champ:DefensiveTrainingManual":23,"downfall:RedIOU":27,"hexamod:BolsterEngine":14},{"MerchantsRug":15,"downfall:HeartBlessingRed":5,"SacredBark":9,"champ:ChampionCrown":0,"Bag of Preparation":7,"hubris:Towel":15,"aspiration:HiddenCompartment":14,"Nunchaku":0,"downfall:GremlinWheel":3,"ReplayTheSpireMod:Shallot":6,"downfall:HeartBlessingBlue":5,"champ:DefensiveTrainingManual":14,"downfall:RedIOU":15,"hexamod:BolsterEngine":7},{"MerchantsRug":65,"downfall:HeartBlessingRed":14,"SacredBark":30,"champ:ChampionCrown":0,"Bag of Preparation":22,"hubris:Towel":65,"aspiration:HiddenCompartment":61,"Nunchaku":0,"downfall:GremlinWheel":10,"ReplayTheSpireMod:Shallot":17,"downfall:HeartBlessingBlue":14,"champ:DefensiveTrainingManual":61,"downfall:RedIOU":65,"hexamod:BolsterEngine":22}]},"card_choices":[{"not_picked":["champ:StanceDance","champ:AdrenalArmor"],"picked":"champ:CrookedStrike","floor":2},{"not_picked":["champ:FocusedBerserking","champ:Backstep"],"picked":"champ:RisingSlash","floor":4},{"not_picked":["champ:Shatter","champ:ShieldSigil"],"picked":"champ:BringItOn","floor":6},{"not_picked":["champ:DefensiveShout","champ:StanceDance"],"picked":"champ:Backstep","floor":8},{"not_picked":["champ:PerfectedStrike","champ:GladiatorStyle"],"picked":"champ:VampiricStrike","floor":10},{"not_picked":["champ:StanceDance","champ:GutPunch"],"picked":"champ:EndlessRage","floor":11},{"not_picked":["champ:FlashCut","champ:DefensiveShout"],"picked":"champ:FaceSlap","floor":15},{"not_picked":["champ:HeavySlash","champ:VampiricStrike"],"picked":"champ:Devastate","floor":16},{"not_picked":["champ:Encircle+1","champ:BerserkersShout"],"picked":"champ:RageSigil","floor":19},{"not_picked":["champ:Control","champ:FocusedGladiator"],"picked":"champ:AdrenalArmor+1","floor":20},{"not_picked":["champ:FlashCut","champ:Control"],"picked":"champ:BringItOn+1","floor":21},{"not_picked":["champ:Control","champ:SwordSigil"],"picked":"champ:ShieldSigil","floor":22},{"not_picked":["champ:GutPunch","champ:FanOfKnives"],"picked":"champ:TornadoPunch","floor":23},{"not_picked":["champ:AdrenalArmor","champ:Shatter"],"picked":"champ:FlashCut","floor":25}],"player_experience":667952,"relics_obtained":[{"floor":5,"key":"downfall:GremlinWheel"},{"floor":10,"key":"ReplayTheSpireMod:Shallot"},{"floor":13,"key":"Bag of Preparation"},{"floor":23,"key":"champ:DefensiveTrainingManual"},{"floor":24,"key":"aspiration:HiddenCompartment"}],"event_choices":[{"damage_healed":0,"gold_gain":0,"player_choice":"Donut","damage_taken":0,"max_hp_gain":5,"max_hp_loss":0,"event_name":"Big Fish","floor":12,"gold_loss":0}],"is_beta":false,"boss_relics":[{"not_picked":["Ectoplasm","Runesmith:UraniumAnvil"],"picked":"SacredBark"}],"items_purged_floors":[],"is_endless":false,"potions_floor_spawned":[5,6,8,15,21,22,23],"killed_by":"conspire:Head Lice","ascension_level":1}}