{"host":"zjc1tzo4ovig5lll","time":1608656673,"event":{"mods":["AchievementEnabler","Aspiration","BaseMod","Beaked The Cultist","Better Altar","Better Match","Better Note","Better Sensory Stone","Colored Map","Colored Powertips","Conspire","Energized Spire","Friendly Minions","GifTheSpireLib","Halation","Hermit","Hubris","Minty Spire (QoL Compilation)","Rare Cards Sparkle","Replay The Spire","Spikes Relics","StSLib","Stuff the Spire","The Bug Knight","The Construct","The Jungle","The Servant 0.9.4","everything is the same but u backflip on backflip","vexMod"],"gold_per_floor":[111,130,230,248,116,151,151,151,151,151,168,200,214,234,234,338,338,356,356,356,372,387,414,414,432,484,519,519,534,534,553,553,655,655,674,693,704,714,87,87,87,48,127,147,166,183,183,197,197,197,197,197,41,76,76,76],"floor_reached":55,"playtime":3163,"items_purged":[],"score":665,"play_id":"f38ec70a-9ceb-4429-9837-257499971254","local_time":"20201222190433","is_ascension_mode":false,"campfire_choices":[{"data":"Armaments","floor":7,"key":"SMITH"},{"data":"BarbarianYell","floor":10,"key":"SMITH"},{"data":"Armaments","floor":15,"key":"SMITH"},{"floor":24,"key":"RECALL"},{"data":"Combust","floor":28,"key":"SMITH"},{"data":"Hemogenesis","floor":30,"key":"SMITH"},{"data":"Mirror Shield","floor":32,"key":"SMITH"},{"floor":49,"key":"REST"},{"floor":52,"key":"REST"}],"circlet_count":0,"master_deck":["Strike_R","Strike_R","Strike_R","Defend_R","Defend_R+1","Defend_R","Defend_R+1","Hemokinesis+1","Iron Wave","BarbarianYell+1","Inflame","Armaments+1","Armaments+1","Searing Blow","Metallicize","Hemogenesis+1","CurseOfTheBell","Mirror Shield+1","Combust+1","ReplayTheSpireMod:Limb From Limb+1","Magnetism+1","Combust","Immolate","Fire Breathing","hubris:DuctTapeCard"],"relics":["Burning Blood","aspiration:Nostalgia","beaked:MendingPlumage","conspire:TopHat","halation:EternalFortune","Whetstone","Calling Bell","ReplayTheSpireMod:TigerMarble","beaked:ShinyBauble","StuffTheSpire:MayFlowers","Another Sword","Ancient Tea Set","War Paint","Fusion Hammer","Snack Pack","Sling","aspiration:FrozenJewel","SnailShell","hubris:DuctTape"],"acts_visited":["Exordium","TheCity","TheBeyond","TheEnding"],"potions_floor_usage":[],"damage_taken":[{"damage":14,"enemies":"Small Slimes","floor":1,"turns":4},{"damage":3,"enemies":"Cultist","floor":2,"turns":3},{"damage":4,"enemies":"2 Louse","floor":4,"turns":3},{"damage":12,"enemies":"Lagavulin","floor":6,"turns":7},{"damage":8,"enemies":"Large Slime","floor":11,"turns":4},{"damage":19,"enemies":"conspire:MimicChest","floor":12,"turns":6},{"damage":5,"enemies":"Exordium Wildlife","floor":13,"turns":3},{"damage":15,"enemies":"Gremlin Gang","floor":14,"turns":5},{"damage":87,"enemies":"Fading Forest","floor":16,"turns":11},{"damage":18,"enemies":"3 Byrds","floor":18,"turns":9},{"damage":11,"enemies":"Chosen","floor":21,"turns":6},{"damage":72,"enemies":"3 Cultists","floor":22,"turns":9},{"damage":40,"enemies":"Gremlin Leader","floor":23,"turns":9},{"damage":20,"enemies":"Cultist and Chosen","floor":25,"turns":7},{"damage":30,"enemies":"conspire:Head Lice","floor":27,"turns":6},{"damage":29,"enemies":"Shelled Parasite and Fungi","floor":29,"turns":5},{"damage":31,"enemies":"3 Cultists","floor":31,"turns":5},{"damage":96,"enemies":"Collector","floor":33,"turns":10},{"damage":45,"enemies":"3 Darklings","floor":35,"turns":7},{"damage":7,"enemies":"3 Shapes","floor":36,"turns":5},{"damage":34,"enemies":"Transient","floor":37,"turns":5},{"damage":27,"enemies":"Sphere and 2 Shapes","floor":38,"turns":5},{"damage":48,"enemies":"Spire Growth","floor":44,"turns":6},{"damage":28,"enemies":"Jaw Worm Horde","floor":45,"turns":5},{"damage":17,"enemies":"3 Darklings","floor":46,"turns":6},{"damage":7,"enemies":"4 Shapes","floor":48,"turns":4},{"damage":105,"enemies":"Time Eater","floor":50,"turns":12},{"damage":39,"enemies":"Shield and Spear","floor":54,"turns":6},{"damage":104,"enemies":"The Heart","floor":55,"turns":5}],"seed_played":"-8844924088577712289","potions_obtained":[],"is_trial":false,"path_per_floor":["M","M","?","M","$","E","R","?","T","R","M","?","M","M","R","B",null,"M","?","$","M","M","E","R","M","T","E","R","M","R","M","R","B",null,"M","M","M","M","$","?","?","$","T","M","M","M","?","M","R","B",null,"R","$","E","B"],"character_chosen":"IRONCLAD","items_purchased":["Inflame","Armaments","Snack Pack","Magnetism","Sling","Combust","Fire Breathing","SnailShell"],"campfire_rested":2,"item_purchase_floors":[5,5,39,39,39,39,42,53],"current_hp_per_floor":[80,80,80,80,80,80,80,83,83,83,83,82,86,86,86,33,86,86,86,86,86,59,65,65,81,81,80,80,76,76,71,71,27,86,82,86,77,76,76,76,76,76,76,65,68,86,86,86,86,47,86,86,86,79,0,0],"gold":76,"neow_bonus":"NOSTALGIA","is_daily":false,"chose_seed":false,"campfire_upgraded":6,"win_rate":0.0,"timestamp":1608656673,"path_taken":["M","M","?","?","$","E","R","?","T","R","M","?","M","M","R","BOSS","M","?","$","M","M","E","R","M","T","E","R","M","R","M","R","BOSS","M","M","?","M","$","?","?","$","T","?","M","M","?","?","R","BOSS","R","$","E","BOSS"],"items_purchased_type":["Card","Card","Relic","Card","Relic","Card","Card","Relic"],"build_version":"2020-12-13","purchased_purges":0,"victory":false,"max_hp_per_floor":[80,80,80,80,80,80,80,83,83,83,83,83,86,86,86,86,86,86,86,86,86,86,86,86,86,86,86,86,86,86,86,86,86,86,86,86,86,86,86,86,86,86,86,86,86,86,86,86,86,86,86,86,86,86,86,86],"card_choices":[{"not_picked":["Absolvement","Thunderclap"],"picked":"Hemokinesis","floor":1},{"not_picked":["hubris:SharpeningStone","hubris:ReadiedAction"],"picked":"Iron Wave","floor":2},{"not_picked":["Abandon","StuffTheSpire:Resist"],"picked":"BarbarianYell","floor":4},{"not_picked":["StuffTheSpire:Pyroclast","Sever Soul","Twin Strike"],"picked":"SKIP","floor":6},{"not_picked":["Whirlwind","Shockwave"],"picked":"Armaments","floor":11},{"not_picked":["ReplayTheSpireMod:Stacked","Clothesline"],"picked":"Searing Blow","floor":12},{"not_picked":["Run Through","Clash","Rage"],"picked":"SKIP","floor":13},{"not_picked":["Immolate","Absolvement"],"picked":"Metallicize","floor":14},{"not_picked":["Impervious","Double Tap"],"picked":"Hemogenesis","floor":16},{"not_picked":["Replay:Undeath\u0027s Touch+1","Dark Embrace","hubris:ReadiedAction"],"picked":"SKIP","floor":18},{"not_picked":["StuffTheSpire:BloodClot","Clothesline+1","Twin Strike"],"picked":"SKIP","floor":21},{"not_picked":["Abandon","Body Slam","Rampage"],"picked":"SKIP","floor":22},{"not_picked":["Demonic Infusion","Clothesline"],"picked":"Combust","floor":23},{"not_picked":["Shrug It Off","Havoc"],"picked":"Inflame+1","floor":25},{"not_picked":["Cleave","Massacre"],"picked":"Combust+1","floor":27},{"not_picked":["Infernal Blade","hubris:ReadiedAction+1","conspire:Purge"],"picked":"SKIP","floor":29},{"not_picked":["StuffTheSpire:Pyroclast","Pummel","Searing Blow"],"picked":"SKIP","floor":31},{"not_picked":["StuffTheSpire:Slingshot+1","Wild Strike","StuffTheSpire:RockThrow+1"],"picked":"SKIP","floor":35},{"not_picked":["Perfected Strike","Reckless Charge"],"picked":"ReplayTheSpireMod:Limb From Limb+1","floor":36},{"not_picked":["Absolvement+1","Flex+1","Headbutt+1"],"picked":"SKIP","floor":37},{"not_picked":["StuffTheSpire:RagingBull","Heavy Blade","Pommel Strike"],"picked":"SKIP","floor":38},{"not_picked":["ReplayTheSpireMod:Muscle Training","Absolvement+1","conspire:Charge"],"picked":"SKIP","floor":44},{"not_picked":["Clothesline","conspire:Purge","Wild Strike"],"picked":"SKIP","floor":45},{"not_picked":["Warcry","Havoc","Evolve"],"picked":"SKIP","floor":46},{"not_picked":["Flex","Perfected Strike+1","Armaments"],"picked":"SKIP","floor":48},{"not_picked":["Wild Strike+1","Dual Wield+1","Blood for Blood"],"picked":"SKIP","floor":54}],"player_experience":574970,"relics_obtained":[{"floor":6,"key":"conspire:TopHat"},{"floor":12,"key":"Whetstone"},{"floor":13,"key":"halation:EternalFortune"},{"floor":17,"key":"ReplayTheSpireMod:TigerMarble"},{"floor":17,"key":"beaked:ShinyBauble"},{"floor":17,"key":"StuffTheSpire:MayFlowers"},{"floor":23,"key":"Another Sword"},{"floor":26,"key":"Ancient Tea Set"},{"floor":27,"key":"War Paint"},{"floor":43,"key":"aspiration:FrozenJewel"},{"floor":54,"key":"hubris:DuctTape"}],"event_choices":[{"damage_healed":0,"gold_gain":100,"player_choice":"Gold","damage_taken":0,"max_hp_gain":0,"max_hp_loss":0,"event_name":"Wheel of Change","floor":3,"gold_loss":0},{"cards_removed":["BarbarianYell"],"damage_healed":0,"gold_gain":0,"player_choice":"Take \u0026 Give","damage_taken":0,"max_hp_gain":0,"max_hp_loss":0,"event_name":"betterNote:BetterNote","floor":19,"gold_loss":0,"cards_obtained":["Mirror Shield"]},{"damage_healed":0,"gold_gain":0,"player_choice":"Leave","damage_taken":0,"max_hp_gain":0,"max_hp_loss":0,"event_name":"conspire:Investor","floor":40,"gold_loss":0},{"damage_healed":0,"gold_gain":0,"cards_transformed":["Bash"],"player_choice":"Transformed","damage_taken":0,"max_hp_gain":0,"max_hp_loss":0,"event_name":"Transmorgrifier","floor":41,"gold_loss":0,"cards_obtained":["Immolate"]},{"damage_healed":0,"gold_gain":0,"player_choice":"Forge","damage_taken":0,"max_hp_gain":0,"max_hp_loss":0,"event_name":"Accursed Blacksmith","floor":47,"gold_loss":0,"cards_upgraded":["Magnetism"]}],"is_beta":false,"boss_relics":[{"not_picked":["StuffTheSpire:RunicConfusion","aspiration:PoetsPen_weak"],"picked":"Calling Bell"},{"not_picked":["StuffTheSpire:Kangaroo","halation:ForbiddenBikini"],"picked":"Fusion Hammer"}],"items_purged_floors":[],"is_endless":false,"potions_floor_spawned":[1,11,14,16,18,21,25,31,35,37,44,45],"killed_by":"The Heart","ascension_level":0}}