{"host":"vjff2xj95zxi2vsi","time":1608662442,"event":{"mods":["2.2 Compatiblity","AchievementEnabler","Act Like it!","Ascension Reborn","Aspiration","BaseMod","Beaked The Cultist","Better Altar","Better Match","Better Sensory Stone","Better Skull","Better Third Choice","Challenge The Spire","ChefMod","Clockwork Mod","Conspire","Downfall","Elementarium","Energized Spire","Gensokyo","GifTheSpireLib","Gremlin Mod","Gremlin Skip","Halation","Hallownest","Hermit","Hubris","Infinite Spire","Jess\u0027s Bottle","Jorbs\u0027s Wanderer Trilogy","Marisa????????","Marked Mod","Menagerie","Minty Spire (QoL Compilation)","Permanent Neow","Replay The Spire","Robot Space Explorer","SCP261 Mod","Somnambulant","Spikes Relics","StSLib","Stuff the Spire","The Blackbeard","The Blue Laboratory","The Cursed","The Dragon Tamer","The Elementalist","The Gatherer","The Hayseed","The Hierophant","The Marked","The Runesmith","The Sage","The Servant 0.9.4","The Valiant","The Vixen","Trackpad","Yuri Mod","vexMod"],"gold_per_floor":[184,7,34,65,99,99,99,99,132,167,193,193,25,25,56,88,123,151],"floor_reached":19,"playtime":2282,"items_purged":[],"score":470,"play_id":"d2b03f06-ac33-44fa-a2ef-d2af1dcd5911","local_time":"20201222134042","daily_mods":["challengethespire:Bronze Difficulty","challengethespire:Modded Elite Rush","Uncertain Future"],"is_ascension_mode":false,"campfire_choices":[{"floor":7,"key":"REST"},{"data":"Replay:Dark Deal","floor":8,"key":"SMITH"},{"data":"Hemogenesis","floor":14,"key":"SMITH"}],"circlet_count":0,"master_deck":["sneckomod:Strike","sneckomod:Strike","sneckomod:Strike","sneckomod:Defend","sneckomod:Defend","sneckomod:Defend","sneckomod:TailWhip","sneckomod:SnekBite","sneckomod:Unknown+1","sneckomod:Unknown+1","sneckomod:SnakeSap","sneckomod:UnknownRareSkill","Jack Of All Trades","Replay:Dark Deal+1","sneckomod:UnknownBlock","sneckomod:UnknownClassMARISA_DERIVATIONS","Hemogenesis+1","sneckomod:SnekBeam","hubris:EnhanceAbility","sneckomod:UnknownDexterity","sneckomod:UnknownClassUrban Legend+1","sneckomod:UnknownClassTHE_CURSED_PURPLE+1","sneckomod:Cheat"],"relics":["sneckomod:SneckoSoul","Black Star","Sling","PreservedInsect","Orichalcum","aspiration:Nostalgia","m_BurningSludge","aspiration:TomeofQuesting","Blood Vial","War Paint","vexMod:InvisibilityCloak","Replay:WaspNest","RollingBoulder","Ancient Tea Set","jessBottle:WaterBottleRelic","Boot","hubris:Metronome","hubris:SlimyHat","aspiration:ChemicalBlood","Happy Flower","trackpad:WritersBlock","Replay:Drink Me","hubris:SphereOfDissonance","GiantMaggot","sneckomod:UnknownEgg","halation:PrussianBluePaint","trackpad:CultistFigurine","beaked:ShinyBauble","MawBank","Blue Candle"],"acts_visited":["Hallownest:Greenpath"],"potions_floor_usage":[16,16,17,18],"damage_taken":[{"damage":3,"enemies":"Gremlin Nob","floor":3,"turns":3},{"damage":7,"enemies":"3 Sentries","floor":4,"turns":6},{"damage":25,"enemies":"Replay:BlueRogue","floor":5,"turns":3},{"damage":0,"enemies":"conspire:Head Lice","floor":9,"turns":3},{"damage":24,"enemies":"conspire:SneckoGhost","floor":10,"turns":7},{"damage":5,"enemies":"Replay:Snechameleon","floor":11,"turns":7},{"damage":0,"enemies":"Reptomancer","floor":15,"turns":8},{"damage":49,"enemies":"beaked:SuperParasite","floor":16,"turns":10},{"damage":9,"enemies":"Giant Head","floor":17,"turns":7},{"damage":0,"enemies":"Shield and Spear","floor":18,"turns":7}],"seed_played":"99447697722901785","potions_obtained":[{"floor":4,"key":"Toxic Potion"},{"floor":10,"key":"blueLaboratory:BottledHope"},{"floor":11,"key":"SneckoOil"},{"floor":16,"key":"SCP261:BlastolaColaPotion"},{"floor":17,"key":"blueLaboratory:StoneskinPotion"},{"floor":18,"key":"blueLaboratory:BubblePotion"}],"is_trial":true,"path_per_floor":["$","$","E","E","E","T","R","R","E","E","E","T","$","R","E","E","E","E",null],"character_chosen":"THE_SNECKO","items_purchased":["Orichalcum","sneckomod:SnakeSap","sneckomod:UnknownRareSkill","Jack Of All Trades","Replay:Dark Deal","aspiration:Nostalgia","aspiration:TomeofQuesting","sneckomod:UnknownBlock","hubris:EnhanceAbility"],"campfire_rested":1,"item_purchase_floors":[1,1,1,1,1,1,2,2,13],"current_hp_per_floor":[91,92,90,85,62,62,89,89,92,102,104,82,82,82,83,37,39,49],"gold":163,"neow_bonus":"","is_daily":false,"chose_seed":false,"campfire_upgraded":2,"win_rate":0.0,"timestamp":1608662442,"path_taken":["$","$","E","E","E","T","R","R","E","E","E","T","$","R","E","E","E","E"],"items_purchased_type":["Relic","Card","Card","Card","Card","Relic","Relic","Card","Card"],"build_version":"2020-12-13","purchased_purges":0,"victory":true,"max_hp_per_floor":[91,92,93,93,93,93,93,93,94,109,109,82,82,82,83,86,87,87],"card_choices":[],"player_experience":224374,"relics_obtained":[{"floor":3,"key":"Blood Vial"},{"floor":3,"key":"War Paint"},{"floor":4,"key":"vexMod:InvisibilityCloak"},{"floor":4,"key":"Replay:WaspNest"},{"floor":5,"key":"RollingBoulder"},{"floor":5,"key":"Ancient Tea Set"},{"floor":9,"key":"Boot"},{"floor":9,"key":"hubris:Metronome"},{"floor":10,"key":"hubris:SlimyHat"},{"floor":10,"key":"aspiration:ChemicalBlood"},{"floor":11,"key":"Happy Flower"},{"floor":11,"key":"trackpad:WritersBlock"},{"floor":15,"key":"hubris:SphereOfDissonance"},{"floor":15,"key":"GiantMaggot"},{"floor":16,"key":"sneckomod:UnknownEgg"},{"floor":16,"key":"halation:PrussianBluePaint"},{"floor":17,"key":"trackpad:CultistFigurine"},{"floor":17,"key":"beaked:ShinyBauble"},{"floor":18,"key":"MawBank"},{"floor":18,"key":"Blue Candle"}],"event_choices":[],"is_beta":false,"boss_relics":[{"not_picked":["conspire:SpecialSausage","StuffTheSpire:ModemDavis"],"picked":"jessBottle:WaterBottleRelic"},{"not_picked":["halation:LoveArrow","Fusion Hammer"],"picked":"Replay:Drink Me"}],"items_purged_floors":[],"is_endless":false,"potions_floor_spawned":[4,10,11,16,17,18],"ascension_level":0}}