{"host":"5jn3rki867005t18","time":1608628104,"event":{"mods":["2.2 Compatiblity","AchievementEnabler","BaseMod","Colored Map","DeckTracker","Minty Spire (QoL Compilation)","Permanent Neow","Rare Cards Sparkle","StSLib","SuperFastMode"],"gold_per_floor":[118,118,129,144,157,157,157,157,157,170,170,186,186,186,186,305,305,330,353,376,397,397,397,413,413,440,440,481,70,95,118,118,118,118],"floor_reached":33,"playtime":1901,"items_purged":[],"score":261,"play_id":"fd7ec905-e5d7-455a-8d4b-9035893f7f70","local_time":"20201222180824","is_ascension_mode":false,"campfire_choices":[{"floor":6,"key":"REST"},{"data":"Survivor","floor":8,"key":"SMITH"},{"floor":11,"key":"REST"},{"floor":15,"key":"REST"},{"floor":23,"key":"REST"},{"data":"Prepared","floor":25,"key":"SMITH"},{"floor":32,"key":"REST"}],"circlet_count":0,"master_deck":["Strike_G","Strike_G","Strike_G","Strike_G","Strike_G","Defend_G","Defend_G","Defend_G","Defend_G","Defend_G","Survivor+1","Neutralize","Poisoned Stab","Sucker Punch","Poisoned Stab","Bane+1","Dagger Spray","Prepared+1","Dash","A Thousand Cuts","Noxious Fumes+1","Dagger Spray+1","Flying Knee","Distraction+1","Choke","Pain","After Image","Slice","Noxious Fumes","Noxious Fumes","Bane"],"relics":["Ring of the Snake","Ninja Scroll","Golden Idol","Cursed Key","PreservedInsect","FossilizedHelix","Strawberry","TheAbacus"],"acts_visited":["Exordium","TheCity"],"potions_floor_usage":[16,21,24,31,33,33],"damage_taken":[{"damage":2,"enemies":"Small Slimes","floor":1,"turns":4},{"damage":0,"enemies":"Cultist","floor":3,"turns":4},{"damage":3,"enemies":"2 Louse","floor":4,"turns":3},{"damage":40,"enemies":"Gremlin Gang","floor":5,"turns":6},{"damage":12,"enemies":"Large Slime","floor":10,"turns":6},{"damage":0,"enemies":"Looter","floor":12,"turns":1},{"damage":63,"enemies":"Slime Boss","floor":16,"turns":14},{"damage":1,"enemies":"3 Byrds","floor":18,"turns":5},{"damage":0,"enemies":"Chosen","floor":19,"turns":4},{"damage":18,"enemies":"Snake Plant","floor":20,"turns":5},{"damage":25,"enemies":"Shelled Parasite and Fungi","floor":21,"turns":5},{"damage":8,"enemies":"3 Cultists","floor":24,"turns":4},{"damage":29,"enemies":"Book of Stabbing","floor":28,"turns":5},{"damage":6,"enemies":"Snecko","floor":30,"turns":4},{"damage":5,"enemies":"Snake Plant","floor":31,"turns":4},{"damage":41,"enemies":"Champ","floor":33,"turns":9}],"seed_played":"-8019205423249809363","potions_obtained":[{"floor":3,"key":"DistilledChaos"},{"floor":5,"key":"Regen Potion"},{"floor":16,"key":"Weak Potion"},{"floor":18,"key":"DuplicationPotion"},{"floor":28,"key":"Swift Potion"},{"floor":30,"key":"FearPotion"}],"is_trial":false,"path_per_floor":["M","?","M","M","M","R","?","R","T","M","R","M","?","?","R","B",null,"M","M","M","M","?","R","M","R","T","?","E","$","M","M","R","B"],"character_chosen":"THE_SILENT","items_purchased":["Slice","Noxious Fumes","Strawberry","TheAbacus"],"campfire_rested":5,"item_purchase_floors":[29,29,29,29],"current_hp_per_floor":[68,68,68,65,25,46,46,46,46,34,55,55,55,55,70,7,70,69,69,51,26,26,47,48,48,48,48,19,26,20,15,38,0,0],"gold":118,"neow_bonus":"THREE_CARDS","is_daily":false,"chose_seed":false,"campfire_upgraded":2,"win_rate":0.0,"timestamp":1608628104,"path_taken":["M","?","M","?","M","R","?","R","T","M","R","?","?","?","R","BOSS","M","M","?","M","?","R","M","R","T","?","E","$","M","M","R","BOSS"],"items_purchased_type":["Card","Card","Relic","Relic"],"build_version":"2020-12-13","purchased_purges":0,"victory":false,"max_hp_per_floor":[70,70,70,70,70,70,70,70,70,70,70,70,70,70,70,70,70,70,70,70,70,70,70,70,70,70,70,70,77,77,77,77,77,77],"card_choices":[{"not_picked":["Prepared","Sucker Punch"],"picked":"Poisoned Stab","floor":0},{"not_picked":["PiercingWail","All Out Attack"],"picked":"Sucker Punch","floor":1},{"not_picked":["Underhanded Strike","Heel Hook"],"picked":"Poisoned Stab","floor":3},{"not_picked":["Flying Knee","Dodge and Roll"],"picked":"Bane","floor":4},{"not_picked":["Poisoned Stab","Distraction"],"picked":"Dagger Spray","floor":5},{"not_picked":["Tactician","Footwork"],"picked":"Prepared","floor":10},{"not_picked":["Dagger Throw","Deflect"],"picked":"Dash","floor":12},{"not_picked":["Wraith Form v2","Doppelganger"],"picked":"A Thousand Cuts","floor":16},{"not_picked":["Outmaneuver","Deflect"],"picked":"Noxious Fumes+1","floor":18},{"not_picked":["Sucker Punch","Slice"],"picked":"Dagger Spray+1","floor":19},{"not_picked":["Caltrops","Choke"],"picked":"Flying Knee","floor":20},{"not_picked":["Endless Agony","Flying Knee"],"picked":"Distraction+1","floor":21},{"not_picked":["Slice","Flying Knee"],"picked":"Choke","floor":24},{"not_picked":["Skewer","Leg Sweep"],"picked":"After Image","floor":28},{"not_picked":["Blade Dance","Escape Plan"],"picked":"Noxious Fumes","floor":30},{"not_picked":["Masterful Stab","Outmaneuver"],"picked":"Bane","floor":31}],"player_experience":52813,"relics_obtained":[{"floor":9,"key":"Ninja Scroll"},{"floor":26,"key":"PreservedInsect"},{"floor":28,"key":"FossilizedHelix"}],"event_choices":[{"damage_healed":0,"gold_gain":0,"player_choice":"Bought 0 Potions","damage_taken":0,"max_hp_gain":0,"max_hp_loss":0,"event_name":"The Woman in Blue","floor":2,"gold_loss":0},{"damage_healed":0,"gold_gain":0,"player_choice":"Forge","damage_taken":0,"max_hp_gain":0,"max_hp_loss":0,"event_name":"Accursed Blacksmith","floor":7,"gold_loss":0,"cards_upgraded":["Bane"]},{"damage_healed":0,"gold_gain":0,"player_choice":"Take Wound","damage_taken":0,"relics_obtained":["Golden Idol"],"max_hp_gain":0,"max_hp_loss":0,"event_name":"Golden Idol","floor":13,"gold_loss":0,"cards_obtained":["Injury"]},{"cards_removed":["Injury"],"damage_healed":0,"gold_gain":0,"player_choice":"Removed Curses","damage_taken":0,"max_hp_gain":0,"max_hp_loss":0,"event_name":"Fountain of Cleansing","floor":14,"gold_loss":0},{"damage_healed":0,"gold_gain":0,"player_choice":"Ignored","damage_taken":0,"max_hp_gain":0,"max_hp_loss":0,"event_name":"Vampires","floor":22,"gold_loss":0},{"damage_healed":0,"gold_gain":0,"player_choice":"Ignored","damage_taken":0,"max_hp_gain":0,"max_hp_loss":0,"event_name":"Ghosts","floor":27,"gold_loss":0}],"is_beta":false,"boss_relics":[{"not_picked":["Runic Dome","WristBlade"],"picked":"Cursed Key"}],"items_purged_floors":[],"is_endless":false,"potions_floor_spawned":[3,5,16,18,28,30],"killed_by":"Champ","ascension_level":0}}