{"host":"bznrw1tuv4hzt226","time":1608617691,"event":{"mods":["BaseMod","Colored Map","Friendly Minions","Highlight Path","Minty Spire (QoL Compilation)","Permanent Neow","Relic Stats","Slay-I","StSLib","SuperFastMode"],"gold_per_floor":[112,132,21,21,96,96,26,53,78,102,127,139,183,195,207,314,326,349,276,213,196,208,220,265,292,328,352,25,25,58,58,58],"floor_reached":31,"playtime":1848,"items_purged":["Regret","Strike_B"],"score":300,"play_id":"f3d04c6d-8813-494e-91f5-c8e5d7b09a22","local_time":"20201222151451","is_ascension_mode":true,"campfire_choices":[{"data":"Go for the Eyes","floor":6,"key":"SMITH"},{"data":"Steam","floor":12,"key":"SMITH"},{"data":"Self Repair","floor":15,"key":"SMITH"},{"data":"Dualcast","floor":23,"key":"SMITH"},{"data":"Capacitor","floor":29,"key":"SMITH"}],"circlet_count":0,"master_deck":["Defend_B","Defend_B","Defend_B","Defend_B","Zap","Dualcast+1","Glacier","Rip and Tear","Go for the Eyes+1","Undo","Capacitor+1","Self Repair+1","Steam Power","Steam+1","Ball Lightning","Coolheaded","Machine Learning","Coolheaded","Hologram","Darkness+1","Capacitor+1"],"relics":["Cracked Core","Meat on the Bone","MawBank","Blue Candle","Runic Dome","Centennial Puzzle","Akabeko","HornCleat","Red Mask"],"acts_visited":["Exordium","TheCity"],"potions_floor_usage":[21,24,30,31,31],"damage_taken":[{"damage":2,"enemies":"Cultist","floor":1,"turns":3},{"damage":4,"enemies":"2 Louse","floor":2,"turns":2},{"damage":35,"enemies":"Gremlin Nob","floor":8,"turns":5},{"damage":0,"enemies":"Small Slimes","floor":10,"turns":3},{"damage":0,"enemies":"Exordium Wildlife","floor":11,"turns":6},{"damage":0,"enemies":"Lagavulin","floor":13,"turns":9},{"damage":16,"enemies":"The Guardian","floor":16,"turns":14},{"damage":0,"enemies":"Chosen","floor":18,"turns":6},{"damage":18,"enemies":"2 Thieves","floor":21,"turns":5},{"damage":10,"enemies":"Book of Stabbing","floor":24,"turns":7},{"damage":43,"enemies":"3 Cultists","floor":25,"turns":8},{"damage":0,"enemies":"Shelled Parasite and Fungi","floor":27,"turns":9},{"damage":29,"enemies":"Masked Bandits","floor":30,"turns":9},{"damage":58,"enemies":"Gremlin Leader","floor":31,"turns":9}],"seed_played":"268110845187311021","potions_obtained":[{"floor":2,"key":"SkillPotion"},{"floor":8,"key":"Strength Potion"},{"floor":13,"key":"EssenceOfSteel"},{"floor":21,"key":"BlessingOfTheForge"},{"floor":25,"key":"LiquidMemories"},{"floor":30,"key":"Explosive Potion"}],"is_trial":false,"path_per_floor":["M","M","$","?","?","R","$","E","T","M","M","R","E","?","R","B",null,"M","?","?","M","$","R","E","M","T","M","$","R","?","E"],"character_chosen":"DEFECT","items_purchased":["Capacitor","Self Repair","HornCleat"],"campfire_rested":0,"item_purchase_floors":[3,7,28],"current_hp_per_floor":[73,69,69,69,58,58,58,30,30,49,56,56,63,68,68,62,80,80,80,80,72,72,72,72,51,51,61,61,61,54,0,0],"gold":58,"neow_bonus":"TRANSFORM_TWO_CARDS","is_daily":false,"chose_seed":false,"campfire_upgraded":5,"win_rate":0.0,"timestamp":1608617691,"path_taken":["M","?","$","?","?","R","?","E","T","?","M","R","E","?","R","BOSS","M","?","?","M","$","R","E","M","T","M","$","R","?","E"],"items_purchased_type":["Card","Card","Relic"],"build_version":"2020-12-13","purchased_purges":2,"victory":false,"max_hp_per_floor":[75,75,75,75,75,75,75,75,75,75,75,75,75,80,80,80,80,80,80,80,80,80,80,80,80,80,80,80,80,80,80,80],"relic_stats":{"Centennial Puzzle":[15],"counters":[14,95],"Blue Candle":[0],"MawBank":228,"obtain_stats":[{"Runic Dome":17,"Centennial Puzzle":19,"HornCleat":28,"Blue Candle":13,"Red Mask":30,"Cracked Core":0,"MawBank":9,"Akabeko":26,"Meat on the Bone":8},{"Runic Dome":7,"Centennial Puzzle":8,"HornCleat":12,"Blue Candle":6,"Red Mask":13,"Cracked Core":0,"MawBank":3,"Akabeko":11,"Meat on the Bone":3},{"Runic Dome":42,"Centennial Puzzle":48,"HornCleat":77,"Blue Candle":28,"Red Mask":86,"Cracked Core":0,"MawBank":10,"Akabeko":68,"Meat on the Bone":10}],"Meat on the Bone":36},"card_choices":[{"not_picked":["Auto Shields","Rebound"],"picked":"Go for the Eyes","floor":1},{"not_picked":["Tempest","Stack"],"picked":"Undo","floor":2},{"not_picked":["Darkness","Streamline"],"picked":"Steam Power","floor":8},{"not_picked":["Creative AI","Redo"],"picked":"Steam","floor":10},{"not_picked":["Go for the Eyes","Self Repair"],"picked":"Ball Lightning","floor":11},{"not_picked":["Aggregate","Sweeping Beam"],"picked":"Coolheaded","floor":13},{"not_picked":["Buffer","All For One"],"picked":"Machine Learning","floor":16},{"not_picked":["Redo+1","Steam"],"picked":"Coolheaded","floor":18},{"not_picked":["Go for the Eyes","Streamline","Scrape+1"],"picked":"SKIP","floor":21},{"not_picked":["Barrage","Cold Snap"],"picked":"Hologram","floor":24},{"not_picked":["Steam","Coolheaded","Reinforced Body"],"picked":"SKIP","floor":25},{"not_picked":["Chill","Coolheaded"],"picked":"Darkness+1","floor":27},{"not_picked":["Turbo+1","Storm"],"picked":"Capacitor+1","floor":30}],"player_experience":560131,"relics_obtained":[{"floor":8,"key":"Meat on the Bone"},{"floor":9,"key":"MawBank"},{"floor":13,"key":"Blue Candle"},{"floor":26,"key":"Akabeko"},{"floor":30,"key":"Red Mask"}],"event_choices":[{"damage_healed":0,"gold_gain":0,"player_choice":"Ignored","damage_taken":0,"max_hp_gain":0,"max_hp_loss":0,"event_name":"Liars Game","floor":4,"gold_loss":0},{"damage_healed":0,"gold_gain":75,"player_choice":"Gather Gold","damage_taken":11,"max_hp_gain":0,"max_hp_loss":0,"event_name":"World of Goop","floor":5,"gold_loss":0},{"damage_healed":0,"gold_gain":0,"player_choice":"Donut","damage_taken":0,"max_hp_gain":5,"max_hp_loss":0,"event_name":"Big Fish","floor":14,"gold_loss":0},{"damage_healed":0,"gold_gain":0,"player_choice":"Obtained Relic","damage_taken":0,"relics_obtained":["Centennial Puzzle"],"max_hp_gain":0,"max_hp_loss":0,"event_name":"Addict","floor":19,"gold_loss":85},{"cards_removed":["Strike_B"],"damage_healed":0,"gold_gain":0,"player_choice":"Gave Gold","damage_taken":0,"max_hp_gain":0,"max_hp_loss":0,"event_name":"Beggar","floor":20,"gold_loss":75},{"damage_healed":0,"gold_gain":0,"player_choice":"Fought Bandits","damage_taken":0,"max_hp_gain":0,"max_hp_loss":0,"event_name":"Masked Bandits","floor":30,"gold_loss":0}],"is_beta":false,"boss_relics":[{"not_picked":["Inserter","Empty Cage"],"picked":"Runic Dome"}],"items_purged_floors":[3,28],"is_endless":false,"potions_floor_spawned":[2,8,13,21,25,30],"killed_by":"Gremlin Leader","ascension_level":1}}