{"host":"3jjxuhjpio8e4zkv","time":1608600093,"event":{"mods":["BaseMod","Colored Map","Minty Spire (QoL Compilation)","Permanent Neow","Relic Stats","StSLib"],"gold_per_floor":[114,124,124,192,202,202,202,202,250,265,265,33,33,59,59,59,59],"floor_reached":16,"playtime":270,"items_purged":["Strike_B"],"score":196,"play_id":"bc4681bd-a0d8-47f4-b202-4d51d58cfb26","local_time":"20201221202133","is_ascension_mode":true,"campfire_choices":[{"floor":6,"key":"DIG"},{"data":"Sunder","floor":11,"key":"SMITH"},{"floor":13,"key":"DIG"},{"floor":15,"key":"DIG"}],"circlet_count":0,"master_deck":["AscendersBane","Strike_B","Strike_B","Strike_B","Defend_B+1","Defend_B","Defend_B","Defend_B","Zap+1","Dualcast+1","Defragment+1","Hello World","Sunder+1","Turbo","Undo"],"relics":["Cracked Core","Shovel","Eternal Feather","Bottled Flame","Mercury Hourglass","War Paint","Bag of Preparation","Oddly Smooth Stone","Vajra","White Beast Statue"],"acts_visited":["Exordium"],"potions_floor_usage":[],"damage_taken":[{"damage":7,"enemies":"Small Slimes","floor":1,"turns":4},{"damage":4,"enemies":"Jaw Worm","floor":2,"turns":4},{"damage":6,"enemies":"Cultist","floor":5,"turns":4},{"damage":0,"enemies":"2 Fungi Beasts","floor":10,"turns":2},{"damage":2,"enemies":"Gremlin Nob","floor":14,"turns":3},{"damage":49,"enemies":"Slime Boss","floor":16,"turns":6}],"seed_played":"8537562233101164918","potions_obtained":[{"floor":10,"key":"FearPotion"}],"is_trial":false,"path_per_floor":["M","M","?","T","M","R","?","?","T","M","R","$","R","E","R","B"],"character_chosen":"DEFECT","items_purchased":["Bag of Preparation"],"campfire_rested":0,"item_purchase_floors":[12],"current_hp_per_floor":[57,53,34,34,28,34,23,23,23,23,32,32,38,36,45,0,0],"gold":59,"neow_bonus":"ONE_RARE_RELIC","is_daily":false,"chose_seed":false,"campfire_upgraded":1,"win_rate":0.0,"timestamp":1608600093,"path_taken":["M","M","?","?","M","R","?","?","T","M","R","$","R","E","R","BOSS"],"items_purchased_type":["Relic"],"build_version":"2020-12-13","purchased_purges":1,"victory":false,"max_hp_per_floor":[64,64,64,64,64,64,64,64,64,64,64,64,64,64,64,64,64],"relic_stats":{"Shovel":3,"counters":[6,23],"Eternal Feather":30,"Bag of Preparation":[4],"War Paint":["Dualcast","Zap"],"obtain_stats":[{"Bottled Flame":6,"Shovel":0,"Oddly Smooth Stone":13,"Vajra":14,"Eternal Feather":4,"Bag of Preparation":12,"War Paint":9,"Cracked Core":0,"White Beast Statue":15,"Mercury Hourglass":7},{"Bottled Flame":3,"Shovel":0,"Oddly Smooth Stone":4,"Vajra":5,"Eternal Feather":2,"Bag of Preparation":4,"War Paint":3,"Cracked Core":0,"White Beast Statue":5,"Mercury Hourglass":3},{"Bottled Flame":12,"Shovel":0,"Oddly Smooth Stone":14,"Vajra":17,"Eternal Feather":8,"Bag of Preparation":14,"War Paint":12,"Cracked Core":0,"White Beast Statue":17,"Mercury Hourglass":12}],"Mercury Hourglass":[45]},"card_choices":[{"not_picked":["Hologram","Streamline"],"picked":"Defragment","floor":1},{"not_picked":["Gash","Sunder"],"picked":"Hello World","floor":2},{"not_picked":["Rebound","Leap"],"picked":"Sunder","floor":5},{"not_picked":["Sweeping Beam","Go for the Eyes"],"picked":"Turbo","floor":10},{"not_picked":["Steam","Melter"],"picked":"Undo","floor":14}],"player_experience":1089543,"relics_obtained":[{"floor":4,"key":"Eternal Feather"},{"floor":6,"key":"Bottled Flame"},{"floor":9,"key":"War Paint"},{"floor":13,"key":"Oddly Smooth Stone"},{"floor":14,"key":"Vajra"},{"floor":15,"key":"White Beast Statue"}],"event_choices":[{"damage_healed":0,"gold_gain":0,"player_choice":"Entered Light","damage_taken":19,"max_hp_gain":0,"max_hp_loss":0,"event_name":"Shining Light","floor":3,"gold_loss":0,"cards_upgraded":["Defragment","Defend_B"]},{"damage_healed":0,"gold_gain":0,"player_choice":"Success","damage_taken":11,"relics_obtained":["Mercury Hourglass"],"max_hp_gain":0,"max_hp_loss":0,"event_name":"Scrap Ooze","floor":7,"gold_loss":0},{"damage_healed":0,"gold_gain":0,"player_choice":"Ignored","damage_taken":0,"max_hp_gain":0,"max_hp_loss":0,"event_name":"WeMeetAgain","floor":8,"gold_loss":0}],"is_beta":false,"boss_relics":[],"items_purged_floors":[12],"is_endless":false,"potions_floor_spawned":[10],"killed_by":"Slime Boss","ascension_level":20}}