{"host":"q6rs3in4l29iepap","time":1608597443,"event":{"mods":["Aspiration","BaseMod","Colored Map","Downfall","Hermit","Hubris","Infinite Spire","Jorbs\u0027s Wanderer Trilogy","Minty Spire (QoL Compilation)","Replay The Spire","Shade Mod","StSLib","The Bug Knight","The Construct","The Cursed","The Disciple","The Hierophant","The Mystic","The Runesmith"],"gold_per_floor":[111,78,92,103,103,136,136,136,188,200,218,238,57,76,76,178,178,197,197,237,237,237,237,237,237],"floor_reached":24,"playtime":3122,"items_purged":[],"score":196,"play_id":"08974089-5fd6-4f12-85ed-f34f1cdddeaf","local_time":"20201221163723","is_ascension_mode":false,"campfire_choices":[{"floor":7,"key":"REST"},{"floor":15,"key":"RECALL"},{"floor":23,"key":"REST"}],"circlet_count":0,"master_deck":["mysticmod:Strike_Mystic","mysticmod:Strike_Mystic","mysticmod:Strike_Mystic","mysticmod:Strike_Mystic","mysticmod:Defend_Mystic","mysticmod:Defend_Mystic","mysticmod:Defend_Mystic","mysticmod:Defend_Mystic","mysticmod:ArcaneDodge","mysticmod:ShockingGrasp","mysticmod:StyleChange","mysticmod:Alacrity+1","mysticmod:RapidCaster+1","mysticmod:Fly","mysticmod:ComponentsPouch","mysticmod:Riposte","mysticmod:ArcaneAccuracy","mysticmod:Grapple","mysticmod:Disengage","mysticmod:Snowball","Chrysalis","expansioncontent:Collect","Chrysalis","mysticmod:SpellRecall","mysticmod:Discipline","mysticmod:StyleChange","mysticmod:Riposte+1"],"relics":["mysticmod:SpellBook","NeowsBlessing","Happy Flower","ReplayTheSpireMod:ShopPack","Honey Jar","hubris:Icosahedron","hubris:Towel"],"acts_visited":["Exordium","TheCity"],"potions_floor_usage":[10,16,16,24],"damage_taken":[{"damage":0,"enemies":"Jaw Worm","floor":1,"turns":1},{"damage":0,"enemies":"2 Louse","floor":3,"turns":1},{"damage":0,"enemies":"infinitespire:Voidling","floor":4,"turns":1},{"damage":14,"enemies":"Replay:BlueRogue","floor":6,"turns":9},{"damage":0,"enemies":"2 Fungi Beasts","floor":10,"turns":5},{"damage":6,"enemies":"Looter","floor":11,"turns":4},{"damage":6,"enemies":"Large Slime","floor":12,"turns":8},{"damage":7,"enemies":"Blue Slaver","floor":14,"turns":5},{"damage":7,"enemies":"The Guardian","floor":16,"turns":19},{"damage":22,"enemies":"Spheric Guardian","floor":18,"turns":8},{"damage":26,"enemies":"2 Thieves","floor":20,"turns":4},{"damage":21,"enemies":"Gremlin Leader","floor":24,"turns":5}],"seed_played":"-6603336677391425442","potions_obtained":[{"floor":1,"key":"SkillPotion"},{"floor":4,"key":"Weak Potion"},{"floor":6,"key":"AttackPotion"},{"floor":16,"key":"DuplicationPotion"},{"floor":18,"key":"Cursed Concoction"}],"is_trial":false,"path_per_floor":["M","$","M","M","?","E","R","?","T","M","M","M","$","M","R_BF","B",null,"M","?","M","?","?","R","E"],"character_chosen":"MYSTIC_CLASS","items_purchased":["mysticmod:Alacrity+1","ReplayTheSpireMod:ShopPack","mysticmod:Snowball"],"campfire_rested":2,"item_purchase_floors":[2,13,13],"current_hp_per_floor":[77,77,77,77,77,63,77,77,77,77,71,65,65,58,58,51,77,55,55,29,15,15,39,18,18],"gold":237,"neow_bonus":"THREE_ENEMY_KILL","is_daily":false,"chose_seed":false,"campfire_upgraded":0,"win_rate":0.0,"timestamp":1608597443,"path_taken":["M","$","M","M","?","E","R","?","T","?","M","M","$","M","R_BF","BOSS","M","?","M","?","?","R","E"],"items_purchased_type":["Card","Relic","Card"],"build_version":"2020-12-13","purchased_purges":0,"victory":false,"max_hp_per_floor":[77,77,77,77,77,77,77,77,77,77,77,77,77,77,77,77,77,77,77,77,82,82,82,82,82],"card_choices":[{"not_picked":["mysticmod:SuddenClarity","mysticmod:EbbAndFlow"],"picked":"mysticmod:StyleChange","floor":1},{"not_picked":["mysticmod:HeavyStrike","mysticmod:Snowball"],"picked":"mysticmod:RapidCaster","floor":3},{"not_picked":["mysticmod:SuddenClarity","mysticmod:Disengage"],"picked":"mysticmod:Fly","floor":4},{"not_picked":["mysticmod:IllusionOfCalm","mysticmod:MirrorStrike"],"picked":"mysticmod:Riposte","floor":6},{"not_picked":["mysticmod:Sideswipe","mysticmod:CorrosiveTouch"],"picked":"mysticmod:ArcaneAccuracy","floor":10},{"not_picked":["mysticmod:BladedDash","mysticmod:Stoneskin"],"picked":"mysticmod:Grapple","floor":11},{"not_picked":["mysticmod:EarthenWall","mysticmod:AllIn"],"picked":"mysticmod:Disengage","floor":12},{"not_picked":["Violence","Master of Strategy"],"picked":"Chrysalis","floor":13},{"not_picked":["Finesse","Replay:SS_forest_2"],"picked":"expansioncontent:Collect","floor":13},{"not_picked":["expansioncontent:Torchfire","expansioncontent:GoopSpray"],"picked":"Chrysalis","floor":13},{"not_picked":["mysticmod:ComponentsPouch","mysticmod:Fireball"],"picked":"mysticmod:SpellRecall","floor":14},{"not_picked":["mysticmod:Spellstrike","mysticmod:Lunge"],"picked":"mysticmod:Discipline","floor":16},{"not_picked":["mysticmod:Snowball","mysticmod:Dedication","mysticmod:BulkUp"],"picked":"mysticmod:StyleChange","floor":18},{"not_picked":["mysticmod:Fireball","mysticmod:VorpalThrust+1","mysticmod:PureInstinct"],"picked":"mysticmod:Riposte+1","floor":20}],"player_experience":75843,"relics_obtained":[{"floor":6,"key":"Happy Flower"}],"event_choices":[{"damage_healed":0,"gold_gain":0,"player_choice":"Upgraded","damage_taken":0,"max_hp_gain":0,"max_hp_loss":0,"event_name":"Upgrade Shrine","floor":8,"gold_loss":0,"cards_upgraded":["mysticmod:RapidCaster"]},{"damage_healed":0,"gold_gain":0,"player_choice":"Shed Blood","damage_taken":19,"max_hp_gain":5,"max_hp_loss":0,"event_name":"Forgotten Altar","floor":21,"gold_loss":0}],"is_beta":false,"boss_relics":[{"not_picked":["Painkiller Herb","Coffee Dripper"],"picked":"Honey Jar"}],"items_purged_floors":[],"is_endless":false,"potions_floor_spawned":[1,4,6,16,18],"killed_by":"Gremlin Leader","ascension_level":0}}