{"host":"zhypnm5xlgq8j242","time":1608640258,"event":{"mods":["AchievementEnabler","BaseMod","BetterRewards","Colored Powertips","Hermit","Keyboard Shortcuts","Minty Spire (QoL Compilation)","Quick Restart","Replay The Spire","Shop Mod","StSLib","The Cursed","The Hierophant","The Runesmith"],"gold_per_floor":[115,115,127,127,77,105,116,116,143,182,182,212,232,243,243,342,342,355,222,222,235,150,180,180,105,105,105,105,105],"floor_reached":28,"playtime":739,"items_purged":["ReplayTheSpireMod:Splinters"],"score":405,"play_id":"5b0aca7b-05e8-4fe8-9532-c9ad0279be80","local_time":"20201222213058","is_ascension_mode":true,"campfire_choices":[{"data":"Bane","floor":8,"key":"SMITH"},{"data":"Replay:Poison Smokescreen","floor":15,"key":"SMITH"},{"floor":24,"key":"REST"}],"circlet_count":0,"master_deck":["Strike_G","Strike_G","Defend_G","Defend_G","Defend_G","Defend_G","Defend_G","Survivor","Neutralize","Bouncing Flask+1","Bane+1","Replay:Poison Smokescreen+1","Bane","Terror","ReplayTheSpireMod:Speed Training","Poison Darts","CurseOfTheBell","Acrobatics","Adrenaline","ReplayTheSpireMod:Necrosis","Bane"],"relics":["Ring of the Snake","NeowsBlessing","Smiling Mask","Pen Nib","Replay:Kaleidoscope","Anchor","Calling Bell","Potion Belt","Shuriken","Replay:Arrowhead","Replay:Wax Seal","Onion Ring","Nunchaku","Singing Bowl"],"acts_visited":["Exordium","TheCity"],"potions_floor_usage":[13,16,18,23,23,27],"damage_taken":[{"damage":0,"enemies":"2 Louse","floor":1,"turns":1},{"damage":0,"enemies":"Cultist","floor":3,"turns":1},{"damage":0,"enemies":"Lagavulin","floor":6,"turns":1},{"damage":6,"enemies":"Small Slimes","floor":7,"turns":3},{"damage":1,"enemies":"Gremlin Nob","floor":12,"turns":3},{"damage":2,"enemies":"Looter","floor":13,"turns":3},{"damage":1,"enemies":"Blue Slaver","floor":14,"turns":3},{"damage":23,"enemies":"Slime Boss","floor":16,"turns":10},{"damage":2,"enemies":"Chosen","floor":18,"turns":5},{"damage":0,"enemies":"Spheric Guardian","floor":21,"turns":2},{"damage":54,"enemies":"Book of Stabbing","floor":23,"turns":7},{"damage":0,"enemies":"Slavers","floor":27,"turns":1},{"damage":5,"enemies":"3 Cultists","floor":28,"turns":3}],"seed_played":"-553105666879636455","potions_obtained":[{"floor":1,"key":"Elixir"},{"floor":6,"key":"Energy Potion"},{"floor":10,"key":"Weak Potion"},{"floor":10,"key":"LifebloodPotion"},{"floor":13,"key":"PowerPotion"},{"floor":16,"key":"Dexterity Potion"},{"floor":21,"key":"PowerPotion"},{"floor":23,"key":"SmokeBomb"}],"is_trial":false,"path_per_floor":["M","?","M","?","?","E","M","R","T","?","?","E","M","M","R","B",null,"M","$","?","M","?","E","R","?","T","E","M"],"character_chosen":"THE_SILENT","items_purchased":["Replay:Wax Seal"],"campfire_rested":1,"item_purchase_floors":[19],"current_hp_per_floor":[63,63,63,63,63,63,57,57,57,57,45,44,42,41,41,18,57,55,55,55,55,55,1,22,22,22,22,17,17],"gold":105,"neow_bonus":"THREE_ENEMY_KILL","is_daily":false,"chose_seed":false,"campfire_upgraded":2,"win_rate":0.0,"timestamp":1608640258,"path_taken":["M","?","?","?","?","E","M","R","T","?","?","E","?","M","R","BOSS","M","$","?","M","?","E","R","?","T","E","M"],"items_purchased_type":["Relic"],"build_version":"2020-12-13","purchased_purges":1,"victory":false,"max_hp_per_floor":[70,70,70,70,70,70,70,70,70,70,70,70,70,70,70,70,70,70,70,70,70,70,70,70,70,70,70,70,70],"card_choices":[{"not_picked":["Caltrops","Draining Mist"],"picked":"Bouncing Flask","floor":1},{"not_picked":["Skewer","Blur"],"picked":"Bane","floor":3},{"not_picked":["Expertise","Flying Knee"],"picked":"Replay:Poison Smokescreen","floor":6},{"not_picked":["Underhanded Strike","Sucker Punch","Predator"],"picked":"SKIP","floor":7},{"not_picked":["ReplayTheSpireMod:Tripwire","Hidden Blade"],"picked":"Bane","floor":10},{"not_picked":["Outmaneuver","Wraith Form v2"],"picked":"Terror","floor":12},{"not_picked":["Blade Dance","ReplayTheSpireMod:Shiv Toss"],"picked":"ReplayTheSpireMod:Speed Training","floor":13},{"not_picked":["Quick Slash","Cloak And Dagger","Hidden Blade"],"picked":"SKIP","floor":14},{"not_picked":["Bullet Time","Replay:Bag of Tricks"],"picked":"Poison Darts","floor":16},{"not_picked":["Dagger Throw","Blade Dance"],"picked":"Acrobatics","floor":18},{"not_picked":["ReplayTheSpireMod:Scrap Shanks","Blade Dance+1"],"picked":"ReplayTheSpireMod:Necrosis","floor":21},{"not_picked":["Dagger Spray","Calculated Gamble"],"picked":"Bane","floor":23}],"player_experience":599330,"relics_obtained":[{"floor":6,"key":"Smiling Mask"},{"floor":9,"key":"Pen Nib"},{"floor":12,"key":"Anchor"},{"floor":17,"key":"Potion Belt"},{"floor":17,"key":"Shuriken"},{"floor":17,"key":"Replay:Arrowhead"},{"floor":23,"key":"Nunchaku"},{"floor":26,"key":"Singing Bowl"}],"event_choices":[{"damage_healed":0,"gold_gain":0,"player_choice":"Upgraded","damage_taken":0,"max_hp_gain":0,"max_hp_loss":0,"event_name":"Upgrade Shrine","floor":2,"gold_loss":0,"cards_upgraded":["Bouncing Flask"]},{"cards_removed":["Strike_G"],"damage_healed":0,"gold_gain":0,"player_choice":"Card Removal","damage_taken":0,"max_hp_gain":0,"max_hp_loss":0,"event_name":"The Cleric","floor":5,"gold_loss":50},{"damage_healed":0,"gold_gain":0,"player_choice":"Success","damage_taken":12,"relics_obtained":["Replay:Kaleidoscope"],"max_hp_gain":0,"max_hp_loss":0,"event_name":"Scrap Ooze","floor":11,"gold_loss":0},{"damage_healed":0,"gold_gain":0,"player_choice":"Read","damage_taken":0,"max_hp_gain":0,"max_hp_loss":0,"event_name":"The Library","floor":20,"gold_loss":0,"cards_obtained":["Adrenaline"]},{"damage_healed":0,"gold_gain":0,"player_choice":"Obtained Relic","damage_taken":0,"relics_obtained":["Onion Ring"],"max_hp_gain":0,"max_hp_loss":0,"event_name":"Addict","floor":22,"gold_loss":85},{"cards_removed":["Strike_G"],"damage_healed":0,"gold_gain":0,"player_choice":"Gave Gold","damage_taken":0,"max_hp_gain":0,"max_hp_loss":0,"event_name":"Beggar","floor":25,"gold_loss":75}],"is_beta":false,"boss_relics":[{"not_picked":["Ring of the Serpent","Astrolabe"],"picked":"Calling Bell"}],"items_purged_floors":[19],"is_endless":false,"potions_floor_spawned":[1,6,13,16,21,23],"killed_by":"3 Cultists","ascension_level":8}}