{"host":"hjw1ay65n7jm40lc","time":1608648498,"event":{"mods":["AchievementEnabler","BaseMod","Block Reminder","Colored Map","Colored Powertips","Downfall","Googly Eyes","Highlight Path","Minty Spire (QoL Compilation)","Quick Restart","Relic Stats","StSLib"],"gold_per_floor":[99,110,410,410,420,420,420,345,5,19,53,67,67,99,111,206,206,206,224,37,137,237,142,142,387,420,345,356,382,382,382,398,496,496,496,510,510,524,326,354,378,378,423,348,367,367,80,108,128,128,128,128],"floor_reached":50,"playtime":4737,"items_purged":["Slimebound:Icky","Slimebound:Icky","Decay","Pain"],"score":722,"play_id":"2d9ee446-49c0-4448-81ed-dc237f7fd5f1","local_time":"20201222094818","is_ascension_mode":true,"campfire_choices":[{"data":"champ:Taunt","floor":1.0,"key":"SMITH"},{"data":"champ:ArenaPreparation","floor":8.0,"key":"SMITH"},{"data":"champ:VampiricStrike","floor":13.0,"key":"SMITH"},{"floor":18.0,"key":"RECALL"},{"data":"champ:DancingMaster","floor":27.0,"key":"SMITH"},{"floor":35,"key":"DIG"},{"floor":44,"key":"DIG"}],"circlet_count":0,"master_deck":["champ:Strike","champ:Strike","champ:Strike","champ:Strike","champ:Defend","champ:Defend+1","champ:Defend","champ:Execute","champ:Taunt+1","champ:ArenaPreparation+1","champ:FlashCut","champ:GutPunch","champ:AdrenalArmor","champ:Haymaker","champ:VampiricStrike+1","champ:CrookedStrike","champ:DeathBlow","champ:Improvising","champ:FocusedDefense","champ:Lariat","champ:HoldFirm","champ:Balance","champ:AdrenalArmor","champ:Taunt","expansioncontent:DonusPower","champ:BerserkerStyle+1","champ:DancingMaster+1","champ:CrownThrow","champ:PerfectedStrike+1","RitualDagger+1","champ:BladeFlurry+1","champ:ShieldThrow","CurseOfTheBell","champ:VampiricStrike","Shame","champ:CrownThrow","champ:GladiatorStyle","champ:LastStand","champ:ArenaPreparation+1"],"relics":["Sozu","downfall:HeartBlessingBlue","PreservedInsect","Strawberry","Juzu Bracelet","Cursed Key","Potion Belt","downfall:GremlinSack","The Courier","StrikeDummy","downfall:HeartBlessingRed","champ:GladiatorsBookOfMartialProwess","Calling Bell","champ:FightingForDummies","Question Card","Shovel","Calipers","Shuriken","StoneCalendar","Bag of Preparation","Meat on the Bone","Prayer Wheel","downfall:HeartBlessingGreen","White Beast Statue","MealTicket"],"acts_visited":["Exordium","TheCity","TheBeyond"],"potions_floor_usage":[],"damage_taken":[{"damage":6.0,"enemies":"2 Louse","floor":2.0,"turns":3.0},{"damage":10.0,"enemies":"Small Slimes","floor":5.0,"turns":3.0},{"damage":0.0,"enemies":"Cultist","floor":6.0,"turns":1.0},{"damage":22.0,"enemies":"downfall:FleeingMerchant","floor":9.0,"turns":4.0},{"damage":16.0,"enemies":"Lots of Slimes","floor":10.0,"turns":3.0},{"damage":18.0,"enemies":"Gremlin Nob","floor":11.0,"turns":3.0},{"damage":22.0,"enemies":"Gremlin Gang","floor":12.0,"turns":4.0},{"damage":29.0,"enemies":"Lagavulin","floor":14.0,"turns":5.0},{"damage":32.0,"enemies":"Exordium Thugs","floor":15.0,"turns":3.0},{"damage":82.0,"enemies":"downfall:Watcher","floor":16.0,"turns":6.0},{"damage":32.0,"enemies":"Spheric Guardian","floor":19.0,"turns":3.0},{"damage":33.0,"enemies":"downfall:FleeingMerchant","floor":20.0,"turns":4.0},{"damage":34.0,"enemies":"downfall:LadyInBlue","floor":21.0,"turns":3.0},{"damage":21.0,"enemies":"downfall:LadyInBlue","floor":22.0,"turns":3.0},{"damage":50.0,"enemies":"downfall:FleeingMerchant","floor":23.0,"turns":4.0},{"damage":20.0,"enemies":"downfall:FleeingMerchant","floor":25.0,"turns":4.0},{"damage":87.0,"enemies":"Gremlin Leader","floor":26.0,"turns":4.0},{"damage":42,"enemies":"Snake Plant","floor":28,"turns":2},{"damage":39,"enemies":"Book of Stabbing","floor":29,"turns":4},{"damage":27,"enemies":"3 Cultists","floor":32,"turns":5},{"damage":86,"enemies":"downfall:Ironclad","floor":33,"turns":6},{"damage":53,"enemies":"3 Darklings","floor":36,"turns":5},{"damage":14,"enemies":"3 Shapes","floor":38,"turns":4},{"damage":61,"enemies":"Reptomancer","floor":40,"turns":4},{"damage":86,"enemies":"2 Orb Walkers","floor":43,"turns":5},{"damage":43,"enemies":"Transient","floor":45,"turns":5},{"damage":9,"enemies":"Nemesis","floor":48,"turns":3},{"damage":69,"enemies":"3 Darklings","floor":49,"turns":4},{"damage":107,"enemies":"downfall:Silent","floor":50,"turns":4}],"seed_played":"8215769564528304258","potions_obtained":[],"is_trial":false,"path_per_floor":["R","M","?","?","M","M","T","R","$","M","E","M","R","E","M","B",null,"R","M","$","?","?","$","T","$","E","R","M","E","?","?","M","B",null,"R","M","?","M","$","E","T","?","?","R","M","?","$","E","M","B"],"character_chosen":"THE_CHAMP","items_purchased":["PreservedInsect","champ:Balance","champ:AdrenalArmor","champ:FocusedDefense","champ:DancingMaster","Shuriken","champ:GladiatorStyle","champ:LastStand"],"campfire_rested":0,"item_purchase_floors":[9,9,9,20,23,39,47,47],"current_hp_per_floor":[90,89,89,89,89,89,89,99,99,99,100,97,97,107,102,70,107,107,107,107,92,107,107,107,103,101,101,86,81,73,73,95,64,107,107,84,107,98,98,77,77,77,59,59,87,87,87,78,107,0,0,0],"gold":128,"neow_bonus":"BOSS_RELIC","is_daily":false,"chose_seed":false,"campfire_upgraded":4,"win_rate":0.0,"timestamp":1608648498,"path_taken":["R","M","?","?","M","M","T","R","$","M","E","M","R","E","M","BOSS","R","M","$","?","?","$","T","?","E","R","M","E","?","?","M","BOSS","R","M","?","M","$","E","T","?","?","R","M","?","$","E","M","BOSS"],"items_purchased_type":["Relic","Card","Card","Card","Card","Relic","Card","Card"],"build_version":"2020-12-13","purchased_purges":4,"victory":false,"max_hp_per_floor":[90,90,90,90,90,90,90,100,100,100,107,107,107,107,107,107,107,107,107,107,107,107,107,107,107,107,107,107,107,107,107,107,107,107,107,107,107,107,107,107,107,107,107,107,107,107,107,107,107,107,107,107],"relic_stats":{"counters":[29,111],"StoneCalendar":[0],"PreservedInsect":374,"Juzu Bracelet":3,"Bag of Preparation":[10],"Cursed Key":3,"Question Card":9,"Sozu":17,"Shovel":2,"Shuriken":[5],"Prayer Wheel":2,"MealTicket":0,"obtain_stats":[{"Calipers":35,"champ:ChampionCrown":0,"StoneCalendar":40,"downfall:HeartBlessingGreen":44,"Juzu Bracelet":14,"Bag of Preparation":41,"Cursed Key":17,"Sozu":0,"downfall:BrokenWingStatue":4,"Shovel":34,"downfall:HeartBlessingBlue":8,"Strawberry":11,"Prayer Wheel":43,"MealTicket":48,"champ:FightingForDummies":34,"Potion Belt":21,"downfall:HeartBlessingRed":27,"PreservedInsect":9,"The Courier":24,"Question Card":34,"White Beast Statue":44,"champ:GladiatorsBookOfMartialProwess":29,"Calling Bell":34,"downfall:GremlinSack":22,"Shuriken":39,"StrikeDummy":26,"Meat on the Bone":42},{"Calipers":21,"champ:ChampionCrown":0,"StoneCalendar":24,"downfall:HeartBlessingGreen":25,"Juzu Bracelet":8,"Bag of Preparation":24,"Cursed Key":10,"Sozu":0,"downfall:BrokenWingStatue":1,"Shovel":21,"downfall:HeartBlessingBlue":3,"Strawberry":6,"Prayer Wheel":25,"MealTicket":27,"champ:FightingForDummies":21,"Potion Belt":13,"downfall:HeartBlessingRed":17,"PreservedInsect":4,"The Courier":15,"Question Card":21,"White Beast Statue":25,"champ:GladiatorsBookOfMartialProwess":19,"Calling Bell":21,"downfall:GremlinSack":14,"Shuriken":23,"StrikeDummy":17,"Meat on the Bone":24},{"Calipers":77,"champ:ChampionCrown":0,"StoneCalendar":90,"downfall:HeartBlessingGreen":95,"Juzu Bracelet":26,"Bag of Preparation":90,"Cursed Key":35,"Sozu":0,"downfall:BrokenWingStatue":3,"Shovel":77,"downfall:HeartBlessingBlue":7,"Strawberry":17,"Prayer Wheel":95,"MealTicket":103,"champ:FightingForDummies":77,"Potion Belt":45,"downfall:HeartBlessingRed":60,"PreservedInsect":11,"The Courier":52,"Question Card":77,"White Beast Statue":95,"champ:GladiatorsBookOfMartialProwess":66,"Calling Bell":77,"downfall:GremlinSack":48,"Shuriken":86,"StrikeDummy":60,"Meat on the Bone":90}],"Meat on the Bone":24},"card_choices":[{"not_picked":["champ:FanOfKnives","champ:Balance"],"picked":"champ:ArenaPreparation","floor":2.0},{"not_picked":["champ:Backstep","champ:FocusedBerserking"],"picked":"champ:FlashCut","floor":5.0},{"not_picked":["champ:Circumvent","champ:GladiatorsShout"],"picked":"champ:GutPunch","floor":6.0},{"not_picked":["champ:Circumvent","champ:GladiatorsShout","champ:FightOn"],"picked":"SKIP","floor":9.0},{"not_picked":["champ:AdrenalArmor","champ:Circumvent","champ:DefensiveShout"],"picked":"SKIP","floor":10.0},{"not_picked":["champ:PreciseThrust","champ:Balance"],"picked":"champ:Haymaker","floor":11.0},{"not_picked":["champ:GutPunch","champ:GladiatorsShout"],"picked":"champ:VampiricStrike","floor":12.0},{"not_picked":["champ:Backstep","champ:FlashCut"],"picked":"champ:CrookedStrike","floor":14.0},{"not_picked":["champ:PerfectedStrike","champ:HeartStrike"],"picked":"champ:DeathBlow","floor":15.0},{"not_picked":["champ:ShieldSlam","champ:StrikeOfGenius"],"picked":"champ:Improvising","floor":16.0},{"not_picked":["champ:BerserkersShout","champ:AdrenalArmor","champ:DefensiveShout"],"picked":"SKIP","floor":19.0},{"not_picked":["champ:ViciousMockery+1","champ:BringItOn","champ:GladiatorsShout"],"picked":"SKIP","floor":20.0},{"not_picked":["champ:Backstep","champ:BringItOn"],"picked":"champ:Lariat","floor":21.0},{"not_picked":["champ:StanceDance+1","champ:Duel"],"picked":"champ:BerserkerStyle+1","floor":22.0},{"not_picked":["champ:PerfectedStrike+1","champ:FlashCut+1","champ:BladeFlurry"],"picked":"SKIP","floor":23.0},{"not_picked":["champ:SkillfulDodge+1","champ:FocusedBerserking","champ:CrookedStrike"],"picked":"SKIP","floor":25.0},{"not_picked":["champ:SkillfulDodge+1","champ:GladiatorsShout+1"],"picked":"champ:CrownThrow","floor":26.0},{"not_picked":["champ:FightOn","champ:DeathBlow","champ:EnGarde"],"picked":"SKIP","floor":28},{"not_picked":["champ:CrookedStrike","champ:GladiatorsShout"],"picked":"champ:PerfectedStrike+1","floor":29},{"not_picked":["champ:DefensiveShout","champ:Lariat"],"picked":"champ:BladeFlurry+1","floor":32},{"not_picked":["champ:StrikeOfGenius","champ:Devastate"],"picked":"champ:ShieldThrow","floor":33},{"not_picked":["champ:BringItOn+1","champ:PerfectedStrike+1","champ:EnGarde+1","champ:Backstep"],"picked":"SKIP","floor":36},{"not_picked":["champ:Backstep+1","champ:Encircle","champ:RapidStrikes","champ:Balance+1"],"picked":"SKIP","floor":38},{"not_picked":["champ:ArenaPreparation","champ:Encircle+1","champ:Shatter"],"picked":"champ:VampiricStrike","floor":40},{"not_picked":["champ:Backstep+1","champ:AdrenalArmor+1","champ:Control","champ:BringItOn"],"picked":"SKIP","floor":45},{"not_picked":["champ:PerfectedStrike+1","champ:BladeFlurry","champ:RapidStrikes","champ:Backstep"],"picked":"SKIP","floor":45},{"not_picked":["champ:TornadoPunch+1","champ:GladiatorStyle","champ:FanOfKnives+1"],"picked":"champ:ArenaPreparation+1","floor":48},{"not_picked":["champ:FaceSlap+1","champ:FlashCut+1","champ:StanceDance+1","champ:IronFortress"],"picked":"SKIP","floor":49},{"not_picked":["champ:PerfectedStrike","champ:CrookedStrike","champ:ShieldSlam","champ:BringItOn"],"picked":"SKIP","floor":49}],"player_experience":486862,"relics_obtained":[{"floor":11.0,"key":"Strawberry"},{"floor":14.0,"key":"Juzu Bracelet"},{"floor":21.0,"key":"Potion Belt"},{"floor":22.0,"key":"downfall:GremlinSack"},{"floor":24.0,"key":"The Courier"},{"floor":26.0,"key":"StrikeDummy"},{"floor":29,"key":"champ:GladiatorsBookOfMartialProwess"},{"floor":34,"key":"champ:FightingForDummies"},{"floor":34,"key":"Question Card"},{"floor":34,"key":"Shovel"},{"floor":35,"key":"Calipers"},{"floor":40,"key":"StoneCalendar"},{"floor":41,"key":"Bag of Preparation"},{"floor":42,"key":"Meat on the Bone"},{"floor":43,"key":"Prayer Wheel"},{"floor":44,"key":"White Beast Statue"},{"floor":48,"key":"MealTicket"}],"event_choices":[{"cards_removed":["champ:Balance"],"damage_healed":23,"gold_gain":0,"player_choice":"Offered Uncommon","damage_taken":0,"max_hp_gain":0,"max_hp_loss":0,"event_name":"Bonfire Elementals","floor":37,"gold_loss":0},{"damage_healed":0,"gold_gain":0,"player_choice":"Fight","damage_taken":0,"max_hp_gain":0,"max_hp_loss":0,"event_name":"Mysterious Sphere","floor":43,"gold_loss":0},{"damage_healed":0,"gold_gain":0,"cards_transformed":["champ:Defend"],"player_choice":"Transformed","damage_taken":0,"max_hp_gain":0,"max_hp_loss":0,"event_name":"Transmorgrifier","floor":46,"gold_loss":0,"cards_obtained":["champ:CrownThrow"]}],"is_beta":false,"boss_relics":[{"not_picked":["Ectoplasm","Runic Dome"],"picked":"Cursed Key"},{"not_picked":["Tiny House","Velvet Choker"],"picked":"Calling Bell"}],"items_purged_floors":[9,20,25,47],"is_endless":false,"potions_floor_spawned":[5,11,14,15,16,19,26,29,33,43,45,48,49],"killed_by":"downfall:Silent","ascension_level":1}}