{"host":"q6rs3in4l29iepap","time":1608599258,"event":{"mods":["Aspiration","BaseMod","Colored Map","Downfall","Hermit","Hubris","Infinite Spire","Jorbs\u0027s Wanderer Trilogy","Minty Spire (QoL Compilation)","Replay The Spire","Shade Mod","StSLib","The Bug Knight","The Construct","The Cursed","The Disciple","The Hierophant","The Mystic","The Runesmith"],"gold_per_floor":[119,119,43,43,61,61,76,37,37,49,49,124,174,17,17,57,57],"floor_reached":16,"playtime":1049,"items_purged":[],"score":88,"play_id":"ce311751-2bdc-4f4f-87e0-8cd01dc4feb6","local_time":"20201221170738","is_ascension_mode":false,"campfire_choices":[{"data":"HollowMod:HuntersJournal","floor":6,"key":"SMITH"},{"data":"HollowMod:Hiveblood","floor":15,"key":"SMITH"}],"circlet_count":0,"master_deck":["HollowMod:NailStrikeStart","HollowMod:NailStrikeStart","HollowMod:NailStrikeStart","HollowMod:NailStrikeStart","HollowMod:QuickDashStart","HollowMod:QuickDashStart","HollowMod:QuickDashStart","HollowMod:QuickDashStart","HollowMod:FocusHealStart","HollowMod:PogoStrike","HollowMod:LifebloodCocoon","HollowMod:RecoilStrike+1","HollowMod:HuntersJournal+1","HollowMod:SharpenedNail","HollowMod:ChannelNail+1","HollowMod:CloakDash","HollowMod:Hiveblood+1","Amnesia"],"relics":["HollowMod:VesselMask","NeowsBlessing","Eternal Feather","Ring of Greed","infinitespire:Midas Blood","Smiling Mask","Ring of Peace","Membership Card"],"acts_visited":["Exordium"],"potions_floor_usage":[16,16],"damage_taken":[{"damage":0,"enemies":"Small Slimes","floor":1,"turns":1},{"damage":0,"enemies":"Cultist","floor":5,"turns":1},{"damage":0,"enemies":"Jaw Worm","floor":7,"turns":1},{"damage":0,"enemies":"Large Slime","floor":10,"turns":5},{"damage":97,"enemies":"Hexaghost","floor":16,"turns":15}],"seed_played":"193521561765086448","potions_obtained":[{"floor":1,"key":"ColorlessPotion"},{"floor":7,"key":"Fire Potion"}],"is_trial":false,"path_per_floor":["M","?","$","?","M","R","M","$","T","M","?","?","?","$","R","B"],"character_chosen":"THE_BUGKNIGHT","items_purchased":["HollowMod:RecoilStrike","HollowMod:ChannelNail+1","Membership Card"],"campfire_rested":0,"item_purchase_floors":[3,8,14],"current_hp_per_floor":[75,80,80,80,80,80,80,80,80,80,80,69,69,69,78,0,0],"gold":57,"neow_bonus":"THREE_ENEMY_KILL","is_daily":false,"chose_seed":false,"campfire_upgraded":2,"win_rate":0.0,"timestamp":1608599258,"path_taken":["M","?","?","?","M","R","?","?","T","M","?","?","?","$","R","BOSS"],"items_purchased_type":["Card","Card","Relic"],"build_version":"2020-12-13","purchased_purges":0,"victory":false,"max_hp_per_floor":[75,80,80,80,80,80,80,80,80,80,80,80,80,80,80,80,80],"card_choices":[{"not_picked":["HollowMod:MothsMistake","HollowMod:DoubleDash"],"picked":"HollowMod:LifebloodCocoon","floor":1},{"not_picked":["HollowMod:DreamGate","HollowMod:HeavyBlow"],"picked":"HollowMod:HuntersJournal","floor":5},{"not_picked":["HollowMod:VengefulSpirit","HollowMod:DungDefenderAura"],"picked":"HollowMod:SharpenedNail","floor":7},{"not_picked":["HollowMod:Grubsong","HollowMod:NewLittleFool"],"picked":"HollowMod:CloakDash","floor":10}],"player_experience":78965,"relics_obtained":[{"floor":9,"key":"Eternal Feather"},{"floor":13,"key":"Ring of Greed"},{"floor":13,"key":"infinitespire:Midas Blood"},{"floor":13,"key":"Smiling Mask"},{"floor":13,"key":"Ring of Peace"}],"event_choices":[{"damage_healed":0,"gold_gain":0,"player_choice":"Donut","damage_taken":0,"max_hp_gain":5,"max_hp_loss":0,"event_name":"Big Fish","floor":2,"gold_loss":0},{"damage_healed":0,"gold_gain":0,"player_choice":"Forge","damage_taken":0,"max_hp_gain":0,"max_hp_loss":0,"event_name":"Accursed Blacksmith","floor":4,"gold_loss":0,"cards_upgraded":["HollowMod:RecoilStrike"]},{"damage_healed":0,"gold_gain":75,"player_choice":"Gather Gold","damage_taken":11,"max_hp_gain":0,"max_hp_loss":0,"event_name":"World of Goop","floor":12,"gold_loss":0}],"is_beta":false,"boss_relics":[],"items_purged_floors":[],"is_endless":false,"potions_floor_spawned":[1,7],"killed_by":"Hexaghost","ascension_level":0}}