{"host":"nox","time":1608658393,"event":{"mods":["Aspiration","BaseMod","Better Third Choice","Colored Powertips","Conspire","Hubris","Infinite Spire","Minty Spire (QoL Compilation)","Quick Restart","Rare Cards Sparkle","Replay The Spire","Shop Mod","Spikes Relics","StSLib","SuperFastMode","The Alterego","vexMod"],"gold_per_floor":[167,167,183,193,209,234,234,254,301,333,108,133,143,157,157,255,255,266,283,303,332,332,332,347,367,367,367,379,394,425,437,437,541,541,555,575,575,590,605,605,638,638,638,673,673,673,673,684,684,684,684,684,420,473,473],"floor_reached":56,"playtime":4018,"items_purged":["Strike_B","Writhe","conspire:NecroticWound"],"score":1459,"play_id":"f8efb6e4-1a2b-4c3b-a442-ceadd8fc3c29","local_time":"20201223003313","is_ascension_mode":true,"campfire_choices":[{"data":"Loop","floor":7.0,"key":"SMITH"},{"data":"Loop","floor":15.0,"key":"SMITH"},{"data":"Self Repair","floor":23.0,"key":"SMITH"},{"data":"Defend_B","floor":27.0,"key":"SMITH"},{"data":"Defragment","floor":32.0,"key":"SMITH"},{"data":"ReplayTheSpireMod:Black Plague","floor":40.0,"key":"SMITH"},{"floor":46.0,"key":"RECALL"},{"data":"Defend_B","floor":52.0,"key":"SMITH"}],"circlet_count":0,"master_deck":["Defend_B+1","Defend_B+1","Zap","Dualcast+1","Loop+1","Chill","Self Repair+1","White Noise","PlatinumSkin","Loop+1","Creative AI","Cold Snap+1","Barrage+1","Chill+1","Defragment","Defragment+1","Biased Cognition","hubris:PowerSurge+1","Ball Lightning","ReplayTheSpireMod:Black Plague+1","Glacier+1","Time Bomb","hubris:PowerSurge+1","ReplayTheSpireMod:Dual Polarity","Panic Button"],"relics":["Tiny House","vexMod:PlasmaPancake","conspire:Dentures","infinitespire:Beetle Shell","Membership Card","hubris:SoftwareUpdate","Replay:Drink Me","Red Mask","vexMod:Cooldron","vexMod:CursedCompass","infinitespire:Freezer","Whetstone","Kintsugi","aspiration:HiddenCompartment","hubris:Icosahedron","RoseTintedShades","Anchor","InkBottle","infinitespire:EvilPickle","Replay:Frozen Program","ReplayTheSpireMod:TigerMarble","Replay:WaspNest"],"acts_visited":["Exordium","TheCity","TheBeyond","TheEnding"],"potions_floor_usage":[55,55,55,55,55,55,55],"damage_taken":[{"damage":0.0,"enemies":"conspire:RoseBush","floor":1.0,"turns":3.0},{"damage":0.0,"enemies":"Cultist","floor":3.0,"turns":3.0},{"damage":17.0,"enemies":"infinitespire:Voidling","floor":4.0,"turns":5.0},{"damage":2.0,"enemies":"2 Fungi Beasts","floor":5.0,"turns":4.0},{"damage":6.0,"enemies":"3 Sentries","floor":6.0,"turns":6.0},{"damage":12.0,"enemies":"conspire:2 RoseBushes","floor":8.0,"turns":6.0},{"damage":10.0,"enemies":"Replay:BlueRogue","floor":10.0,"turns":4.0},{"damage":45.0,"enemies":"Gremlin Nob","floor":12.0,"turns":6.0},{"damage":7.0,"enemies":"Blue Slaver","floor":13.0,"turns":4.0},{"damage":6.0,"enemies":"Large Slime","floor":14.0,"turns":9.0},{"damage":0.0,"enemies":"The Guardian","floor":16.0,"turns":15.0},{"damage":38.0,"enemies":"3 Byrds","floor":18.0,"turns":6.0},{"damage":10.0,"enemies":"Chosen","floor":19.0,"turns":7.0},{"damage":18.0,"enemies":"conspire:HollyBat","floor":20.0,"turns":10.0},{"damage":11.0,"enemies":"Masked Bandits","floor":21.0,"turns":6.0},{"damage":9.0,"enemies":"Snake Plant","floor":24.0,"turns":6.0},{"damage":6.0,"enemies":"3 Cultists","floor":25.0,"turns":5.0},{"damage":9.0,"enemies":"Cultist and Chosen","floor":28.0,"turns":8.0},{"damage":25.0,"enemies":"Snake Plant","floor":29.0,"turns":7.0},{"damage":0.0,"enemies":"Gremlin Leader","floor":30.0,"turns":11.0},{"damage":0.0,"enemies":"Shelled Parasite and Fungi","floor":31.0,"turns":7.0},{"damage":12.0,"enemies":"Pondfish","floor":33.0,"turns":14.0},{"damage":0.0,"enemies":"3 Shapes","floor":35.0,"turns":6.0},{"damage":0.0,"enemies":"Orb Walker","floor":36.0,"turns":6.0},{"damage":0.0,"enemies":"4 Shapes","floor":38.0,"turns":5.0},{"damage":0.0,"enemies":"Sphere and 2 Shapes","floor":39.0,"turns":6.0},{"damage":54.0,"enemies":"Giant Head","floor":41.0,"turns":11.0},{"damage":0.0,"enemies":"Nightmare","floor":44.0,"turns":6.0},{"damage":8.0,"enemies":"Spire Growth","floor":48.0,"turns":7.0},{"damage":0.0,"enemies":"Replay:Hell Engine","floor":50.0,"turns":12.0},{"damage":0.0,"enemies":"Shield and Spear","floor":54.0,"turns":7.0},{"damage":15,"enemies":"The Heart","floor":55,"turns":9}],"seed_played":"2256423950369342007","potions_obtained":[{"floor":0.0,"key":"LifebloodPotion"},{"floor":1.0,"key":"infinitespire:BlackPotion"},{"floor":4.0,"key":"BlessingOfTheForge"},{"floor":6.0,"key":"GamblersBrew"},{"floor":12.0,"key":"SneckoOil"},{"floor":13.0,"key":"Dexterity Potion"},{"floor":16.0,"key":"Strength Potion"},{"floor":18.0,"key":"Swift Potion"},{"floor":24.0,"key":"EntropicBrew"},{"floor":25.0,"key":"EntropicBrew"},{"floor":33.0,"key":"EntropicBrew"},{"floor":35.0,"key":"EntropicBrew"},{"floor":39.0,"key":"EntropicBrew"}],"is_trial":false,"path_per_floor":["M","?","M","M","M","E","R","M","T","E","$","E","M","M","R","B",null,"M","M","M","?","AVR","R","M","M","T","R","M","M","E","M","R","B",null,"M","M","?","M","M","R","E","?","T","NM","?","R","AVR","M","R","B",null,"R","$","E","B",null],"character_chosen":"DEFECT","items_purchased":["Membership Card","PlatinumSkin","Loop","Replay:Frozen Program","EntropicBrew","ReplayTheSpireMod:TigerMarble","Panic Button"],"campfire_rested":0,"item_purchase_floors":[11,11,11,53,53,53,53],"current_hp_per_floor":[73,79,79,74,72,73,73,75,75,72,72,34,34,35,35,49,61,30,41,44,33,33,33,54,58,58,58,65,60,65,65,65,63,65,65,65,48,48,58,58,24,24,24,34,34,34,34,36,36,56,63,63,63,65,50],"gold":473,"neow_bonus":"BOSS_RELIC","is_daily":false,"chose_seed":false,"campfire_upgraded":7,"win_rate":0.0,"timestamp":1608658393,"path_taken":["M","?","?","?","M","E","R","M","T","E","$","E","M","M","R","BOSS","M","M","M","?","AVR","R","M","M","T","R","M","M","E","M","R","BOSS","M","M","?","M","M","R","E","?","T","NM","?","R","AVR","M","R","BOSS","R","$","E","BOSS"],"items_purchased_type":["Relic","Card","Card","Relic","Potion","Relic","Card"],"build_version":"2020-11-17","purchased_purges":3,"victory":true,"max_hp_per_floor":[80,86,86,86,86,86,86,86,86,86,86,86,86,86,86,86,65,65,65,65,65,65,65,65,65,65,65,65,65,65,65,65,65,65,65,65,65,65,65,65,65,65,65,65,65,65,65,65,65,65,65,65,65,65,65],"card_choices":[{"not_picked":["Static Discharge","Conserve Battery"],"picked":"Loop","floor":0.0},{"not_picked":["BasicCrystalCard","ReplayTheSpireMod:GoodbyeWorld"],"picked":"Chill","floor":1.0},{"not_picked":["Leap","aspiration:Polymerization"],"picked":"BasicCrystalCard","floor":3.0},{"not_picked":["Double Energy","DiskWipe","Steam"],"picked":"SKIP","floor":4.0},{"not_picked":["Leap","Steam"],"picked":"Self Repair","floor":5.0},{"not_picked":["Force Field","ReplayTheSpireMod:Repulse","Go for the Eyes"],"picked":"SKIP","floor":6.0},{"not_picked":["Barrage","Compile Driver","Gash"],"picked":"SKIP","floor":8.0},{"not_picked":["Buffer","Darkness"],"picked":"White Noise","floor":10.0},{"not_picked":["Beam Cell","ReplaySort","Coolheaded"],"picked":"SKIP","floor":12.0},{"not_picked":["Compile Driver","Rebound"],"picked":"Streamline","floor":13.0},{"not_picked":["Hologram","Beam Cell","Leap"],"picked":"SKIP","floor":14.0},{"not_picked":["Mirror Shield","Machine Learning"],"picked":"Creative AI","floor":16.0},{"not_picked":["Go for the Eyes","ReplayGash","Stack"],"picked":"SKIP","floor":18.0},{"not_picked":["BasicCrystalCard","Self Repair","Panic Button+1"],"picked":"SKIP","floor":19.0},{"not_picked":["Ball Lightning","ReplaySolidLightProjector"],"picked":"Cold Snap","floor":20.0},{"not_picked":["Rebound","hubris:Ukulele"],"picked":"Streamline+1","floor":21.0},{"not_picked":["Streamline","conspire:Rain","Stack"],"picked":"SKIP","floor":24.0},{"not_picked":["Sunder","Ball Lightning"],"picked":"Barrage+1","floor":25.0},{"not_picked":["Turbo","ReplaySolidLightProjector","Compile Driver"],"picked":"SKIP","floor":28.0},{"not_picked":["Machine Learning","Steam Power+1"],"picked":"Chill+1","floor":29.0},{"not_picked":["Beam Cell","FIFO Queue"],"picked":"Defragment","floor":30.0},{"not_picked":["ReplayTheSpireMod:Dual Polarity","ReplaySolidLightProjector"],"picked":"Defragment","floor":31.0},{"not_picked":["Core Surge","Multi-Cast"],"picked":"Biased Cognition","floor":33.0},{"not_picked":["Coolheaded","Auto Shields"],"picked":"hubris:PowerSurge+1","floor":35.0},{"not_picked":["Compile Driver+1","Self Repair+1"],"picked":"Ball Lightning","floor":36.0},{"not_picked":["infinitespire:Collect","infinitespire:Starlight"],"picked":"ReplayTheSpireMod:Black Plague","floor":37.0},{"not_picked":["Cold Snap+1","ReplaySort+1"],"picked":"Glacier+1","floor":38.0},{"not_picked":["Leap+1","Cold Snap"],"picked":"Time Bomb","floor":39.0},{"not_picked":["aspiration:Polymerization+1","Ball Lightning+1"],"picked":"hubris:PowerSurge+1","floor":41.0},{"not_picked":["hubris:SpecializedCircuitry","Sweeping Beam","Compile Driver+1"],"picked":"SKIP","floor":44.0},{"not_picked":["Rebound+1","BasicCrystalCard+1","Beam Cell+1"],"picked":"SKIP","floor":48.0},{"not_picked":["Rebound","Fission","conspire:Rain+1"],"picked":"SKIP","floor":54.0}],"player_experience":217430,"relics_obtained":[{"floor":6.0,"key":"conspire:Dentures"},{"floor":10.0,"key":"infinitespire:Beetle Shell"},{"floor":12.0,"key":"hubris:SoftwareUpdate"},{"floor":21.0,"key":"Red Mask"},{"floor":26.0,"key":"infinitespire:Freezer"},{"floor":30.0,"key":"Whetstone"},{"floor":41.0,"key":"aspiration:HiddenCompartment"},{"floor":43.0,"key":"RoseTintedShades"},{"floor":44.0,"key":"Anchor"},{"floor":54.0,"key":"Replay:WaspNest"}],"event_choices":[{"damage_healed":0.0,"max_hp_gain":0.0,"max_hp_loss":0.0,"gold_gain":0.0,"event_name":"WeMeetAgain","player_choice":"Gave Potion","floor":2.0,"gold_loss":0.0,"damage_taken":0.0,"relics_obtained":["vexMod:PlasmaPancake"]},{"damage_healed":0.0,"max_hp_gain":0.0,"max_hp_loss":0.0,"gold_gain":0.0,"event_name":"Masked Bandits","player_choice":"Fought Bandits","floor":21.0,"gold_loss":0.0,"damage_taken":0.0}],"is_beta":true,"boss_relics":[{"not_picked":["hubris:HollowSoul","aspiration:PoetsPen_weak"],"picked":"Replay:Drink Me"},{"not_picked":["Philosopher\u0027s Stone","hubris:Stopwatch"],"picked":"Kintsugi"}],"items_purged_floors":[22,47,53],"is_endless":false,"potions_floor_spawned":[1,4,6,12,13,16,18,20,24,25,33,35,38,39],"ascension_level":6}}