{"host":"3jjxuhjpio8e4zkv","time":1608602694,"event":{"mods":["BaseMod","Colored Map","Minty Spire (QoL Compilation)","Permanent Neow","Relic Stats","StSLib"],"gold_per_floor":[11,11,27,27,41,41,72,88,115,150,165,184,197,220,220,313,313,326,326,339,21,21,61,61,86,86],"floor_reached":25,"playtime":1142,"items_purged":[],"score":494,"play_id":"a8d37cd0-e74d-4390-b034-c8c75206cc54","local_time":"20201221210454","is_ascension_mode":true,"campfire_choices":[{"data":"BowlingBash","floor":6,"key":"SMITH"},{"floor":15,"key":"REST"},{"floor":24,"key":"DIG"}],"circlet_count":0,"master_deck":["AscendersBane","Strike_P","Strike_P","Strike_P","Strike_P","Defend_P","Defend_P","Defend_P","Defend_P","Eruption","Vigilance","BowlingBash+1","SashWhip","Establishment","Protect","Protect","WheelKick","DeceiveReality","Crescendo","Conclude","Wallop","WindmillStrike","Wish","CarveReality+1","InnerPeace"],"relics":["PureWater","Dead Branch","Golden Idol","Nunchaku","Toy Ornithopter","Oddly Smooth Stone","VioletLotus","Shovel","Damaru","WingedGreaves"],"acts_visited":["Exordium","TheCity"],"potions_floor_usage":[12,18,23,23,25],"damage_taken":[{"damage":0,"enemies":"2 Louse","floor":1,"turns":4},{"damage":0,"enemies":"Small Slimes","floor":3,"turns":2},{"damage":0,"enemies":"Cultist","floor":5,"turns":2},{"damage":33,"enemies":"Lagavulin","floor":7,"turns":7},{"damage":0,"enemies":"3 Louse","floor":8,"turns":5},{"damage":0,"enemies":"Gremlin Nob","floor":10,"turns":2},{"damage":0,"enemies":"2 Fungi Beasts","floor":11,"turns":3},{"damage":0,"enemies":"Exordium Wildlife","floor":12,"turns":6},{"damage":0,"enemies":"3 Louse","floor":13,"turns":2},{"damage":8,"enemies":"Red Slaver","floor":14,"turns":5},{"damage":8,"enemies":"The Guardian","floor":16,"turns":12},{"damage":1,"enemies":"Chosen","floor":18,"turns":3},{"damage":0,"enemies":"Spheric Guardian","floor":20,"turns":2},{"damage":44,"enemies":"Book of Stabbing","floor":23,"turns":3},{"damage":39,"enemies":"Chosen and Byrds","floor":25,"turns":6}],"seed_played":"3726403909554452931","potions_obtained":[{"floor":7,"key":"EssenceOfSteel"},{"floor":8,"key":"SteroidPotion"},{"floor":12,"key":"Fire Potion"},{"floor":20,"key":"BottledMiracle"},{"floor":23,"key":"FearPotion"}],"is_trial":false,"path_per_floor":["M","?","M","?","M","R","E","M","T","E","M","M","M","M","R","B",null,"M","?","M","$","?","E","R","M"],"character_chosen":"WATCHER","items_purchased":["Shovel"],"campfire_rested":1,"item_purchase_floors":[21],"current_hp_per_floor":[61,38,38,38,38,38,5,5,5,5,5,10,10,2,22,14,55,59,59,59,59,59,24,24,0,0],"gold":86,"neow_bonus":"ONE_RARE_RELIC","is_daily":false,"chose_seed":false,"campfire_upgraded":1,"win_rate":0.0,"timestamp":1608602694,"path_taken":["M","?","M","?","M","R","E","?","T","E","M","M","M","M","R","BOSS","M","?","M","$","?","E","R","M"],"items_purchased_type":["Relic"],"build_version":"2020-12-13","purchased_purges":0,"victory":false,"max_hp_per_floor":[68,68,68,68,68,68,68,68,68,68,68,68,68,68,68,68,68,68,68,68,68,68,68,68,68,68],"relic_stats":{"Nunchaku":[7],"Shovel":1,"counters":[15,64],"Golden Idol":70,"Dead Branch":[54],"VioletLotus":[2],"obtain_stats":[{"Nunchaku":7,"Shovel":21,"Golden Idol":2,"Dead Branch":0,"Oddly Smooth Stone":10,"Damaru":23,"VioletLotus":17,"WingedGreaves":24,"PureWater":0,"Toy Ornithopter":9},{"Nunchaku":4,"Shovel":13,"Golden Idol":1,"Dead Branch":0,"Oddly Smooth Stone":6,"Damaru":14,"VioletLotus":11,"WingedGreaves":14,"PureWater":0,"Toy Ornithopter":5},{"Nunchaku":15,"Shovel":55,"Golden Idol":4,"Dead Branch":0,"Oddly Smooth Stone":22,"Damaru":58,"VioletLotus":50,"WingedGreaves":58,"PureWater":0,"Toy Ornithopter":20}],"Toy Ornithopter":24},"card_choices":[{"not_picked":["Prostrate","Protect"],"picked":"BowlingBash","floor":1},{"not_picked":["ClearTheMind","EmptyBody"],"picked":"SashWhip","floor":3},{"not_picked":["Halt","BowlingBash"],"picked":"Protect","floor":5},{"not_picked":["WaveOfTheHand","Collect"],"picked":"Protect","floor":7},{"not_picked":["DeceiveReality","CrushJoints"],"picked":"WheelKick","floor":8},{"not_picked":["ClearTheMind","Sanctity"],"picked":"DeceiveReality","floor":10},{"not_picked":["CrushJoints","PathToVictory"],"picked":"Crescendo","floor":11},{"not_picked":["BattleHymn","ForeignInfluence"],"picked":"Conclude","floor":12},{"not_picked":["CrushJoints","DeusExMachina"],"picked":"Wallop","floor":13},{"not_picked":["Perseverance","EmptyFist"],"picked":"WindmillStrike","floor":14},{"not_picked":["Omniscience","ConjureBlade"],"picked":"Wish","floor":16},{"not_picked":["Evaluate+1","Wireheading"],"picked":"CarveReality+1","floor":18},{"not_picked":["BowlingBash","PathToVictory","Evaluate"],"picked":"SKIP","floor":20},{"not_picked":["Evaluate","PathToVictory","Halt"],"picked":"SKIP","floor":23}],"player_experience":1091229,"relics_obtained":[{"floor":7,"key":"Nunchaku"},{"floor":9,"key":"Toy Ornithopter"},{"floor":10,"key":"Oddly Smooth Stone"},{"floor":23,"key":"Damaru"},{"floor":24,"key":"WingedGreaves"}],"event_choices":[{"damage_healed":0,"gold_gain":0,"player_choice":"Take Damage","damage_taken":23,"relics_obtained":["Golden Idol"],"max_hp_gain":0,"max_hp_loss":0,"event_name":"Golden Idol","floor":2,"gold_loss":0},{"damage_healed":0,"gold_gain":0,"player_choice":"1 cards matched","damage_taken":0,"max_hp_gain":0,"max_hp_loss":0,"event_name":"Match and Keep!","floor":4,"gold_loss":0,"cards_obtained":["Establishment"]},{"damage_healed":0,"gold_gain":0,"player_choice":"Ignored","damage_taken":0,"max_hp_gain":0,"max_hp_loss":0,"event_name":"Vampires","floor":19,"gold_loss":0},{"damage_healed":0,"gold_gain":0,"player_choice":"Read","damage_taken":0,"max_hp_gain":0,"max_hp_loss":0,"event_name":"The Library","floor":22,"gold_loss":0,"cards_obtained":["InnerPeace"]}],"is_beta":false,"boss_relics":[{"not_picked":["Sozu","Cursed Key"],"picked":"VioletLotus"}],"items_purged_floors":[],"is_endless":false,"potions_floor_spawned":[7,8,12,20,23],"killed_by":"Chosen and Byrds","ascension_level":18}}