{"host":"uc9rcmnrswh1l0kc","time":1608603611,"event":{"mods":["2.2 Compatiblity","A Magickal Journey","Aspiration","BaseMod","Bestiary","Better Altar","Better Third Choice","BetterRewards","Block Reminder","Colorless Booster Pack","Conspire","Defective Defect","Defuse TimeMaze Blight","Displayed Cursed Tome","Ekko","Energized Spire","GifTheSpireLib","Infinite Spire","Ironclad Rager","Minty Spire (QoL Compilation)","Rare Cards Sparkle","Red Circlet Mod","Relic Stats","Replay The Spire","SacredBarkPlus","Shop Mod","Spicy Shops","StSLib","Stuff the Spire","The Blackbeard","The Bladedancer","The Blue Laboratory","The Death Knight","The Edgeheg","The Necromancer","Uncapped","Watcher Patcher","everything is the same but u backflip on backflip","vexMod"],"gold_per_floor":[218,218,218,231,35,63,81,81,81,81,91,107,126,126,126,222,222,238,253,51,61,61,61],"floor_reached":22,"playtime":905,"items_purged":[],"score":188,"play_id":"63180f67-e593-4a40-8a91-ca547c4157d3","local_time":"20201221212011","is_ascension_mode":false,"campfire_choices":[{"data":"infinitespire:SevenWalls","floor":10.0,"key":"SMITH"},{"data":"blademaster:Overcharge","floor":15.0,"key":"SMITH"}],"circlet_count":0,"master_deck":["blademaster:Strike","blademaster:Strike","blademaster:Strike","blademaster:Defend","blademaster:Defend","blademaster:Defend","blademaster:RagingBlow","blademaster:HighVoltage","blademaster:Gust","infinitespire:SevenWalls+1","blademaster:Stability","blademaster:ParryingStrike","blademaster:Stability","blademaster:Overcharge+1","blademaster:FuriousStrike","blademaster:EnchantedCuirass","blademaster:ThreePointStrike+1","blademaster:SharpBlades+1","blademaster:Meditate+1","blademaster:SlyStabs","blademaster:Stability","blademaster:AspectOfLightning"],"relics":["Snack Pack","Melange","DeathKnight:ReforgedRuneblade","aspiration:Lifesprig","m_SerpentRing","Ring of the Snake","infinitespire:Chaos"],"acts_visited":["Exordium","TheCity"],"potions_floor_usage":[],"damage_taken":[{"damage":0.0,"enemies":"Jaw Worm","floor":1.0,"turns":7.0},{"damage":0.0,"enemies":"Small Slimes","floor":4.0,"turns":3.0},{"damage":24.0,"enemies":"Lagavulin","floor":6.0,"turns":9.0},{"damage":0.0,"enemies":"conspire:RoseBush","floor":7.0,"turns":2.0},{"damage":0.0,"enemies":"2 Fungi Beasts","floor":11.0,"turns":3.0},{"damage":5.0,"enemies":"Red Slaver","floor":12.0,"turns":3.0},{"damage":0.0,"enemies":"Large Slime","floor":13.0,"turns":6.0},{"damage":33.0,"enemies":"The Guardian","floor":16.0,"turns":15.0},{"damage":49.0,"enemies":"conspire:FuzzyDice","floor":18.0,"turns":8.0},{"damage":16,"enemies":"Shell Parasite","floor":19,"turns":9},{"damage":45,"enemies":"Sentry and Sphere","floor":21,"turns":8},{"damage":27,"enemies":"3 Cultists","floor":22,"turns":4}],"seed_played":"6617640784679193523","potions_obtained":[{"floor":4.0,"key":"blueLaboratory:LouseDecoction"},{"floor":6.0,"key":"DeathKnight:RimePotion"},{"floor":8.0,"key":"FairyPotion"},{"floor":8.0,"key":"Ancient Potion"},{"floor":21,"key":"blueLaboratory:BottleOfVodka"}],"is_trial":false,"path_per_floor":["M","?","?","M","$","E","M","?","T","R","M","M","M","?","R","B",null,"M","M","$","M","M"],"character_chosen":"THE_BLADEMASTER","items_purchased":["blademaster:Stability","ClockworkSouvenir","infinitespire:Chaos","blademaster:Stability"],"campfire_rested":0,"item_purchase_floors":[5,5,20,20],"current_hp_per_floor":[75,75,57,57,57,33,39,39,39,39,45,46,52,75,75,48,75,35,25,25,12,0,0],"gold":61,"neow_bonus":"HUNDRED_GOLD","is_daily":false,"chose_seed":false,"campfire_upgraded":2,"win_rate":0.0,"timestamp":1608603611,"path_taken":["M","?","?","M","$","E","M","?","T","R","M","M","?","?","R","BOSS","M","M","$","M","M"],"items_purchased_type":["Card","Relic","Relic","Card"],"build_version":"2020-12-13","purchased_purges":0,"victory":false,"max_hp_per_floor":[75,75,75,75,75,75,75,75,75,75,75,75,75,75,75,75,75,75,75,75,75,75,75],"relic_stats":{"counters":[12,77],"Melange":[6],"obtain_stats":[{"Darkstone Periapt":9,"aspiration:Lifesprig":20,"Astrolabe":17,"infinitespire:EmptyRelic":20,"Melange":20,"ClockworkSouvenir":5,"DeathKnight:ReforgedRuneblade":20,"Matryoshka":6,"blademaster:StanceHealPerk":6,"Snack Pack":20,"blademaster:DancersAmulet":0,"conspire:DeflatedDodgeball":9,"infinitespire:Chaos":20,"m_SerpentRing":20,"Ring of the Snake":20},{"Darkstone Periapt":4,"aspiration:Lifesprig":10,"Astrolabe":8,"infinitespire:EmptyRelic":10,"Melange":10,"ClockworkSouvenir":2,"DeathKnight:ReforgedRuneblade":10,"Matryoshka":3,"blademaster:StanceHealPerk":3,"Snack Pack":10,"blademaster:DancersAmulet":0,"conspire:DeflatedDodgeball":4,"infinitespire:Chaos":10,"m_SerpentRing":10,"Ring of the Snake":10},{"Darkstone Periapt":21,"aspiration:Lifesprig":65,"Astrolabe":48,"infinitespire:EmptyRelic":65,"Melange":65,"ClockworkSouvenir":10,"DeathKnight:ReforgedRuneblade":65,"Matryoshka":19,"blademaster:StanceHealPerk":19,"Snack Pack":65,"blademaster:DancersAmulet":0,"conspire:DeflatedDodgeball":21,"infinitespire:Chaos":65,"m_SerpentRing":65,"Ring of the Snake":65}],"Ring of the Snake":[4]},"card_choices":[{"not_picked":["blademaster:Frontflip","blademaster:ThreePointStrike"],"picked":"blademaster:Gust","floor":1.0},{"not_picked":["infinitespire:TheBestDefense","infinitespire:Menacing"],"picked":"infinitespire:SevenWalls","floor":3.0},{"not_picked":["blademaster:Quickness","blademaster:DragonStrike"],"picked":"blademaster:Blockade","floor":4.0},{"not_picked":["blademaster:BrainBloom","blademaster:Stormstrike"],"picked":"blademaster:ParryingStrike","floor":6.0},{"not_picked":["blademaster:ThunderSlash","blademaster:Vortex"],"picked":"blademaster:Blockade","floor":7.0},{"not_picked":["blademaster:Frontflip","blademaster:Sunder"],"picked":"blademaster:Stability","floor":11.0},{"not_picked":["blademaster:CombatPrep","blademaster:Frontflip"],"picked":"blademaster:Overcharge","floor":12.0},{"not_picked":["blademaster:Sunder","blademaster:BloodyBlow"],"picked":"blademaster:FuriousStrike","floor":13.0},{"not_picked":["blademaster:RagingBlow","blademaster:HighVoltage"],"picked":"blademaster:EnchantedCuirass","floor":16.0},{"not_picked":["blademaster:AirSlash","blademaster:BloodyBlow","blademaster:Vortex"],"picked":"SKIP","floor":18},{"not_picked":["blademaster:WindSlash+1","blademaster:Blockade"],"picked":"blademaster:SlyStabs","floor":19},{"not_picked":["blademaster:CullingStrike","blademaster:HighVoltage"],"picked":"blademaster:AspectOfLightning","floor":21}],"player_experience":435588,"relics_obtained":[{"floor":6.0,"key":"Matryoshka"},{"floor":6.0,"key":"blademaster:StanceHealPerk"},{"floor":9.0,"key":"Darkstone Periapt"},{"floor":9.0,"key":"conspire:DeflatedDodgeball"}],"event_choices":[{"damage_healed":0.0,"max_hp_gain":0.0,"max_hp_loss":0.0,"gold_gain":0.0,"event_name":"Golden Wing","player_choice":"Ignored","floor":2.0,"gold_loss":0.0,"damage_taken":0.0},{"damage_healed":0.0,"max_hp_gain":0.0,"max_hp_loss":0.0,"gold_gain":0.0,"event_name":"Lab","player_choice":"Got Potions","floor":8.0,"gold_loss":0.0,"damage_taken":0.0},{"cards_removed":["blademaster:Blockade"],"damage_healed":23.0,"max_hp_gain":0.0,"max_hp_loss":0.0,"gold_gain":0.0,"event_name":"Bonfire Elementals","player_choice":"Offered Uncommon","floor":14.0,"gold_loss":0.0,"damage_taken":0.0}],"is_beta":false,"boss_relics":[{"not_picked":["aspiration:RunicSpoon","StuffTheSpire:RunicConfusion"],"picked":"Astrolabe"}],"items_purged_floors":[],"is_endless":false,"potions_floor_spawned":[4,6,16,18,21],"killed_by":"3 Cultists","ascension_level":0}}