{"host":"w7dhjqgqsib0c3vt","time":1608638474,"event":{"mods":["ATMod(°¢èªMod)","BaseMod","Minty Spire (QoL Compilation)","Shop Mod","StSLib","TheWitcher"],"gold_per_floor":[128,146,146,146,159,195,195,195,219,51,76,99,99,99],"floor_reached":13,"playtime":673,"items_purged":[],"score":85,"play_id":"83336063-9e81-4f90-9b3e-603f610a8ef9","local_time":"20201222200114","is_ascension_mode":false,"campfire_choices":[{"data":"SnafuTest:SignQuen","floor":7,"key":"SMITH"}],"circlet_count":0,"master_deck":["SnafuTest:DefaultCommonAttack","SnafuTest:DefaultCommonAttack","SnafuTest:DefaultCommonAttack","SnafuTest:BountyHunt","SnafuTest:DefaultCommonSkill","SnafuTest:DefaultCommonSkill","SnafuTest:DefaultCommonSkill","SnafuTest:SignQuen+1","SnafuTest:Kick","SnafuTest:BombDragonsDream","Injury","SnafuTest:SpellBitingFrost","SnafuTest:PowerProbingFeint","SnafuTest:FeignDeath","SnafuTest:BattleCry","SnafuTest:PowerFireDamnation"],"relics":["SnafuTest:PlaceholderRelic","AT_ATBox","NeowsBlessing","Boot","Golden Idol","Happy Flower","Strawberry","AT_BellDemon"],"acts_visited":["Exordium"],"potions_floor_usage":[13],"damage_taken":[{"damage":0,"enemies":"2 Louse","floor":1,"turns":2},{"damage":0,"enemies":"Small Slimes","floor":2,"turns":1},{"damage":0,"enemies":"Jaw Worm","floor":5,"turns":1},{"damage":32,"enemies":"3 Sentries","floor":6,"turns":7},{"damage":10,"enemies":"Red Slaver","floor":11,"turns":4},{"damage":2,"enemies":"Exordium Thugs","floor":12,"turns":5},{"damage":47,"enemies":"Lagavulin","floor":13,"turns":5}],"seed_played":"4083623438513699592","potions_obtained":[{"floor":2,"key":"GamblersBrew"},{"floor":6,"key":"AttackPotion"}],"is_trial":false,"path_per_floor":["M","M","?","?","M","E","R","?","T","$","M","M","E"],"character_chosen":"THE_WITCHER","items_purchased":["AT_BellDemon","SnafuTest:FeignDeath"],"campfire_rested":0,"item_purchase_floors":[10,10],"current_hp_per_floor":[75,75,75,75,75,43,43,43,50,50,40,38,0,0],"gold":99,"neow_bonus":"THREE_ENEMY_KILL","is_daily":false,"chose_seed":false,"campfire_upgraded":1,"win_rate":0.0,"timestamp":1608638474,"path_taken":["M","M","?","?","M","E","R","?","T","$","M","M","E"],"items_purchased_type":["Relic","Card"],"build_version":"2020-12-13","purchased_purges":0,"victory":false,"max_hp_per_floor":[75,75,75,75,75,75,75,75,82,82,82,82,82,82],"card_choices":[{"not_picked":["SnafuTest:Meditation","SnafuTest:Portal"],"picked":"SnafuTest:Kick","floor":1},{"not_picked":["SnafuTest:RecklessBlow","SnafuTest:MCPlayGwent"],"picked":"SnafuTest:BombDragonsDream","floor":2},{"not_picked":["SnafuTest:PowerAlwaysAWay","SnafuTest:SpellTortoise"],"picked":"SnafuTest:SpellBitingFrost","floor":5},{"not_picked":["SnafuTest:MCMockAndRun","SnafuTest:PowerMartialMagical"],"picked":"SnafuTest:PowerProbingFeint","floor":6},{"not_picked":["SnafuTest:Oriole","SnafuTest:WeddingDance"],"picked":"SnafuTest:BattleCry","floor":11},{"not_picked":["SnafuTest:ShoulderSlam","SnafuTest:PayArmorSmith"],"picked":"SnafuTest:PowerFireDamnation","floor":12}],"player_experience":567278,"relics_obtained":[{"floor":6,"key":"Happy Flower"},{"floor":9,"key":"Strawberry"}],"event_choices":[{"damage_healed":0,"gold_gain":0,"player_choice":"Box","damage_taken":0,"relics_obtained":["Boot"],"max_hp_gain":0,"max_hp_loss":0,"event_name":"Big Fish","floor":3,"gold_loss":0,"cards_obtained":["Regret"]},{"damage_healed":0,"gold_gain":0,"player_choice":"Take Wound","damage_taken":0,"relics_obtained":["Golden Idol"],"max_hp_gain":0,"max_hp_loss":0,"event_name":"Golden Idol","floor":4,"gold_loss":0,"cards_obtained":["Injury"]},{"cards_removed":["Regret"],"damage_healed":0,"gold_gain":0,"player_choice":"Forget","damage_taken":0,"max_hp_gain":0,"max_hp_loss":0,"event_name":"Living Wall","floor":8,"gold_loss":0}],"is_beta":false,"boss_relics":[],"items_purged_floors":[],"is_endless":false,"potions_floor_spawned":[2,6],"killed_by":"Lagavulin","ascension_level":0}}