{"host":"867cnhxguf2bzj4x","time":1608632059,"event":{"mods":["BaseMod","GifTheSpireLib","Hermit","Minty Spire (QoL Compilation)","StSLib","The Bug Knight","The Cursed","The Hierophant","The Servant 0.9.4"],"gold_per_floor":[112,112,59,78,7,7,82,82,82,82,82,96,96,115,115,214,214,226,226,151,151,151,151,168,168,192,192,523,534,534,211,211,309,309,323,42,57,57,57,57,69,79,79,79,79],"floor_reached":44,"playtime":1413,"items_purged":["HollowMod:NailStrikeStart","HollowMod:FocusHealStart"],"score":437,"play_id":"6350e344-5668-4f9a-988c-21c806fdf619","local_time":"20201222111419","is_ascension_mode":false,"campfire_choices":[{"data":"HollowMod:BrokenVessel","floor":6,"key":"SMITH"},{"data":"HollowMod:InfectionAssault","floor":10,"key":"SMITH"},{"floor":15,"key":"REST"},{"floor":23,"key":"REST"},{"floor":25,"key":"REST"},{"data":"HollowMod:NewJinnsSoul","floor":32,"key":"SMITH"},{"data":"HollowMod:TaintedHusks","floor":40,"key":"SMITH"}],"circlet_count":0,"master_deck":["HollowMod:QuickDashStart","HollowMod:QuickDashStart","HollowMod:QuickDashStart","HollowMod:PogoStrike","HollowMod:BrokenVessel+1","HollowMod:CloakDash","HollowMod:InfectionAssault+1","HollowMod:NewJinnsSoul+1","HollowMod:TaintedHusks+1","HollowMod:InfectedCysts","CurseOfTheBell","HollowMod:BrokenVessel","HollowMod:NewJinnsSoul","HollowMod:InfectedAttack","HollowMod:InfectedAttack","HollowMod:InfectedAttack","HollowMod:InfectedAttack","HollowMod:CloakDash","HollowMod:MothsMistake+1","HollowMod:InfectedCysts+1"],"relics":["HollowMod:VesselMask","NeowsBlessing","Potion Belt","Incense Burner","Bottled Flame","Calling Bell","Omamori","Gremlin Horn","WingedGreaves","MutagenicStrength","Boot","Old Coin","Ornamental Fan","Lee\u0027s Waffle","Sozu","Membership Card","Mercury Hourglass","InkBottle"],"acts_visited":["Exordium","TheCity","TheBeyond"],"potions_floor_usage":[14,28,33,44],"damage_taken":[{"damage":0,"enemies":"Jaw Worm","floor":1,"turns":1},{"damage":0,"enemies":"Small Slimes","floor":4,"turns":1},{"damage":0,"enemies":"2 Louse","floor":12,"turns":1},{"damage":20,"enemies":"Exordium Thugs","floor":14,"turns":4},{"damage":59,"enemies":"HollowMod:FalseKnight","floor":16,"turns":9},{"damage":29,"enemies":"2 Thieves","floor":18,"turns":3},{"damage":11,"enemies":"3 Byrds","floor":24,"turns":4},{"damage":26,"enemies":"Book of Stabbing","floor":28,"turns":4},{"damage":1,"enemies":"Snake Plant","floor":29,"turns":3},{"damage":82,"enemies":"Automaton","floor":33,"turns":7},{"damage":27,"enemies":"3 Darklings","floor":35,"turns":3},{"damage":8,"enemies":"Orb Walker","floor":37,"turns":2},{"damage":0,"enemies":"Sphere and 2 Shapes","floor":41,"turns":3},{"damage":34,"enemies":"Maw","floor":42,"turns":4},{"damage":39,"enemies":"Nemesis","floor":44,"turns":2}],"seed_played":"-4901509378643376925","potions_obtained":[{"floor":1,"key":"Fire Potion"},{"floor":12,"key":"GamblersBrew"},{"floor":24,"key":"PowerPotion"},{"floor":28,"key":"BlessingOfTheForge"},{"floor":33,"key":"DistilledChaos"}],"is_trial":false,"path_per_floor":["M","?","$","M","$","R","?","?","T","R","?","M","T","M","R","B",null,"M","?","$","?","?","R","M","R","T","?","E","M","T","$","R","B",null,"M","$","M","?","?","R","M","M","T","E"],"character_chosen":"THE_BUGKNIGHT","items_purchased":["HollowMod:CloakDash","HollowMod:NewJinnsSoul","HollowMod:TaintedHusks","HollowMod:MothsMistake","Lee\u0027s Waffle","Membership Card","Mercury Hourglass"],"campfire_rested":3,"item_purchase_floors":[3,5,5,31,31,36,36],"current_hp_per_floor":[75,68,68,68,68,68,57,50,50,50,50,50,50,36,58,9,75,46,40,40,26,26,50,39,63,63,63,37,36,36,87,87,5,87,60,60,52,52,52,52,52,18,18,0,0],"gold":79,"neow_bonus":"THREE_ENEMY_KILL","is_daily":false,"chose_seed":false,"campfire_upgraded":4,"win_rate":0.0,"timestamp":1608632059,"path_taken":["M","?","$","M","$","R","?","?","T","R","?","M","?","M","R","BOSS","M","?","$","?","?","R","M","R","T","?","E","M","?","$","R","BOSS","M","$","M","?","?","R","?","M","T","E"],"items_purchased_type":["Card","Card","Card","Card","Relic","Relic","Relic"],"build_version":"2020-12-13","purchased_purges":2,"victory":false,"max_hp_per_floor":[75,75,75,75,75,75,75,75,75,75,75,75,75,75,75,75,75,75,75,75,80,80,80,80,80,80,80,80,80,80,87,87,87,87,87,87,87,87,87,87,87,87,87,87,87],"card_choices":[{"not_picked":["HollowMod:ShadowDash","HollowMod:GreatSlash"],"picked":"HollowMod:BrokenVessel","floor":1},{"not_picked":["HollowMod:VengefulVoid","HollowMod:CloakDash"],"picked":"HollowMod:InfectionAssault","floor":4},{"not_picked":["HollowMod:CycloneSlash","HollowMod:PureNailStrike","HollowMod:HowlingWraiths"],"picked":"SKIP","floor":12},{"not_picked":["HollowMod:CycloneSlash","HollowMod:ShadowDash"],"picked":"HollowMod:InfectedCysts","floor":14},{"not_picked":["HollowMod:HowlingWraiths","HollowMod:HeavyBlow"],"picked":"HollowMod:BrokenVessel","floor":18},{"not_picked":["HollowMod:AwokenDreamNail","HollowMod:SoulSplash"],"picked":"HollowMod:NewJinnsSoul","floor":24},{"not_picked":["HollowMod:CrystalDash","HollowMod:SiblingsSouls+1"],"picked":"HollowMod:CloakDash","floor":28},{"not_picked":["HollowMod:SoulStrike","HollowMod:TaintedHusks","HollowMod:MonarchWings"],"picked":"SKIP","floor":29},{"not_picked":["HollowMod:DescendingDark","HollowMod:ChannelNail","HollowMod:CoiledNail+1"],"picked":"SKIP","floor":35},{"not_picked":["HollowMod:CornifersMapStart+1","HollowMod:VengefulSpirit","HollowMod:SharpenedNail"],"picked":"SKIP","floor":37},{"not_picked":["HollowMod:RecoilStrike","HollowMod:HeavyBlow+1"],"picked":"HollowMod:InfectedCysts+1","floor":41},{"not_picked":["HollowMod:SharpenedNail","HollowMod:MothsMistake","HollowMod:DescendingDark+1"],"picked":"SKIP","floor":42}],"player_experience":84700,"relics_obtained":[{"floor":9,"key":"Incense Burner"},{"floor":13,"key":"Bottled Flame"},{"floor":17,"key":"Omamori"},{"floor":17,"key":"Gremlin Horn"},{"floor":17,"key":"WingedGreaves"},{"floor":26,"key":"Boot"},{"floor":28,"key":"Old Coin"},{"floor":30,"key":"Ornamental Fan"},{"floor":43,"key":"InkBottle"}],"event_choices":[{"damage_healed":0,"gold_gain":0,"player_choice":"Success","damage_taken":7,"relics_obtained":["Potion Belt"],"max_hp_gain":0,"max_hp_loss":0,"event_name":"Scrap Ooze","floor":2,"gold_loss":0},{"damage_healed":0,"gold_gain":75,"player_choice":"Gather Gold","damage_taken":11,"max_hp_gain":0,"max_hp_loss":0,"event_name":"World of Goop","floor":7,"gold_loss":0},{"cards_removed":["HollowMod:NailStrikeStart"],"damage_healed":0,"gold_gain":0,"player_choice":"Card Removal","damage_taken":7,"max_hp_gain":0,"max_hp_loss":0,"event_name":"Golden Wing","floor":8,"gold_loss":0},{"damage_healed":0,"gold_gain":0,"player_choice":"Joined the Cult","damage_taken":6,"max_hp_gain":0,"max_hp_loss":0,"event_name":"Nest","floor":19,"gold_loss":0,"cards_obtained":["RitualDagger"]},{"damage_healed":0,"gold_gain":0,"player_choice":"Shed Blood","damage_taken":19,"max_hp_gain":5,"max_hp_loss":0,"event_name":"Forgotten Altar","floor":21,"gold_loss":0},{"damage_healed":0,"gold_gain":0,"player_choice":"Inject Mutagens","damage_taken":0,"relics_obtained":["MutagenicStrength"],"max_hp_gain":0,"max_hp_loss":0,"event_name":"Drug Dealer","floor":22,"gold_loss":0},{"cards_removed":["RitualDagger"],"damage_healed":0,"gold_gain":0,"player_choice":"Removed Attack","damage_taken":0,"max_hp_gain":0,"max_hp_loss":0,"event_name":"Falling","floor":38,"gold_loss":0},{"damage_healed":0,"gold_gain":0,"player_choice":"Upgraded","damage_taken":0,"max_hp_gain":0,"max_hp_loss":0,"event_name":"Upgrade Shrine","floor":39,"gold_loss":0,"cards_upgraded":["HollowMod:MothsMistake"]}],"is_beta":false,"boss_relics":[{"not_picked":["Runic Dome","Runic Pyramid"],"picked":"Calling Bell"},{"not_picked":["HollowMod:VoidIdolRelic","Tiny House"],"picked":"Sozu"}],"items_purged_floors":[20,31],"is_endless":false,"potions_floor_spawned":[1,12,24,28,33,35],"killed_by":"Nemesis","ascension_level":0}}