{"host":"93x13jgem5w43hjr","time":1608602491,"event":{"mods":["AchievementEnabler","BaseMod","Colored Map","Colored Powertips","Downfall","Minty Spire (QoL Compilation)","Remilia??????","StSLib","The Animator","The Hierophant"],"gold_per_floor":[119,137,87,97,172,211,211,229,229,229,248,423,11,40,40,142,142,167,167,167,177,197,223,223,123,123,158,158,158,191,191,191,286,286,296,296,346,74,74,74,102,128,140,152,175,37,69,82,82,82],"floor_reached":51,"playtime":5585,"items_purged":["Doubt","animator:MisakiNakahara","animator:GazelDwargon","animator:Benimaru"],"score":851,"play_id":"9a2aa031-3223-41fa-8ce8-69f7511e2341","local_time":"20201221190131","is_ascension_mode":false,"campfire_choices":[{"data":"animator:Priestess","floor":7,"key":"SMITH"},{"data":"animator:KrulTepes","floor":10,"key":"SMITH"},{"data":"animator:Saitama","floor":15,"key":"SMITH"},{"data":"animator:Kaijin","floor":24,"key":"SMITH"},{"data":"animator:Spearman","floor":28,"key":"SMITH"},{"data":"animator:SwordMaiden","floor":32,"key":"SMITH"},{"data":"animator:GoblinSlayer","floor":40,"key":"SMITH"},{"data":"animator:Spearman","floor":44,"key":"SMITH"},{"data":"animator:HigakiRinne","floor":49,"key":"SMITH"}],"circlet_count":0,"master_deck":["animator:Defend_GoblinSlayer","animator:Defend+1","animator:Defend","animator:Defend","animator:LizardPriest","animator:DwarfShaman","animator:DwarfShaman","animator:LeleiLaLalena","animator:LizardPriest","animator:Priestess+1","animator:KrulTepes+1","animator:Kaijin+1","animator:Saitama+1","animator:GoblinSlayer+1","animator:Witch","animator:SwordMaiden+1","animator:Spearman+1","animator:Kaijin+1","Bite","Bite","Bite","Bite","Bite","animator:FeridBathory","animator:HigakiRinne+1","animator:DwarfShaman","animator:Spearman+1","animator:LizardPriest+1","animator:HighElfArcher"],"relics":["animator:VividPicture","animator:TheMissingPiece","White Beast Statue","Shuriken","FossilizedHelix","Mango","Blood Vial","PreservedInsect","animator:CursedBlade","Enchiridion","animator:AlchemistGlove","Pantograph","MutagenicStrength","Gambling Chip","Blood Vial","Torii","Toy Ornithopter","MawBank","Singing Bowl","Paper Frog"],"acts_visited":["Exordium","TheCity","TheBeyond"],"potions_floor_usage":[2,11,14,16,16,22,23,23,23,27,30,33,33,41,42,42,47,47,48,48,50],"damage_taken":[{"damage":10,"enemies":"Jaw Worm","floor":1,"turns":5},{"damage":2,"enemies":"Small Slimes","floor":2,"turns":4},{"damage":0,"enemies":"2 Louse","floor":4,"turns":3},{"damage":6,"enemies":"Lagavulin","floor":6,"turns":8},{"damage":0,"enemies":"Looter","floor":8,"turns":4},{"damage":0,"enemies":"Gremlin Gang","floor":11,"turns":4},{"damage":0,"enemies":"3 Sentries","floor":14,"turns":8},{"damage":0,"enemies":"Slime Boss","floor":16,"turns":7},{"damage":0,"enemies":"Chosen","floor":18,"turns":7},{"damage":0,"enemies":"Shell Parasite","floor":21,"turns":6},{"damage":10,"enemies":"Snake Plant","floor":22,"turns":4},{"damage":2,"enemies":"Gremlin Leader","floor":23,"turns":10},{"damage":0,"enemies":"3 Cultists","floor":27,"turns":7},{"damage":4,"enemies":"Book of Stabbing","floor":30,"turns":5},{"damage":10,"enemies":"Collector","floor":33,"turns":8},{"damage":0,"enemies":"3 Shapes","floor":35,"turns":4},{"damage":0,"enemies":"Mind Bloom Boss Battle","floor":37,"turns":5},{"damage":2,"enemies":"Reptomancer","floor":41,"turns":6},{"damage":12,"enemies":"3 Darklings","floor":42,"turns":5},{"damage":0,"enemies":"Spire Growth","floor":45,"turns":5},{"damage":1,"enemies":"Giant Head","floor":47,"turns":7},{"damage":1,"enemies":"Transient","floor":48,"turns":5},{"damage":62,"enemies":"Donu and Deca","floor":50,"turns":11}],"seed_played":"-2533932840079558322","potions_obtained":[{"floor":1,"key":"Weak Potion"},{"floor":6,"key":"Fire Potion"},{"floor":8,"key":"Explosive Potion"},{"floor":11,"key":"Slimebound:ThreeZeroPotion"},{"floor":14,"key":"AttackPotion"},{"floor":16,"key":"BlessingOfTheForge"},{"floor":18,"key":"BlessingOfTheForge"},{"floor":21,"key":"Fire Potion"},{"floor":22,"key":"EssenceOfSteel"},{"floor":23,"key":"Dexterity Potion"},{"floor":27,"key":"Guardian:BlockOnCardUsePotion"},{"floor":30,"key":"animator:GrowthPotion"},{"floor":33,"key":"Guardian:BlockOnCardUsePotion"},{"floor":35,"key":"BlessingOfTheForge"},{"floor":37,"key":"SkillPotion"},{"floor":41,"key":"champ:CounterPotion"},{"floor":42,"key":"Guardian:BlockOnCardUsePotion"},{"floor":45,"key":"Guardian:BlockOnCardUsePotion"},{"floor":47,"key":"AttackPotion"},{"floor":48,"key":"PowerPotion"}],"is_trial":false,"path_per_floor":["M","M","?","M","T","E","R","M","T","R","M","?","$","E","R","B",null,"M","?","?","M","M","E","R","$","T","M","R","?","E","?","R","B",null,"M","?","?","$","?","R","E","M","T","R","M","$","E","M","R","B",null],"character_chosen":"THE_ANIMATOR","items_purchased":["animator:Kaijin","Mango","Toy Ornithopter"],"campfire_rested":0,"item_purchase_floors":[13,13,38],"current_hp_per_floor":[62,60,60,60,60,54,54,54,54,54,54,54,68,68,68,71,87,87,71,71,75,69,72,72,72,72,76,76,76,76,76,76,80,88,88,77,88,88,88,88,88,85,85,85,88,88,90,91,91,46],"gold":82,"neow_bonus":"TEN_PERCENT_HP_BONUS","is_daily":false,"chose_seed":false,"campfire_upgraded":9,"win_rate":0.0,"timestamp":1608602491,"path_taken":["M","M","?","M","?","E","R","M","T","R","M","?","?","E","R","BOSS","M","?","?","?","M","E","R","$","T","M","R","?","E","?","R","BOSS","M","?","?","$","?","R","E","M","T","R","M","$","E","M","R","BOSS"],"items_purchased_type":["Card","Relic","Relic"],"build_version":"2020-12-13","purchased_purges":4,"victory":true,"max_hp_per_floor":[72,72,72,72,72,72,72,72,72,72,72,72,86,86,86,87,87,87,87,87,87,87,88,88,88,88,88,88,88,88,88,88,88,88,88,88,88,88,88,88,88,88,88,88,88,88,90,92,92,92],"card_choices":[{"not_picked":["animator:Hakurou","animator:Shuna"],"picked":"animator:DwarfShaman","floor":1},{"not_picked":["animator:SilverFang","animator:Kuribayashi"],"picked":"animator:LeleiLaLalena","floor":2},{"not_picked":["animator:Greed","animator:CrowleyEusford"],"picked":"animator:LizardPriest","floor":4},{"not_picked":["animator:LizardPriest","animator:HighElfArcher"],"picked":"animator:Priestess","floor":6},{"not_picked":["animator:DolaCouronne","animator:Shuna"],"picked":"animator:KrulTepes","floor":8},{"not_picked":["animator:TukaLunaMarceau","animator:LizardPriest"],"picked":"animator:GazelDwargon","floor":11},{"not_picked":["animator:MumenRider","animator:Shuna"],"picked":"animator:Saitama","floor":14},{"not_picked":["animator:Shiro","animator:Saitama"],"picked":"animator:GoblinSlayer","floor":16},{"not_picked":["animator:DwarfShaman","animator:GuildGirl"],"picked":"animator:Witch","floor":18},{"not_picked":["animator:Hakurou+1","animator:IzunaHatsuse","animator:DolaCouronne+1"],"picked":"SKIP","floor":21},{"not_picked":["animator:Tet+1","animator:Shinoa","animator:ElricEdward+1"],"picked":"SKIP","floor":22},{"not_picked":["animator:TukaLunaMarceau","animator:Sloth"],"picked":"animator:SwordMaiden","floor":23},{"not_picked":["animator:DwarfShaman","animator:HighElfArcher"],"picked":"animator:Spearman","floor":27},{"not_picked":["animator:HighElfArcher","animator:LizardPriest"],"picked":"animator:Kaijin+1","floor":30},{"not_picked":["animator:PinaCoLada","animator:Envy"],"picked":"animator:FeridBathory","floor":33},{"not_picked":["animator:SilverFang+1","animator:WinryRockbell+1","animator:MumenRider+1"],"picked":"SKIP","floor":35},{"not_picked":["animator:Tyuule+1","animator:Millim+1"],"picked":"animator:DwarfShaman","floor":37},{"not_picked":["animator:GuildGirl","animator:Genos","animator:FielNirvalen"],"picked":"SKIP","floor":41},{"not_picked":["animator:LizardPriest","animator:Witch"],"picked":"animator:Spearman","floor":42},{"not_picked":["animator:Tatsumaki+1","animator:Shigure+1"],"picked":"animator:LizardPriest+1","floor":45},{"not_picked":["animator:Genos+1","animator:MetalKnight+1","animator:Souei+1"],"picked":"Singing Bowl","floor":47},{"not_picked":["animator:Millim","animator:SilverFang"],"picked":"animator:HighElfArcher","floor":48}],"player_experience":166797,"relics_obtained":[{"floor":5,"key":"White Beast Statue"},{"floor":6,"key":"Shuriken"},{"floor":9,"key":"FossilizedHelix"},{"floor":14,"key":"Blood Vial"},{"floor":14,"key":"PreservedInsect"},{"floor":16,"key":"Blood Vial"},{"floor":19,"key":"Enchiridion"},{"floor":23,"key":"animator:AlchemistGlove"},{"floor":26,"key":"Pantograph"},{"floor":30,"key":"Gambling Chip"},{"floor":33,"key":"Blood Vial"},{"floor":37,"key":"Torii"},{"floor":41,"key":"MawBank"},{"floor":43,"key":"Singing Bowl"},{"floor":47,"key":"Paper Frog"}],"event_choices":[{"cards_removed":["animator:Strike"],"damage_healed":0,"gold_gain":0,"player_choice":"Card Removal","damage_taken":0,"max_hp_gain":0,"max_hp_loss":0,"event_name":"The Cleric","floor":3,"gold_loss":50},{"damage_healed":0,"gold_gain":175,"player_choice":"AGREE","damage_taken":0,"max_hp_gain":0,"max_hp_loss":0,"event_name":"Liars Game","floor":12,"gold_loss":0,"cards_obtained":["Doubt"]},{"damage_healed":0,"gold_gain":0,"player_choice":"Obtained Book","damage_taken":16,"max_hp_gain":0,"max_hp_loss":0,"event_name":"Cursed Tome","floor":19,"gold_loss":0},{"damage_healed":0,"gold_gain":0,"player_choice":"2 cards matched","damage_taken":0,"max_hp_gain":0,"max_hp_loss":0,"event_name":"Match and Keep!","floor":20,"gold_loss":0,"cards_obtained":["animator:MisakiNakahara","animator:Benimaru"]},{"damage_healed":0,"gold_gain":0,"player_choice":"Inject Mutagens","damage_taken":0,"relics_obtained":["MutagenicStrength"],"max_hp_gain":0,"max_hp_loss":0,"event_name":"Drug Dealer","floor":29,"gold_loss":0},{"damage_healed":0,"gold_gain":0,"player_choice":"Became a vampire (Vial)","damage_taken":0,"max_hp_gain":0,"max_hp_loss":0,"event_name":"Vampires","floor":31,"relics_lost":["Blood Vial"],"gold_loss":0,"cards_obtained":["Bite","Bite","Bite","Bite","Bite"]},{"damage_healed":0,"gold_gain":0,"player_choice":"Embrace Madness","damage_taken":11,"max_hp_gain":0,"max_hp_loss":0,"event_name":"Winding Halls","floor":36,"gold_loss":0,"cards_obtained":["animator:HigakiRinne"]},{"damage_healed":0,"gold_gain":0,"player_choice":"Fight","damage_taken":0,"max_hp_gain":0,"max_hp_loss":0,"event_name":"MindBloom","floor":37,"gold_loss":0},{"damage_healed":0,"gold_gain":0,"player_choice":"Ignored","damage_taken":0,"max_hp_gain":0,"max_hp_loss":0,"event_name":"NoteForYourself","floor":39,"gold_loss":0}],"is_beta":false,"boss_relics":[{"not_picked":["expansioncontent:StudyCardRelic","Sozu"],"picked":"animator:CursedBlade"},{"not_picked":["Runic Dome","SlaversCollar"],"picked":"animator:VividPicture"}],"items_purged_floors":[13,25,38,46],"is_endless":false,"potions_floor_spawned":[1,6,8,11,14,16,18,21,22,23,27,30,33,35,37,41,42,45,47,48],"ascension_level":0}}