{"host":"vyt5ne9ydo1z9gg1","time":1608604358,"event":{"mods":["BaseMod","Curses Come First","DeckTracker","GifTheSpireLib","Minty Spire (QoL Compilation)","StSLib"],"gold_per_floor":[115,130,147,0,0,26,26,26,51,81,93,107,124,159,159,258,258,271,271,282,292,303,303,330,348,396,422,422,453,471,490,490,490,490],"floor_reached":33,"playtime":2129,"items_purged":[],"score":445,"play_id":"81676396-f4dd-41d7-9fd5-24051b27c045","local_time":"20201222133238","is_ascension_mode":true,"campfire_choices":[{"floor":8,"key":"REST"},{"floor":15,"key":"REST"},{"floor":23,"key":"REST"},{"floor":28,"key":"REST"},{"floor":32,"key":"RECALL"}],"circlet_count":0,"master_deck":["Strike_R","Strike_R","Strike_R","Strike_R","Strike_R","Defend_R","Bash","Perfected Strike","Thunderclap","Shockwave","Dropkick","Spot Weakness+1","Flame Barrier+1","Shrug It Off","Evolve","Flame Barrier","Reaper","Cleave+1","Shrug It Off+1","Fiend Fire+1","Warcry+1","Power Through+1","Armaments+1","Berserk","Dark Embrace"],"relics":["Burning Blood","NeowsBlessing","Happy Flower","Bag of Preparation","Regal Pillow","Letter Opener","War Paint","Astrolabe","Du-Vu Doll","CaptainsWheel","Oddly Smooth Stone"],"acts_visited":["Exordium","TheCity"],"potions_floor_usage":[16,21,21,33,33],"damage_taken":[{"damage":0,"enemies":"Cultist","floor":1,"turns":1},{"damage":0,"enemies":"2 Louse","floor":2,"turns":1},{"damage":0,"enemies":"Jaw Worm","floor":3,"turns":1},{"damage":42,"enemies":"3 Sentries","floor":6,"turns":5},{"damage":28,"enemies":"Lagavulin","floor":10,"turns":5},{"damage":0,"enemies":"Large Slime","floor":11,"turns":4},{"damage":9,"enemies":"Blue Slaver","floor":12,"turns":4},{"damage":11,"enemies":"Looter","floor":13,"turns":2},{"damage":18,"enemies":"3 Sentries","floor":14,"turns":7},{"damage":37,"enemies":"Slime Boss","floor":16,"turns":14},{"damage":46,"enemies":"2 Thieves","floor":18,"turns":4},{"damage":2,"enemies":"3 Byrds","floor":20,"turns":2},{"damage":15,"enemies":"Snake Plant","floor":21,"turns":4},{"damage":14,"enemies":"Centurion and Healer","floor":22,"turns":7},{"damage":46,"enemies":"Slavers","floor":24,"turns":6},{"damage":25,"enemies":"Shelled Parasite and Fungi","floor":25,"turns":4},{"damage":0,"enemies":"Gremlin Leader","floor":27,"turns":9},{"damage":49,"enemies":"Slavers","floor":29,"turns":7},{"damage":4,"enemies":"Cultist and Chosen","floor":30,"turns":4},{"damage":21,"enemies":"Sentry and Sphere","floor":31,"turns":6},{"damage":53,"enemies":"Automaton","floor":33,"turns":8}],"seed_played":"5159618561432104404","potions_obtained":[{"floor":3,"key":"Energy Potion"},{"floor":10,"key":"GamblersBrew"},{"floor":11,"key":"HeartOfIron"},{"floor":21,"key":"Dexterity Potion"},{"floor":24,"key":"SneckoOil"},{"floor":25,"key":"Swift Potion"},{"floor":27,"key":"SmokeBomb"},{"floor":29,"key":"Strength Potion"}],"is_trial":false,"path_per_floor":["M","M","M","$","?","E","$","R","T","E","M","M","M","E","R","B",null,"M","?","M","M","M","R","E","M","T","E","R","E","M","M","R","B"],"character_chosen":"IRONCLAD","items_purchased":["Happy Flower"],"campfire_rested":4,"item_purchase_floors":[4],"current_hp_per_floor":[80,80,80,80,80,44,44,68,68,46,52,49,44,32,71,40,70,38,23,27,18,20,60,32,13,13,25,65,34,60,50,50,0,0],"gold":490,"neow_bonus":"THREE_ENEMY_KILL","is_daily":false,"chose_seed":false,"campfire_upgraded":0,"win_rate":0.0,"timestamp":1608604358,"path_taken":["M","?","M","$","?","E","?","R","T","E","M","M","M","E","R","BOSS","M","?","M","M","M","R","E","M","T","E","R","E","M","M","R","BOSS"],"items_purchased_type":["Relic"],"build_version":"2020-12-13","purchased_purges":0,"victory":false,"max_hp_per_floor":[80,80,80,80,80,80,80,80,80,80,80,80,80,80,80,80,80,80,85,85,85,85,85,85,85,85,85,85,85,85,85,85,85,85],"card_choices":[{"not_picked":["Heavy Blade","Reckless Charge"],"picked":"Perfected Strike","floor":1},{"not_picked":["Havoc","Anger"],"picked":"Thunderclap","floor":2},{"not_picked":["Havoc","Combust"],"picked":"Shockwave","floor":3},{"not_picked":["Clash","Corruption"],"picked":"True Grit","floor":6},{"not_picked":["Searing Blow","Burning Pact"],"picked":"Spot Weakness","floor":10},{"not_picked":["Flex","Twin Strike"],"picked":"Flame Barrier","floor":11},{"not_picked":["Twin Strike","Second Wind"],"picked":"Shrug It Off","floor":12},{"not_picked":["Sword Boomerang","Wild Strike"],"picked":"Evolve","floor":13},{"not_picked":["Armaments","Shockwave"],"picked":"Flame Barrier","floor":14},{"not_picked":["Fiend Fire","Immolate"],"picked":"Reaper","floor":16},{"not_picked":["Shrug It Off","Feel No Pain+1"],"picked":"Warcry+1","floor":18},{"not_picked":["Iron Wave","Armaments"],"picked":"Power Through+1","floor":20},{"not_picked":["Body Slam+1","Rage"],"picked":"Armaments+1","floor":21},{"not_picked":["Flame Barrier","Pommel Strike","Twin Strike"],"picked":"SKIP","floor":22},{"not_picked":["Infernal Blade","Disarm"],"picked":"Berserk","floor":24},{"not_picked":["Wild Strike","Anger","Sword Boomerang"],"picked":"SKIP","floor":25},{"not_picked":["Cleave","Blood for Blood","Body Slam"],"picked":"SKIP","floor":27},{"not_picked":["Carnage+1","Warcry","Thunderclap"],"picked":"SKIP","floor":29},{"not_picked":["Cleave","Rampage","Rage"],"picked":"SKIP","floor":30},{"not_picked":["Anger","Sword Boomerang"],"picked":"Dark Embrace","floor":31}],"player_experience":114008,"relics_obtained":[{"floor":6,"key":"Bag of Preparation"},{"floor":9,"key":"Regal Pillow"},{"floor":10,"key":"Letter Opener"},{"floor":14,"key":"War Paint"},{"floor":24,"key":"Du-Vu Doll"},{"floor":27,"key":"CaptainsWheel"},{"floor":29,"key":"Oddly Smooth Stone"}],"event_choices":[{"damage_healed":0,"gold_gain":0,"cards_transformed":["Defend_R"],"player_choice":"Change","damage_taken":0,"max_hp_gain":0,"max_hp_loss":0,"event_name":"Living Wall","floor":5,"gold_loss":0,"cards_obtained":["Dropkick"]},{"damage_healed":0,"gold_gain":0,"player_choice":"Shed Blood","damage_taken":20,"max_hp_gain":5,"max_hp_loss":0,"event_name":"Forgotten Altar","floor":19,"gold_loss":0}],"is_beta":false,"boss_relics":[{"not_picked":["Busted Crown","Calling Bell"],"picked":"Astrolabe"}],"items_purged_floors":[],"is_endless":false,"potions_floor_spawned":[3,10,11,21,24,25,27,29,30],"killed_by":"Automaton","ascension_level":5}}