{"host":"girf3bnli6r7x4ah","time":1608669569,"event":{"mods":["2.2 Compatiblity","AchievementEnabler","BaseMod","Colored Map","DeckTracker","Highlight Path","Minty Spire (QoL Compilation)","Random Character Button","Rare Cards Sparkle"],"gold_per_floor":[113,113,113,127,146,178,188,188,188,188,218,218,236,270,270,374,374,391,131,131,146,146,171,171,196,267,267,267,279,279,290,290,392,392,410,410,459,476,58,58,58],"floor_reached":40,"playtime":3020,"items_purged":[],"score":492,"play_id":"2029759d-b9e3-4a35-a46b-b4973c6f345b","local_time":"20201222213929","is_ascension_mode":true,"campfire_choices":[{"floor":10,"key":"RECALL"},{"data":"A Thousand Cuts","floor":12,"key":"SMITH"},{"floor":15,"key":"REST"},{"floor":24,"key":"REST"},{"floor":27,"key":"REST"},{"data":"Unload","floor":32,"key":"SMITH"}],"circlet_count":0,"master_deck":["Strike_G","Strike_G","Strike_G","Strike_G","Strike_G","Defend_G","Defend_G","Defend_G","Defend_G","Defend_G","Survivor","Neutralize","Flying Knee+1","A Thousand Cuts+1","Sucker Punch","Heel Hook","Burst","Infinite Blades","Grand Finale","Die Die Die","Blade Dance","Footwork+1","Cloak And Dagger+1","Riddle With Holes","Flying Knee+1","Unload+1","A Thousand Cuts","Blur+1","Blade Dance+1","Terror","Distraction+1","Footwork+1","Dodge and Roll+1"],"relics":["Ring of the Snake","Question Card","Paper Crane","Bronze Scales","Torii","Philosopher\u0027s Stone","Sundial","Happy Flower","Ancient Tea Set","MutagenicStrength","Sozu","Peace Pipe","Ninja Scroll","Orrery"],"acts_visited":["Exordium","TheCity","TheBeyond"],"potions_floor_usage":[6,14,16,22,22,23,31,35],"damage_taken":[{"damage":1,"enemies":"Jaw Worm","floor":1,"turns":6},{"damage":1,"enemies":"Cultist","floor":4,"turns":3},{"damage":0,"enemies":"Small Slimes","floor":5,"turns":3},{"damage":27,"enemies":"Gremlin Nob","floor":6,"turns":5},{"damage":11,"enemies":"3 Louse","floor":7,"turns":3},{"damage":9,"enemies":"Lagavulin","floor":11,"turns":8},{"damage":0,"enemies":"Looter","floor":13,"turns":2},{"damage":14,"enemies":"3 Sentries","floor":14,"turns":4},{"damage":14,"enemies":"The Guardian","floor":16,"turns":9},{"damage":22,"enemies":"Spheric Guardian","floor":18,"turns":4},{"damage":20,"enemies":"2 Thieves","floor":21,"turns":4},{"damage":2,"enemies":"Cultist and Chosen","floor":22,"turns":4},{"damage":10,"enemies":"Book of Stabbing","floor":23,"turns":5},{"damage":0,"enemies":"Gremlin Leader","floor":25,"turns":6},{"damage":0,"enemies":"Chosen and Byrds","floor":29,"turns":3},{"damage":0,"enemies":"Snake Plant","floor":31,"turns":4},{"damage":40,"enemies":"Champ","floor":33,"turns":11},{"damage":32,"enemies":"3 Shapes","floor":35,"turns":5},{"damage":46,"enemies":"2 Orb Walkers","floor":37,"turns":4},{"damage":2,"enemies":"3 Darklings","floor":38,"turns":5},{"damage":35,"enemies":"Nemesis","floor":40,"turns":2}],"seed_played":"-3814434731644263071","potions_obtained":[{"floor":0,"key":"LiquidMemories"},{"floor":0,"key":"Dexterity Potion"},{"floor":0,"key":"SmokeBomb"},{"floor":1,"key":"FearPotion"},{"floor":5,"key":"SkillPotion"},{"floor":11,"key":"SkillPotion"},{"floor":14,"key":"LiquidBronze"},{"floor":21,"key":"ColorlessPotion"},{"floor":23,"key":"Weak Potion"},{"floor":33,"key":"Regen Potion"}],"is_trial":false,"path_per_floor":["M","?","$","M","M","E","M","?","T","R","E","R","M","E","R","B",null,"M","$","?","M","M","E","R","E","T","R","?","M","?","M","R","B",null,"M","?","?","M","$","E"],"character_chosen":"THE_SILENT","items_purchased":["Sundial","Ninja Scroll","Orrery"],"campfire_rested":3,"item_purchase_floors":[19,39,39],"current_hp_per_floor":[69,69,69,68,68,41,30,53,53,53,44,44,44,30,51,37,70,48,48,35,15,13,3,25,25,25,47,72,72,72,72,72,32,75,55,55,9,7,7,0,0],"gold":58,"neow_bonus":"THREE_SMALL_POTIONS","is_daily":false,"chose_seed":false,"campfire_upgraded":2,"win_rate":0.0,"timestamp":1608669569,"path_taken":["M","?","?","M","M","E","M","?","T","R","E","R","M","E","R","BOSS","M","$","?","M","M","E","R","E","T","R","?","M","?","?","R","BOSS","M","?","?","M","$","E"],"items_purchased_type":["Relic","Relic","Relic"],"build_version":"2020-12-13","purchased_purges":0,"victory":false,"max_hp_per_floor":[70,70,70,70,70,70,70,70,70,70,70,70,70,70,70,70,70,70,70,75,75,75,75,75,75,75,75,75,75,75,75,75,75,75,75,71,71,71,71,71,71],"card_choices":[{"not_picked":["Choke","Dodge and Roll"],"picked":"Flying Knee","floor":1},{"not_picked":["Dagger Spray","Prepared","Acrobatics"],"picked":"SKIP","floor":4},{"not_picked":["Flying Knee","Deflect"],"picked":"A Thousand Cuts","floor":5},{"not_picked":["Expertise","Noxious Fumes"],"picked":"Sucker Punch","floor":6},{"not_picked":["Endless Agony","Concentrate","Sucker Punch"],"picked":"Heel Hook","floor":7},{"not_picked":["Outmaneuver","Crippling Poison","Leg Sweep"],"picked":"Burst","floor":11},{"not_picked":["Flying Knee","Eviscerate","Blur"],"picked":"Infinite Blades","floor":13},{"not_picked":["Finisher","Outmaneuver","Acrobatics"],"picked":"Grand Finale","floor":14},{"not_picked":["Glass Knife","Adrenaline","Grand Finale"],"picked":"Die Die Die","floor":16},{"not_picked":["Riddle With Holes","Prepared","Bane"],"picked":"Blade Dance","floor":18},{"not_picked":["Deflect+1","Caltrops+1","Dagger Spray+1"],"picked":"Footwork+1","floor":21},{"not_picked":["Deflect","Footwork","Poisoned Stab"],"picked":"Cloak And Dagger+1","floor":23},{"not_picked":["Predator","Acrobatics","Sucker Punch"],"picked":"Riddle With Holes","floor":25},{"not_picked":["Sucker Punch","Deflect","Bouncing Flask+1"],"picked":"Flying Knee+1","floor":29},{"not_picked":["Sucker Punch+1","Skewer","Distraction"],"picked":"Unload","floor":31},{"not_picked":["Corpse Explosion","Wraith Form v2","Grand Finale"],"picked":"A Thousand Cuts","floor":33},{"not_picked":["Dagger Spray","Dagger Throw","Accuracy"],"picked":"Blur+1","floor":35},{"not_picked":["Dodge and Roll+1","Terror+1","Backflip+1"],"picked":"Blade Dance+1","floor":37},{"not_picked":["Underhanded Strike+1","Caltrops","Dagger Spray+1"],"picked":"Terror","floor":38},{"not_picked":["Skewer+1","Slice+1","Outmaneuver"],"picked":"Distraction+1","floor":39},{"not_picked":["Finisher","Underhanded Strike+1","Slice"],"picked":"Footwork+1","floor":39},{"not_picked":["Flechettes","Setup+1","Outmaneuver+1"],"picked":"Dodge and Roll+1","floor":39}],"player_experience":73590,"relics_obtained":[{"floor":6,"key":"Question Card"},{"floor":9,"key":"Paper Crane"},{"floor":11,"key":"Bronze Scales"},{"floor":14,"key":"Torii"},{"floor":23,"key":"Happy Flower"},{"floor":25,"key":"Ancient Tea Set"},{"floor":37,"key":"Peace Pipe"}],"event_choices":[{"damage_healed":0,"gold_gain":0,"player_choice":"Upgraded","damage_taken":0,"max_hp_gain":0,"max_hp_loss":0,"event_name":"Upgrade Shrine","floor":2,"gold_loss":0,"cards_upgraded":["Flying Knee"]},{"damage_healed":23,"gold_gain":0,"player_choice":"Banana","damage_taken":0,"max_hp_gain":0,"max_hp_loss":0,"event_name":"Big Fish","floor":8,"gold_loss":0},{"damage_healed":0,"gold_gain":0,"player_choice":"Shed Blood","damage_taken":18,"max_hp_gain":5,"max_hp_loss":0,"event_name":"Forgotten Altar","floor":20,"gold_loss":0},{"damage_healed":25,"gold_gain":0,"player_choice":"Heal","damage_taken":0,"max_hp_gain":0,"max_hp_loss":0,"event_name":"The Library","floor":28,"gold_loss":0},{"damage_healed":0,"gold_gain":0,"player_choice":"Inject Mutagens","damage_taken":0,"relics_obtained":["MutagenicStrength"],"max_hp_gain":0,"max_hp_loss":0,"event_name":"Drug Dealer","floor":30,"gold_loss":0},{"damage_healed":0,"gold_gain":0,"player_choice":"Max HP","damage_taken":0,"max_hp_gain":0,"max_hp_loss":4,"event_name":"Winding Halls","floor":36,"gold_loss":0},{"damage_healed":0,"gold_gain":0,"player_choice":"Fight","damage_taken":0,"max_hp_gain":0,"max_hp_loss":0,"event_name":"Mysterious Sphere","floor":37,"gold_loss":0}],"is_beta":false,"boss_relics":[{"not_picked":["Cursed Key","HoveringKite"],"picked":"Philosopher\u0027s Stone"},{"not_picked":["Velvet Choker","Runic Pyramid"],"picked":"Sozu"}],"items_purged_floors":[],"is_endless":false,"potions_floor_spawned":[1,5,11,13,14,21,23,33,37],"killed_by":"Nemesis","ascension_level":1}}