{"host":"03a85bwj0a5skoit","time":1608620622,"event":{"mods":["BaseMod","Block Reminder","Minty Spire (QoL Compilation)","Relic Stats","StSLib"],"gold_per_floor":[14,29,29,39,39,39,65,65,92,92,122,138,138,8,8,80,80,95,109,26,46,321,321,333,333,333,353,90,90,90],"floor_reached":29,"playtime":844,"items_purged":["Strike_B","Regret"],"score":466,"play_id":"9dba81b6-bffe-44c2-a8fa-c6ee7f2d8614","local_time":"20201222173342","is_ascension_mode":true,"campfire_choices":[{"data":"Ball Lightning","floor":6,"key":"SMITH"},{"data":"Zap","floor":8,"key":"SMITH"},{"data":"Cold Snap","floor":10,"key":"SMITH"},{"data":"Glacier","floor":15,"key":"SMITH"},{"data":"Barrage","floor":23,"key":"SMITH"},{"floor":25,"key":"REST"}],"circlet_count":0,"master_deck":["AscendersBane","Defend_B","Defend_B","Defend_B","Defend_B","Zap+1","Dualcast","Ball Lightning+1","Cold Snap+1","Capacitor","Capacitor","Glacier+1","Loop","Core Surge","Chaos","Barrage+1","Coolheaded","Blizzard+1","Glacier+1","Ball Lightning+1"],"relics":["Cracked Core","HornCleat","White Beast Statue","Strawberry","Orichalcum","Velvet Choker","Symbiotic Virus","TheAbacus"],"acts_visited":["Exordium","TheCity"],"potions_floor_usage":[16,19,24,27,29,29],"damage_taken":[{"damage":0,"enemies":"Small Slimes","floor":1,"turns":4},{"damage":7,"enemies":"Jaw Worm","floor":2,"turns":3},{"damage":0,"enemies":"Cultist","floor":4,"turns":3},{"damage":27,"enemies":"3 Sentries","floor":7,"turns":9},{"damage":30,"enemies":"Lagavulin","floor":11,"turns":6},{"damage":6,"enemies":"2 Fungi Beasts","floor":12,"turns":4},{"damage":21,"enemies":"Slime Boss","floor":16,"turns":12},{"damage":11,"enemies":"Spheric Guardian","floor":18,"turns":5},{"damage":0,"enemies":"3 Byrds","floor":19,"turns":2},{"damage":29,"enemies":"Snake Plant","floor":21,"turns":6},{"damage":2,"enemies":"Cultist and Chosen","floor":24,"turns":5},{"damage":30,"enemies":"Shelled Parasite and Fungi","floor":27,"turns":5},{"damage":15,"enemies":"Slavers","floor":29,"turns":1}],"seed_played":"-979546897490851360","potions_obtained":[{"floor":2,"key":"PotionOfCapacity"},{"floor":11,"key":"SpeedPotion"},{"floor":12,"key":"LiquidBronze"},{"floor":16,"key":"ColorlessPotion"},{"floor":19,"key":"Swift Potion"},{"floor":21,"key":"Fire Potion"},{"floor":24,"key":"Strength Potion"},{"floor":27,"key":"AttackPotion"}],"is_trial":false,"path_per_floor":["M","M","?","M","T","R","E","R","T","R","E","M","?","$","R","B",null,"M","M","$","M","?","R","M","R","T","M","$","E"],"character_chosen":"DEFECT","items_purchased":["FocusPotion","Barrage","Coolheaded","TheAbacus"],"campfire_rested":1,"item_purchase_floors":[14,20,20,28],"current_hp_per_floor":[64,57,57,57,57,57,30,30,37,37,7,1,27,27,27,6,60,49,49,49,20,20,20,18,41,41,11,11,0,0],"gold":90,"neow_bonus":"REMOVE_TWO","is_daily":false,"chose_seed":false,"campfire_upgraded":5,"win_rate":0.0,"timestamp":1608620622,"path_taken":["M","M","?","M","?","R","E","R","T","R","E","?","?","$","R","BOSS","M","M","$","M","?","R","M","R","T","M","?","E"],"items_purchased_type":["Potion","Card","Card","Relic"],"build_version":"2020-12-13","purchased_purges":2,"victory":false,"max_hp_per_floor":[71,71,71,71,71,71,71,71,78,78,78,78,78,78,78,78,78,78,78,78,78,78,78,78,78,78,78,78,78,78],"relic_stats":{"TheAbacus":[0],"counters":[13,65],"Orichalcum":[24],"obtain_stats":[{"HornCleat":5,"TheAbacus":28,"Strawberry":9,"Velvet Choker":17,"Orichalcum":11,"Cracked Core":0,"Symbiotic Virus":26,"White Beast Statue":7},{"HornCleat":3,"TheAbacus":12,"Strawberry":4,"Velvet Choker":7,"Orichalcum":5,"Cracked Core":0,"Symbiotic Virus":11,"White Beast Statue":4},{"HornCleat":10,"TheAbacus":64,"Strawberry":19,"Velvet Choker":41,"Orichalcum":25,"Cracked Core":0,"Symbiotic Virus":59,"White Beast Statue":19}]},"card_choices":[{"not_picked":["Stack","Cold Snap"],"picked":"Ball Lightning","floor":1},{"not_picked":["Doom and Gloom","Rebound"],"picked":"Cold Snap","floor":2},{"not_picked":["Streamline","Hologram"],"picked":"Capacitor","floor":4},{"not_picked":["Conserve Battery","Seek"],"picked":"Capacitor","floor":7},{"not_picked":["White Noise","Redo"],"picked":"Glacier","floor":11},{"not_picked":["Tempest","White Noise"],"picked":"Loop","floor":12},{"not_picked":["Amplify","Meteor Strike"],"picked":"Core Surge","floor":16},{"not_picked":["Hello World","Melter","Beam Cell"],"picked":"SKIP","floor":18},{"not_picked":["Conserve Battery","Gash"],"picked":"Chaos","floor":19},{"not_picked":["Conserve Battery","Darkness"],"picked":"Blizzard+1","floor":21},{"not_picked":["Go for the Eyes","Conserve Battery"],"picked":"Glacier+1","floor":24},{"not_picked":["Coolheaded","Turbo"],"picked":"Ball Lightning+1","floor":27}],"player_experience":2294535,"relics_obtained":[{"floor":5,"key":"HornCleat"},{"floor":7,"key":"White Beast Statue"},{"floor":9,"key":"Strawberry"},{"floor":11,"key":"Orichalcum"},{"floor":26,"key":"Symbiotic Virus"}],"event_choices":[{"cards_removed":["Strike_B"],"damage_healed":0,"gold_gain":0,"player_choice":"Forget","damage_taken":0,"max_hp_gain":0,"max_hp_loss":0,"event_name":"Living Wall","floor":3,"gold_loss":0},{"damage_healed":26,"gold_gain":0,"player_choice":"Banana","damage_taken":0,"max_hp_gain":0,"max_hp_loss":0,"event_name":"Big Fish","floor":13,"gold_loss":0},{"damage_healed":0,"gold_gain":275,"player_choice":"Desecrate","damage_taken":0,"max_hp_gain":0,"max_hp_loss":0,"event_name":"Golden Shrine","floor":22,"gold_loss":0,"cards_obtained":["Regret"]}],"is_beta":false,"boss_relics":[{"not_picked":["Philosopher\u0027s Stone","Sozu"],"picked":"Velvet Choker"}],"items_purged_floors":[14,28],"is_endless":false,"potions_floor_spawned":[2,11,12,16,18,19,21,24,27],"killed_by":"Slavers","ascension_level":20}}