{"host":"8fjsnt81u6xsmhji","time":1608637161,"event":{"mods":["BaseMod","Colored Powertips","Downfall","Glutton Mod","Hermit","Minty Spire (QoL Compilation)","Quick Restart","Somnambulant","StSLib","The Blackbeard","The Bug Knight","The Construct","The Forsaken","The Hierophant","The Mystic"],"gold_per_floor":[114,114,132,150,167,199,42,42,88,17,39,39,214,225,225,329,329,345,345,333,353,19,19,28,28,104,138,138,175,175,197,197,197,197],"floor_reached":33,"playtime":1953,"items_purged":[],"score":308,"play_id":"79014df6-0c12-49fd-8d51-c2cd6f522ea5","local_time":"20201222053921","is_ascension_mode":false,"campfire_choices":[{"data":"hermit:LoneWolf","floor":8.0,"key":"SMITH"},{"data":"hermit:Showdown","floor":12.0,"key":"SMITH"},{"data":"hermit:TakeCover","floor":15.0,"key":"SMITH"},{"floor":23.0,"key":"REST"},{"data":"hermit:Maintenance","floor":25.0,"key":"SMITH"},{"floor":28.0,"key":"REST"},{"floor":32,"key":"REST"}],"circlet_count":0,"master_deck":["hermit:Strike_Hermit","hermit:Strike_Hermit","hermit:Strike_Hermit","hermit:Strike_Hermit","hermit:Defend_Hermit","hermit:Defend_Hermit","hermit:Defend_Hermit","hermit:Defend_Hermit","hermit:Snapshot+1","hermit:Covet","hermit:Vantage","expansioncontent:Collect","hermit:HeroicBravado","hermit:LoneWolf+1","hermit:Feint","hermit:Showdown+1","hermit:FlashPowder","hermit:Enervate","hermit:Enervate","Doubt","hermit:TakeCover+1","hermit:Adapt","hermit:Deadeye","hermit:Maintenance+1","hermit:DeadMansHand+1","hermit:Manifest+1","hermit:TakeAim","Writhe","hermit:Quickdraw+1","hermit:Glare","hermit:Dive"],"relics":["hermit:Momento","hermit:Spyglass","Lee\u0027s Waffle","Smiling Mask","Odd Mushroom","construct:WeddingRing","Membership Card","Du-Vu Doll","CeramicFish","Mummified Hand","Akabeko","Mango"],"acts_visited":["Exordium","TheCity"],"potions_floor_usage":[29,31],"damage_taken":[{"damage":6.0,"enemies":"Jaw Worm","floor":1.0,"turns":2.0},{"damage":1.0,"enemies":"Cultist","floor":3.0,"turns":4.0},{"damage":0.0,"enemies":"2 Louse","floor":4.0,"turns":4.0},{"damage":1.0,"enemies":"Looter","floor":5.0,"turns":4.0},{"damage":13.0,"enemies":"3 Sentries","floor":6.0,"turns":9.0},{"damage":9.0,"enemies":"The Mushroom Lair","floor":11.0,"turns":6.0},{"damage":0.0,"enemies":"Blue Slaver","floor":14.0,"turns":3.0},{"damage":39.0,"enemies":"Hexaghost","floor":16.0,"turns":15.0},{"damage":7.0,"enemies":"Shell Parasite","floor":18.0,"turns":7.0},{"damage":15.0,"enemies":"2 Thieves","floor":20.0,"turns":4.0},{"damage":4.0,"enemies":"Snake Plant","floor":21.0,"turns":7.0},{"damage":65.0,"enemies":"Book of Stabbing","floor":27.0,"turns":8.0},{"damage":29,"enemies":"Slavers","floor":29,"turns":12},{"damage":11,"enemies":"Shelled Parasite and Fungi","floor":31,"turns":9},{"damage":38,"enemies":"Automaton","floor":33,"turns":6}],"seed_played":"7825970692634714149","potions_obtained":[{"floor":4.0,"key":"Explosive Potion"},{"floor":6.0,"key":"FearPotion"},{"floor":14.0,"key":"FearPotion"},{"floor":27.0,"key":"Ancient Potion"},{"floor":29,"key":"Fire Potion"},{"floor":31,"key":"LiquidMemories"}],"is_trial":false,"path_per_floor":["M","?","M","M","M","E","$","R","T","$","?","R","?","M","R","B",null,"M","?","M","M","$","R","?","R","T","E","R","E","?","M","R","B"],"character_chosen":"HERMIT","items_purchased":["Lee\u0027s Waffle","hermit:Enervate","Membership Card","Du-Vu Doll","hermit:TakeAim"],"campfire_rested":3,"item_purchase_floors":[7,10,22,22,22],"current_hp_per_floor":[69,69,68,68,67,54,82,82,82,82,73,73,73,73,73,34,82,75,75,60,56,56,80,80,80,80,15,39,24,15,4,32,0,0],"gold":197,"neow_bonus":"UPGRADE_CARD","is_daily":false,"chose_seed":false,"campfire_upgraded":4,"win_rate":0.0,"timestamp":1608637161,"path_taken":["M","?","M","?","M","E","$","R","T","$","?","R","?","M","R","BOSS","M","?","M","M","$","R","?","R","T","E","R","E","?","M","R","BOSS"],"items_purchased_type":["Relic","Card","Relic","Relic","Card"],"build_version":"2020-12-13","purchased_purges":0,"victory":false,"max_hp_per_floor":[75,75,75,75,75,75,82,82,82,82,82,82,82,82,82,82,82,82,82,82,82,82,82,82,82,82,82,82,96,96,96,96,96,96],"card_choices":[{"not_picked":["hermit:EyeOfTheStorm","hermit:TrackingShot"],"picked":"hermit:Vantage","floor":1.0},{"not_picked":["hermit:Cheat","hermit:LowProfile"],"picked":"hermit:LoneWolf","floor":3.0},{"not_picked":["hermit:CalledShot","hermit:Misfire"],"picked":"hermit:Feint","floor":4.0},{"not_picked":["hermit:Snipe","hermit:ShadowCloak"],"picked":"hermit:Showdown","floor":5.0},{"not_picked":["hermit:BodyArmor","hermit:HighCaliber"],"picked":"hermit:FlashPowder","floor":6.0},{"not_picked":["hermit:SprayPray","hermit:ShadowCloak"],"picked":"hermit:Enervate","floor":11.0},{"not_picked":["hermit:Cheat","hermit:Coalescence"],"picked":"hermit:TakeCover","floor":14.0},{"not_picked":["hermit:HeroicBravado","hermit:BlackWind"],"picked":"hermit:Adapt","floor":16.0},{"not_picked":["hermit:Roulette","hermit:Desperado"],"picked":"hermit:Deadeye","floor":18.0},{"not_picked":["hermit:Malice","hermit:Snipe"],"picked":"hermit:DeadMansHand+1","floor":20.0},{"not_picked":["hermit:DeadMansHand+1","hermit:Feint"],"picked":"hermit:Manifest+1","floor":21.0},{"not_picked":["hermit:Desperado","hermit:Combo"],"picked":"hermit:Quickdraw+1","floor":27.0},{"not_picked":["hermit:ItchyTrigger","hermit:TrackingShot"],"picked":"hermit:Glare","floor":29},{"not_picked":["hermit:ItchyTrigger","hermit:LuckOfTheDraw"],"picked":"hermit:Dive","floor":31}],"player_experience":652478,"relics_obtained":[{"floor":6.0,"key":"hermit:Spyglass"},{"floor":9.0,"key":"Smiling Mask"},{"floor":11.0,"key":"Odd Mushroom"},{"floor":26.0,"key":"Mummified Hand"},{"floor":27.0,"key":"Akabeko"},{"floor":29,"key":"Mango"}],"event_choices":[{"damage_healed":0.0,"max_hp_gain":0.0,"max_hp_loss":0.0,"gold_gain":0.0,"event_name":"Match and Keep!","player_choice":"2 cards matched","floor":2.0,"gold_loss":0.0,"damage_taken":0.0,"cards_obtained":["expansioncontent:Collect","hermit:HeroicBravado"]},{"damage_healed":0.0,"max_hp_gain":0.0,"max_hp_loss":0.0,"gold_gain":0.0,"event_name":"Mushrooms","player_choice":"Fought Mushrooms","floor":11.0,"gold_loss":0.0,"damage_taken":0.0},{"damage_healed":0.0,"max_hp_gain":0.0,"max_hp_loss":0.0,"gold_gain":175.0,"event_name":"Liars Game","player_choice":"AGREE","floor":13.0,"gold_loss":0.0,"damage_taken":0.0,"cards_obtained":["Doubt"]},{"damage_healed":0.0,"max_hp_gain":0.0,"max_hp_loss":0.0,"gold_gain":0.0,"event_name":"The Library","player_choice":"Read","floor":19.0,"gold_loss":0.0,"damage_taken":0.0,"cards_obtained":["hermit:Maintenance"]},{"damage_healed":0.0,"max_hp_gain":0.0,"max_hp_loss":0.0,"gold_gain":0.0,"event_name":"The Mausoleum","player_choice":"Opened","floor":24.0,"gold_loss":0.0,"damage_taken":0.0,"relics_obtained":["CeramicFish"],"cards_obtained":["Writhe"]},{"damage_healed":0,"gold_gain":0,"player_choice":"Damaged","damage_taken":9,"max_hp_gain":0,"max_hp_loss":0,"event_name":"Wheel of Change","floor":30,"gold_loss":0}],"is_beta":false,"boss_relics":[{"not_picked":["hermit:DentedPlate","Snecko Eye"],"picked":"construct:WeddingRing"}],"items_purged_floors":[],"is_endless":false,"potions_floor_spawned":[4,6,14,27,29,31],"killed_by":"Automaton","ascension_level":0}}