{"host":"leem2xi7qlpn2ezy","time":1608614766,"event":{"mods":["BaseMod","Colored Powertips","Highlight Path","Minty Spire (QoL Compilation)","Quick Restart","StSLib"],"gold_per_floor":[214,214,234,248,258,284,302,51,51,51,81,81,81,97,97,197,197,217,271,281,300,399,424,424,442,442,460,140,140,140,157,157,260,260,275,286,286,286],"floor_reached":37,"playtime":2201,"items_purged":["Strike_G","Strike_G"],"score":423,"play_id":"bb5cd82c-1c3e-4166-844d-770bfc562563","local_time":"20201221212606","is_ascension_mode":true,"campfire_choices":[{"floor":10.0,"key":"REST"},{"data":"Cloak And Dagger","floor":12.0,"key":"SMITH"},{"data":"Accuracy","floor":15.0,"key":"SMITH"},{"floor":24.0,"key":"REST"},{"data":"Predator","floor":29.0,"key":"SMITH"},{"data":"Die Die Die","floor":32.0,"key":"SMITH"}],"circlet_count":0,"master_deck":["Strike_G+1","Strike_G+1","Strike_G","Defend_G","Defend_G","Defend_G","Defend_G","Defend_G","Survivor","Neutralize","PiercingWail","Predator+1","Neutralize","Deflect","Sucker Punch","Accuracy+1","Deflect","Slice","Cloak And Dagger+1","Poisoned Stab","Dagger Spray","Die Die Die+1","Dagger Throw+1","Sucker Punch+1","Footwork","Crippling Poison","Dagger Spray","Outmaneuver","Cloak And Dagger+1","Dagger Spray+1","Blade Dance+1"],"relics":["Ring of the Serpent","Whetstone","Anchor","Vajra","Strawberry","Omamori","Sundial","TungstenRod","Lee\u0027s Waffle","WristBlade"],"acts_visited":["Exordium","TheCity","TheBeyond"],"potions_floor_usage":[37,37],"damage_taken":[{"damage":3.0,"enemies":"Jaw Worm","floor":1.0,"turns":5.0},{"damage":0.0,"enemies":"Cultist","floor":3.0,"turns":4.0},{"damage":0.0,"enemies":"Small Slimes","floor":4.0,"turns":3.0},{"damage":1.0,"enemies":"Blue Slaver","floor":5.0,"turns":3.0},{"damage":33.0,"enemies":"3 Sentries","floor":6.0,"turns":13.0},{"damage":1.0,"enemies":"2 Fungi Beasts","floor":7.0,"turns":4.0},{"damage":2.0,"enemies":"Lagavulin","floor":11.0,"turns":8.0},{"damage":5.0,"enemies":"Lots of Slimes","floor":14.0,"turns":3.0},{"damage":22.0,"enemies":"The Guardian","floor":16.0,"turns":10.0},{"damage":17.0,"enemies":"Spheric Guardian","floor":18.0,"turns":4.0},{"damage":0.0,"enemies":"Chosen","floor":20.0,"turns":3.0},{"damage":7.0,"enemies":"Snake Plant","floor":21.0,"turns":6.0},{"damage":38.0,"enemies":"Slavers","floor":23.0,"turns":7.0},{"damage":11.0,"enemies":"Snecko","floor":25.0,"turns":5.0},{"damage":6.0,"enemies":"Cultist and Chosen","floor":27.0,"turns":6.0},{"damage":14.0,"enemies":"Centurion and Healer","floor":31.0,"turns":5.0},{"damage":52.0,"enemies":"Automaton","floor":33.0,"turns":11.0},{"damage":59.0,"enemies":"3 Shapes","floor":35.0,"turns":5.0},{"damage":2.0,"enemies":"Orb Walker","floor":36.0,"turns":3.0},{"damage":30,"enemies":"Spire Growth","floor":37,"turns":3}],"seed_played":"-5707547167614911595","potions_obtained":[{"floor":3.0,"key":"GamblersBrew"},{"floor":5.0,"key":"Dexterity Potion"},{"floor":6.0,"key":"SteroidPotion"},{"floor":16.0,"key":"PowerPotion"},{"floor":21.0,"key":"Fire Potion"},{"floor":23.0,"key":"Dexterity Potion"},{"floor":27.0,"key":"BlessingOfTheForge"},{"floor":36.0,"key":"LiquidMemories"}],"is_trial":false,"path_per_floor":["M","?","M","M","M","E","M","$","T","R","E","R","$","M","R","B",null,"M","T","M","M","?","E","R","M","T","M","$","R","?","M","R","B",null,"M","M","M"],"character_chosen":"THE_SILENT","items_purchased":["Anchor","Cloak And Dagger","Lee\u0027s Waffle","Dagger Spray","Outmaneuver"],"campfire_rested":2,"item_purchase_floors":[8,8,28,28,28],"current_hp_per_floor":[67,67,67,67,66,33,32,32,32,53,58,58,58,53,53,31,77,60,60,60,53,53,15,38,27,27,21,84,84,84,70,70,18,84,25,23,0,0],"gold":286,"neow_bonus":"HUNDRED_GOLD","is_daily":false,"chose_seed":false,"campfire_upgraded":4,"win_rate":0.0,"timestamp":1608614766,"path_taken":["M","?","M","M","?","E","M","$","T","R","E","R","$","M","R","BOSS","M","?","M","M","?","E","R","M","T","M","?","R","?","?","R","BOSS","M","M","M"],"items_purchased_type":["Relic","Card","Relic","Card","Card"],"build_version":"2020-12-13","purchased_purges":2,"victory":false,"max_hp_per_floor":[70,70,70,70,70,70,70,70,70,70,77,77,77,77,77,77,77,77,77,77,77,77,77,77,77,77,77,84,84,84,84,84,84,84,84,84,84,84],"card_choices":[{"not_picked":["Deadly Poison","Dodge and Roll"],"picked":"PiercingWail","floor":1.0},{"not_picked":["Dodge and Roll","Concentrate"],"picked":"Deflect","floor":3.0},{"not_picked":["Terror","Quick Slash"],"picked":"Sucker Punch","floor":4.0},{"not_picked":["Backflip","Underhanded Strike"],"picked":"Accuracy","floor":5.0},{"not_picked":["Catalyst","Night Terror"],"picked":"Deflect","floor":6.0},{"not_picked":["Blur","Bane"],"picked":"Slice","floor":7.0},{"not_picked":["Heel Hook","Acrobatics"],"picked":"Poisoned Stab","floor":11.0},{"not_picked":["Eviscerate","Escape Plan"],"picked":"Dagger Spray","floor":14.0},{"not_picked":["Bullet Time","Storm of Steel"],"picked":"Die Die Die","floor":16.0},{"not_picked":["All Out Attack","Flying Knee"],"picked":"Dagger Throw+1","floor":18.0},{"not_picked":["Backflip","Slice"],"picked":"Sucker Punch+1","floor":20.0},{"not_picked":["PiercingWail","Wraith Form v2"],"picked":"Footwork","floor":21.0},{"not_picked":["Calculated Gamble","Underhanded Strike","Bane"],"picked":"SKIP","floor":23.0},{"not_picked":["Flying Knee","Escape Plan","Sucker Punch"],"picked":"SKIP","floor":25.0},{"not_picked":["Footwork+1","PiercingWail"],"picked":"Crippling Poison","floor":27.0},{"not_picked":["Leg Sweep","Slice"],"picked":"Dagger Spray+1","floor":31.0},{"not_picked":["Dagger Spray+1","Cloak And Dagger"],"picked":"Blade Dance+1","floor":35.0},{"not_picked":["Escape Plan","Skewer","Deadly Poison"],"picked":"SKIP","floor":36.0}],"player_experience":84684,"relics_obtained":[{"floor":6.0,"key":"Whetstone"},{"floor":9.0,"key":"Vajra"},{"floor":11.0,"key":"Strawberry"},{"floor":19.0,"key":"Omamori"},{"floor":23.0,"key":"Sundial"},{"floor":26.0,"key":"TungstenRod"}],"event_choices":[{"damage_healed":0.0,"max_hp_gain":0.0,"max_hp_loss":0.0,"gold_gain":0.0,"event_name":"Match and Keep!","player_choice":"2 cards matched","floor":2.0,"gold_loss":0.0,"damage_taken":0.0,"cards_obtained":["Predator","Neutralize"]},{"damage_healed":0.0,"max_hp_gain":0.0,"max_hp_loss":0.0,"gold_gain":99.0,"event_name":"Nest","player_choice":"Stole From Cult","floor":22.0,"gold_loss":0.0,"damage_taken":0.0},{"damage_healed":0.0,"max_hp_gain":0.0,"max_hp_loss":0.0,"gold_gain":0.0,"event_name":"Duplicator","player_choice":"Copied","floor":30.0,"gold_loss":0.0,"damage_taken":0.0,"cards_obtained":["Cloak And Dagger"]}],"is_beta":false,"boss_relics":[{"not_picked":["Coffee Dripper","Fusion Hammer"],"picked":"Ring of the Serpent"},{"not_picked":["Sozu","Philosopher\u0027s Stone"],"picked":"WristBlade"}],"items_purged_floors":[8,28],"is_endless":false,"potions_floor_spawned":[3,5,6,16,21,23,27,36],"killed_by":"Spire Growth","ascension_level":1}}