{"host":"qdfumeom6htv8yxl","time":1608648262,"event":{"mods":["AchievementEnabler","BaseMod","Block Reminder","Minty Spire (QoL Compilation)","Quick Restart","Relic Stats"],"gold_per_floor":[113,123,88,105,105,130,130,140,163,163,179,179,196,226,226,322,322,340,330,341,33,33,33],"floor_reached":22,"playtime":3856,"items_purged":["Strike_B"],"score":317,"play_id":"66db1ec8-d060-4770-bfcc-e8342b46de58","local_time":"20201222084422","is_ascension_mode":true,"campfire_choices":[{"floor":7.0,"key":"REST"},{"data":"FTL","floor":10.0,"key":"SMITH"},{"data":"Self Repair","floor":12.0,"key":"SMITH"},{"data":"Multi-Cast","floor":15.0,"key":"SMITH"}],"circlet_count":0,"master_deck":["AscendersBane","Strike_B","Defend_B","Defend_B","Defend_B","Zap","Dualcast","Self Repair+1","Ball Lightning","Genetic Algorithm+1","FTL+1","Ball Lightning","Beam Cell","Multi-Cast+1","Buffer","Defragment+1","Undo+1","Heatsinks+1","Defragment+1","Sweeping Beam","Defragment"],"relics":["Sozu","Omamori","Dream Catcher","Orichalcum","Astrolabe","Chemical X"],"acts_visited":[],"potions_floor_usage":[],"damage_taken":[{"damage":6.0,"enemies":"Cultist","floor":1.0,"turns":4.0},{"damage":20.0,"enemies":"Small Slimes","floor":2.0,"turns":4.0},{"damage":8.0,"enemies":"2 Louse","floor":4.0,"turns":2.0},{"damage":39.0,"enemies":"3 Sentries","floor":6.0,"turns":8.0},{"damage":12.0,"enemies":"Red Slaver","floor":8.0,"turns":4.0},{"damage":4.0,"enemies":"Blue Slaver","floor":11.0,"turns":4.0},{"damage":20.0,"enemies":"Gremlin Gang","floor":13.0,"turns":5.0},{"damage":12.0,"enemies":"Lagavulin","floor":14.0,"turns":6.0},{"damage":28.0,"enemies":"Hexaghost","floor":16.0,"turns":9.0},{"damage":13.0,"enemies":"Chosen","floor":18.0,"turns":5.0},{"damage":16.0,"enemies":"2 Thieves","floor":19.0,"turns":4.0},{"damage":27,"enemies":"Sentry and Sphere","floor":20,"turns":6},{"damage":40,"enemies":"Shelled Parasite and Fungi","floor":22,"turns":2}],"seed_played":"3858513712793901320","potions_obtained":[],"is_trial":false,"path_per_floor":["M","M","?","M","?","E","R","M","T","R","M","R","M","E","R","B",null,"M","M","M","$","M"],"character_chosen":"DEFECT","items_purchased":["Chemical X","Defragment"],"campfire_rested":1,"item_purchase_floors":[21,21],"current_hp_per_floor":[62,49,67,66,66,34,56,51,51,51,54,54,44,42,42,24,62,59,53,36,36,0,0],"gold":33,"neow_bonus":"BOSS_RELIC","is_daily":false,"chose_seed":false,"campfire_upgraded":3,"win_rate":0.0,"timestamp":1608648262,"path_taken":["M","M","?","M","?","E","R","M","T","R","M","R","?","E","R","BOSS","M","?","M","$","M"],"items_purchased_type":["Relic","Card"],"build_version":"2020-12-13","purchased_purges":1,"victory":false,"max_hp_per_floor":[75,75,75,75,75,75,75,75,75,75,75,75,75,75,75,75,75,75,75,75,75,75,75],"relic_stats":{"Sozu":6,"Dream Catcher":0,"counters":[13,63],"Astrolabe":["Defragment","Undo","Heatsinks"],"Chemical X":[2],"Orichalcum":[72],"obtain_stats":[{"Sozu":0,"Dream Catcher":9,"Astrolabe":17,"Omamori":6,"Chemical X":21,"Orichalcum":14,"Cracked Core":0},{"Sozu":0,"Dream Catcher":5,"Astrolabe":9,"Omamori":4,"Chemical X":12,"Orichalcum":8,"Cracked Core":0},{"Sozu":0,"Dream Catcher":22,"Astrolabe":46,"Omamori":18,"Chemical X":61,"Orichalcum":37,"Cracked Core":0}]},"card_choices":[{"not_picked":["Leap","Cold Snap"],"picked":"Self Repair","floor":1.0},{"not_picked":["Melter","Streamline"],"picked":"Ball Lightning","floor":2.0},{"not_picked":["Streamline","Redo"],"picked":"Genetic Algorithm","floor":4.0},{"not_picked":["Rip and Tear","Conserve Battery"],"picked":"FTL","floor":6.0},{"not_picked":["Go for the Eyes","Lockon","Consume"],"picked":"SKIP","floor":8.0},{"not_picked":["Sweeping Beam","Steam"],"picked":"Ball Lightning","floor":11.0},{"not_picked":["BootSequence","Lockon"],"picked":"Beam Cell","floor":13.0},{"not_picked":["Compile Driver","Reprogram"],"picked":"Multi-Cast","floor":14.0},{"not_picked":["Rainbow","Fission"],"picked":"Buffer","floor":16.0},{"not_picked":["Tempest","Redo"],"picked":"Defragment+1","floor":18.0},{"not_picked":["BootSequence","Double Energy"],"picked":"Sweeping Beam","floor":19.0},{"not_picked":["Fusion","Steam","Rip and Tear"],"picked":"SKIP","floor":20}],"player_experience":1468783,"relics_obtained":[{"floor":6.0,"key":"Omamori"},{"floor":9.0,"key":"Dream Catcher"},{"floor":14.0,"key":"Orichalcum"}],"event_choices":[{"damage_healed":18.0,"max_hp_gain":0.0,"max_hp_loss":0.0,"gold_gain":0.0,"event_name":"The Cleric","player_choice":"Healed","floor":3.0,"gold_loss":35.0,"damage_taken":0.0},{"damage_healed":0.0,"max_hp_gain":0.0,"max_hp_loss":0.0,"gold_gain":0.0,"event_name":"Upgrade Shrine","player_choice":"Upgraded","floor":5.0,"gold_loss":0.0,"damage_taken":0.0,"cards_upgraded":["Genetic Algorithm"]}],"is_beta":false,"boss_relics":[{"not_picked":["Velvet Choker","SacredBark"],"picked":"Astrolabe"}],"items_purged_floors":[21],"is_endless":false,"potions_floor_spawned":[2,4,8,11,18,19],"killed_by":"Shelled Parasite and Fungi","ascension_level":12}}