{"host":"6gzy6nvr8uokwcne","time":1608596851,"event":{"mods":["2.2 Compatiblity","AchievementEnabler","Act Like it!","BaseMod","Hallownest","Marisa????????","Minty Spire (QoL Compilation)","Quick Restart","StSLib","The Alterego","The Cursed","The Disciple","The Dragon Tamer","The Necromancer","The Servant 0.9.4"],"gold_per_floor":[414,432,448,28,40,40,72,90,90,90,39,39,58,113,113,218,218,236,248,281,64,64,64,80,80,80],"floor_reached":25,"playtime":2920,"items_purged":[],"score":203,"play_id":"9557a4b1-1e06-4aac-9958-daa37a25052b","local_time":"20201221172731","daily_mods":["Heirloom"],"is_ascension_mode":false,"campfire_choices":[{"floor":6,"key":"RECALL"},{"floor":10,"key":"REST"},{"data":"Shade_Step","floor":15,"key":"SMITH"},{"floor":23,"key":"REST"}],"circlet_count":0,"master_deck":["Strike_W","Strike_W+1","Strike_W","Strike_W","Defend_W","Defend_W","Defend_W","Defend_W","Negative_Energy_Arrows+1","Bone_Wall","Shade_Step+1","Uncharnel","Bone_Bullets","Bone_Armory","Finger_Of_Death","Thousand_Bone_Knives","Bone_Bullets","Whirlwind_of_Bones","Thousand_Bone_Knives","Summon_Death_Knight","Grasp_Heart","CurseOfTheBell","Bone_Armor+1","Bone_Spikes+1","Summon_Undead_Army","Bone_Shift+1","Bones_to_Steel","Life_Drain","Summon_Undead+1"],"relics":["Vampire_Amulet","Old Coin","Mango","Whetstone","Gremlin Horn","Tiny Chest","Calling Bell","Omamori","Darkstone Periapt","Prayer Wheel","Red Mask","Orrery","Calipers"],"acts_visited":["Exordium","TheCity"],"potions_floor_usage":[7,7,14,14,14,20,24],"damage_taken":[{"damage":0,"enemies":"2 Louse","floor":1,"turns":2},{"damage":7,"enemies":"Small Slimes","floor":2,"turns":3},{"damage":6,"enemies":"Jaw Worm","floor":3,"turns":4},{"damage":4,"enemies":"Blue Slaver","floor":5,"turns":5},{"damage":35,"enemies":"3 Sentries","floor":7,"turns":8},{"damage":33,"enemies":"Exordium Thugs","floor":8,"turns":7},{"damage":2,"enemies":"2 Fungi Beasts","floor":13,"turns":3},{"damage":1,"enemies":"3 Sentries","floor":14,"turns":3},{"damage":56,"enemies":"Hexaghost","floor":16,"turns":13},{"damage":24,"enemies":"Chosen","floor":18,"turns":6},{"damage":17,"enemies":"Shell Parasite","floor":19,"turns":5},{"damage":44,"enemies":"Masked Bandits","floor":20,"turns":5},{"damage":61,"enemies":"Sentry and Sphere","floor":24,"turns":8},{"damage":50,"enemies":"3 Cultists","floor":25,"turns":5}],"seed_played":"-337469039840833629","potions_obtained":[{"floor":2,"key":"DistilledChaos"},{"floor":3,"key":"CultistPotion"},{"floor":5,"key":"Fire Potion"},{"floor":13,"key":"Explosive Potion"},{"floor":16,"key":"Fire Potion"},{"floor":20,"key":"Explosive Potion"}],"is_trial":true,"path_per_floor":["M","M","M","$","M","R","E","M","T","R","$","?","M","?","R","B",null,"M","M","?","$","?","R","M","M"],"character_chosen":"NECROMANCER","items_purchased":["Bone_Armory","Finger_Of_Death","Mango","Explosive Potion","Summon_Undead_Army","Orrery"],"campfire_rested":2,"item_purchase_floors":[4,4,4,11,21,21],"current_hp_per_floor":[75,70,66,80,78,78,49,20,20,46,46,46,48,53,53,49,89,67,52,14,14,14,40,39,0,0],"gold":80,"neow_bonus":"","is_daily":false,"chose_seed":false,"campfire_upgraded":1,"win_rate":0.0,"timestamp":1608596851,"path_taken":["M","M","M","$","M","R","E","M","T","R","$","?","M","?","R","BOSS","M","M","?","$","?","R","M","M"],"items_purchased_type":["Card","Card","Relic","Potion","Card","Relic"],"build_version":"2020-12-13","purchased_purges":0,"victory":false,"max_hp_per_floor":[75,75,75,89,89,89,89,89,89,89,89,89,89,89,89,89,89,89,89,89,89,89,89,89,89,89],"card_choices":[{"not_picked":["Bones_to_Steel","Finger_Of_Death"],"picked":"Shade_Step","floor":1},{"not_picked":["Death_Knell","Death_March_Dance"],"picked":"Uncharnel","floor":2},{"not_picked":["Blood_Whip","Death_March_Dance"],"picked":"Bone_Bullets","floor":3},{"not_picked":["Blood_for_Blood","Necrotic_Claws"],"picked":"Thousand_Bone_Knives","floor":5},{"not_picked":["Vampiric_Strike","Exploit"],"picked":"Bone_Bullets","floor":7},{"not_picked":["Blood_Curse","Negative_Energy_Sphere"],"picked":"Whirlwind_of_Bones","floor":8},{"not_picked":["Negative_Energy_Sphere","Chill_Blood"],"picked":"Thousand_Bone_Knives","floor":13},{"not_picked":["Vampiric_Strike","Shackles_Of_Pain"],"picked":"Summon_Death_Knight","floor":14},{"not_picked":["Cloudkill","Negative_Energy_Bomb"],"picked":"Grasp_Heart","floor":16},{"not_picked":["Thousand_Bone_Knives","Scare+1"],"picked":"Bone_Armor+1","floor":18},{"not_picked":["Consume_Illness","Whirlwind_of_Bones","Life_Tap"],"picked":"SKIP","floor":18},{"not_picked":["Pandemic+1","Negative_Energy_Bomb"],"picked":"Bone_Spikes+1","floor":19},{"not_picked":["Negative_Energy_Sphere","Chill_Blood","Strike_from_Beyond"],"picked":"SKIP","floor":19},{"not_picked":["Life_Drain","Bone_Armor+1"],"picked":"Bone_Shift+1","floor":21},{"not_picked":["Bone_Spikes+1","Violent_Necrosis"],"picked":"Bones_to_Steel","floor":21},{"not_picked":["Negative_Energy_Mist+1","Negative_Energy_Burst"],"picked":"Life_Drain","floor":21},{"not_picked":["Thousand_Bone_Knives","Blood_Is_Power"],"picked":"Summon_Undead+1","floor":24},{"not_picked":["Blood_Curse","Blood_Whip","Negative_Energy_Mist+1"],"picked":"SKIP","floor":24}],"player_experience":475522,"relics_obtained":[{"floor":7,"key":"Whetstone"},{"floor":9,"key":"Gremlin Horn"},{"floor":17,"key":"Omamori"},{"floor":17,"key":"Darkstone Periapt"},{"floor":17,"key":"Prayer Wheel"},{"floor":20,"key":"Red Mask"}],"event_choices":[{"damage_healed":0,"gold_gain":0,"player_choice":"Ignored","damage_taken":0,"max_hp_gain":0,"max_hp_loss":0,"event_name":"Golden Wing","floor":12,"gold_loss":0},{"damage_healed":0,"gold_gain":0,"player_choice":"Searched \u00272\u0027 times","damage_taken":0,"relics_obtained":["Tiny Chest"],"max_hp_gain":0,"max_hp_loss":0,"event_name":"Dead Adventurer","floor":14,"gold_loss":0},{"damage_healed":0,"gold_gain":0,"player_choice":"Fought Bandits","damage_taken":0,"max_hp_gain":0,"max_hp_loss":0,"event_name":"Masked Bandits","floor":20,"gold_loss":0},{"damage_healed":0,"gold_gain":0,"player_choice":"Opened","damage_taken":0,"relics_obtained":["Calipers"],"max_hp_gain":0,"max_hp_loss":0,"event_name":"The Mausoleum","floor":22,"gold_loss":0}],"is_beta":false,"boss_relics":[{"not_picked":["Snecko Eye","Black Star"],"picked":"Calling Bell"}],"items_purged_floors":[],"is_endless":false,"potions_floor_spawned":[2,3,5,13,16,20],"killed_by":"3 Cultists","ascension_level":0}}