{"host":"x4i48uok34n1rpsm","time":1608627756,"event":{"mods":["Aspiration","BaseMod","Better Third Choice","Colored Map","Highlight Path","Minty Spire (QoL Compilation)","Permanent Neow","Replay The Spire","StSLib"],"gold_per_floor":[117,44,44,59,59,99,49,49,49,49,72,72,108,122,122,247,247,263,263,263,45,71,83,129,141,179,191,203,253,265,107,107,107,107],"floor_reached":33,"playtime":1566,"items_purged":["Defend_P","Doubt"],"score":378,"play_id":"b265c07f-d0cd-4be1-8e5c-6620ea919a81","local_time":"20201222110236","is_ascension_mode":true,"campfire_choices":[{"data":"Eruption","floor":8.0,"key":"SMITH"},{"data":"Adaptation","floor":12.0,"key":"SMITH"},{"data":"Vigilance","floor":15.0,"key":"SMITH"},{"floor":23.0,"key":"RECALL"},{"data":"TalkToTheHand","floor":27.0,"key":"SMITH"},{"data":"Sanctity","floor":30.0,"key":"SMITH"},{"data":"Tools of the Trade","floor":32.0,"key":"SMITH"}],"circlet_count":0,"master_deck":["Strike_P","Strike_P","Strike_P","Strike_P","Defend_P","Defend_P","Defend_P","Eruption+1","Vigilance+1","CutThroughFate","Adaptation+1","Vengeance","Sanctity+1","DeusExMachina","TalkToTheHand+1","Voices","Tools of the Trade+1"],"relics":["NeowsBlessing","Golden Idol","Replay:Baseball","Bottled Lightning","Replay:M_StaffOfTheSnake","Orichalcum","Cursed Key","Blue Doll","MawBank","Ancient Tea Set","Happy Flower"],"acts_visited":["Exordium","TheCity"],"potions_floor_usage":[],"damage_taken":[{"damage":0.0,"enemies":"Small Slimes","floor":1.0,"turns":1.0},{"damage":0.0,"enemies":"2 Louse","floor":4.0,"turns":2.0},{"damage":0.0,"enemies":"Gremlin Nob","floor":6.0,"turns":1.0},{"damage":0.0,"enemies":"Jaw Worm","floor":11.0,"turns":3.0},{"damage":7.0,"enemies":"Lagavulin","floor":13.0,"turns":6.0},{"damage":0.0,"enemies":"3 Louse","floor":14.0,"turns":2.0},{"damage":0.0,"enemies":"Slime Boss","floor":16.0,"turns":6.0},{"damage":0.0,"enemies":"Spheric Guardian","floor":18.0,"turns":3.0},{"damage":9.0,"enemies":"Book of Stabbing","floor":24.0,"turns":6.0},{"damage":10.0,"enemies":"Slavers","floor":29.0,"turns":6.0},{"damage":0,"enemies":"Collector","floor":33,"turns":1}],"seed_played":"8586825921173111467","potions_obtained":[{"floor":6.0,"key":"Fire Potion"},{"floor":11.0,"key":"BottledMiracle"},{"floor":14.0,"key":"Explosive Potion"},{"floor":16.0,"key":"SpeedPotion"},{"floor":18.0,"key":"ColorlessPotion"},{"floor":29.0,"key":"Block Potion"}],"is_trial":false,"path_per_floor":["M","$","?","M","?","E","?","R","T","?","M","R","E","M","R","B",null,"M","?","?","$","T","R","E","$","T","R","T","E","R","$","R","B"],"character_chosen":"WATCHER","items_purchased":["Adaptation","Blue Doll","Tools of the Trade"],"campfire_rested":0,"item_purchase_floors":[2,21,31],"current_hp_per_floor":[72,72,72,72,54,54,54,54,54,54,54,54,47,47,47,47,72,72,72,59,59,59,59,50,50,50,50,50,40,40,40,40,40,40],"gold":107,"neow_bonus":"THREE_ENEMY_KILL","is_daily":false,"chose_seed":false,"campfire_upgraded":6,"win_rate":0.0,"timestamp":1608627756,"path_taken":["M","$","?","M","?","E","?","R","T","?","?","R","E","M","R","BOSS","M","?","?","?","?","R","E","?","T","R","?","E","R","$","R","BOSS"],"items_purchased_type":["Card","Relic","Card"],"build_version":"2020-12-13","purchased_purges":2,"victory":false,"max_hp_per_floor":[72,72,72,72,72,72,72,72,72,72,72,72,72,72,72,72,72,72,72,77,77,77,77,77,77,77,77,77,77,77,77,77,77,77],"card_choices":[{"not_picked":["PathToVictory","Replay:ManipulateFuture"],"picked":"CutThroughFate","floor":1.0},{"not_picked":["EmptyBody","Replay:BluntJabs"],"picked":"Vengeance","floor":4.0},{"not_picked":["Replay:AllIn","Prostrate"],"picked":"Sanctity","floor":6.0},{"not_picked":["BattleHymn","Crescendo","Study"],"picked":"SKIP","floor":11.0},{"not_picked":["Weave","Conclude","Halt"],"picked":"SKIP","floor":13.0},{"not_picked":["ThirdEye","Protect","BattleHymn"],"picked":"SKIP","floor":14.0},{"not_picked":["Bullet Time","Vault"],"picked":"DeusExMachina","floor":16.0},{"not_picked":["Vengeance","WheelKick","Worship"],"picked":"SKIP","floor":18.0},{"not_picked":["ClearTheMind+1","Replay:AllIn"],"picked":"TalkToTheHand","floor":24.0},{"not_picked":["Replay:Vibes","Replay:AtTheReady+1","Worship"],"picked":"SKIP","floor":29.0}],"player_experience":228500,"relics_obtained":[{"floor":6.0,"key":"Replay:Baseball"},{"floor":9.0,"key":"Bottled Lightning"},{"floor":13.0,"key":"Orichalcum"},{"floor":22.0,"key":"MawBank"},{"floor":24.0,"key":"Ancient Tea Set"},{"floor":29.0,"key":"Happy Flower"}],"event_choices":[{"damage_healed":72.0,"max_hp_gain":0.0,"max_hp_loss":72.0,"gold_gain":0.0,"event_name":"betterThird:BetterShining","player_choice":"Embrace Burn","floor":3.0,"gold_loss":0.0,"damage_taken":0.0},{"damage_healed":0.0,"max_hp_gain":0.0,"max_hp_loss":0.0,"gold_gain":0.0,"event_name":"Golden Idol","player_choice":"Take Damage","floor":5.0,"gold_loss":0.0,"damage_taken":18.0,"relics_obtained":["Golden Idol"]},{"cards_removed":["Burn"],"damage_healed":0.0,"max_hp_gain":0.0,"max_hp_loss":0.0,"gold_gain":0.0,"event_name":"The Cleric","player_choice":"Card Removal","floor":7.0,"gold_loss":50.0,"damage_taken":0.0},{"damage_healed":0.0,"max_hp_gain":0.0,"max_hp_loss":0.0,"gold_gain":0.0,"event_name":"Ghosts","player_choice":"Ignored","floor":19.0,"gold_loss":0.0,"damage_taken":0.0},{"damage_healed":0.0,"max_hp_gain":5.0,"max_hp_loss":0.0,"gold_gain":0.0,"event_name":"Forgotten Altar","player_choice":"Shed Blood","floor":20.0,"gold_loss":0.0,"damage_taken":18.0}],"is_beta":false,"boss_relics":[{"not_picked":["Busted Crown","ChewingGum"],"picked":"Cursed Key"}],"items_purged_floors":[21,31],"is_endless":false,"potions_floor_spawned":[6,11,14,16,18,29],"killed_by":"Collector","ascension_level":1}}