{"host":"qgrlfjrqk9z96gfi","time":1608611973,"event":{"mods":["BaseMod","Block Reminder","Colored Map","DeckTracker","Minty Spire (QoL Compilation)"],"gold_per_floor":[110,110,90,107,125,125,138,170,170,170,170,170,197,213,213,287,287,299,325,42,55,145,145,165,194,240,240,257,13,24,74,74,74,74],"floor_reached":33,"playtime":1664,"items_purged":["Choke+1"],"score":550,"play_id":"9c53f4fa-18e4-4ad1-8cab-4620525d2143","local_time":"20201221183933","is_ascension_mode":true,"campfire_choices":[{"data":"Crippling Poison","floor":6.0,"key":"SMITH"},{"data":"Adrenaline","floor":10.0,"key":"SMITH"},{"data":"Bouncing Flask","floor":15.0,"key":"SMITH"},{"data":"Wraith Form v2","floor":23,"key":"SMITH"},{"data":"Night Terror","floor":27,"key":"SMITH"},{"data":"Well Laid Plans","floor":32,"key":"SMITH"}],"circlet_count":0,"master_deck":["AscendersBane","Strike_G","Strike_G","Defend_G","Defend_G","Defend_G","Defend_G","Defend_G","Survivor","Neutralize","Blade Dance+1","Poisoned Stab","Crippling Poison+1","Bouncing Flask+1","Adrenaline+1","Dash","PiercingWail","Wraith Form v2+1","Infinite Blades+1","Tactician+1","Acrobatics","Night Terror+1","Finisher","Well Laid Plans+1","Blade Dance","Terror","Leg Sweep"],"relics":["Coffee Dripper","FossilizedHelix","Bird Faced Urn","Lizard Tail","Mummified Hand","Astrolabe","Art of War","Vajra","TheAbacus"],"acts_visited":["Exordium","TheCity"],"potions_floor_usage":[16,16,25,28],"damage_taken":[{"damage":4.0,"enemies":"Small Slimes","floor":1.0,"turns":5.0},{"damage":2.0,"enemies":"Cultist","floor":4.0,"turns":4.0},{"damage":0.0,"enemies":"Jaw Worm","floor":5.0,"turns":3.0},{"damage":5.0,"enemies":"2 Fungi Beasts","floor":7.0,"turns":3.0},{"damage":34.0,"enemies":"Gremlin Nob","floor":8.0,"turns":4.0},{"damage":15.0,"enemies":"Lagavulin","floor":13.0,"turns":5.0},{"damage":0.0,"enemies":"Red Slaver","floor":14.0,"turns":3.0},{"damage":3,"enemies":"Slime Boss","floor":16,"turns":8},{"damage":0,"enemies":"2 Thieves","floor":18,"turns":5},{"damage":0,"enemies":"Spheric Guardian","floor":21,"turns":4},{"damage":33,"enemies":"Chosen and Byrds","floor":24,"turns":6},{"damage":24,"enemies":"Slavers","floor":25,"turns":7},{"damage":0,"enemies":"Snecko","floor":28,"turns":4},{"damage":3,"enemies":"Centurion and Healer","floor":30,"turns":5},{"damage":80,"enemies":"Collector","floor":33,"turns":9}],"seed_played":"6056602130629128784","potions_obtained":[{"floor":1.0,"key":"DuplicationPotion"},{"floor":3.0,"key":"SneckoOil"},{"floor":7.0,"key":"DuplicationPotion"},{"floor":8.0,"key":"CunningPotion"},{"floor":14.0,"key":"Fire Potion"},{"floor":18,"key":"Energy Potion"},{"floor":25,"key":"Dexterity Potion"}],"is_trial":false,"path_per_floor":["M","?","?","M","M","R","M","E","T","R","?","?","E","M","R","B",null,"M","T","$","M","?","R","M","E","T","R","M","$","M","?","R","B"],"character_chosen":"THE_SILENT","items_purchased":["Night Terror","Finisher","Well Laid Plans","TheAbacus"],"campfire_rested":0,"item_purchase_floors":[20,20,20,29],"current_hp_per_floor":[55,55,55,53,53,53,48,14,14,14,36,36,21,21,21,18,54,58,58,58,60,48,48,19,1,1,1,5,5,8,8,8,0,0],"gold":74,"neow_bonus":"BOSS_RELIC","is_daily":false,"chose_seed":false,"campfire_upgraded":6,"win_rate":0.0,"timestamp":1608611973,"path_taken":["M","?","?","M","M","R","?","E","T","R","?","?","E","M","R","BOSS","M","?","$","M","?","R","M","E","T","R","?","$","M","?","R","BOSS"],"items_purchased_type":["Card","Card","Card","Relic"],"build_version":"2020-12-13","purchased_purges":1,"victory":false,"max_hp_per_floor":[66,66,66,66,66,66,66,66,66,66,66,66,66,66,66,66,66,66,66,66,66,66,66,66,66,66,66,66,66,66,66,66,66,66],"card_choices":[{"not_picked":["Blur","Finisher"],"picked":"Blade Dance","floor":1.0},{"not_picked":["Deadly Poison","Riddle With Holes"],"picked":"Poisoned Stab","floor":4.0},{"not_picked":["Deadly Poison","Bane"],"picked":"Crippling Poison","floor":5.0},{"not_picked":["Acrobatics","Blade Dance"],"picked":"Bouncing Flask","floor":7.0},{"not_picked":["Infinite Blades","Outmaneuver"],"picked":"Adrenaline","floor":8.0},{"not_picked":["Poisoned Stab","All Out Attack"],"picked":"Dash","floor":13.0},{"not_picked":["Sucker Punch","Dagger Spray"],"picked":"PiercingWail","floor":14.0},{"not_picked":["Malaise","Glass Knife"],"picked":"Wraith Form v2","floor":16},{"not_picked":["Prepared","Dagger Spray"],"picked":"Acrobatics","floor":18},{"not_picked":["Terror","Deflect"],"picked":"Blade Dance","floor":21},{"not_picked":["Quick Slash","Tactician","Venomology"],"picked":"SKIP","floor":24},{"not_picked":["Prepared","Bane+1"],"picked":"Terror","floor":25},{"not_picked":["Sucker Punch","Terror+1","Backstab"],"picked":"SKIP","floor":28},{"not_picked":["Calculated Gamble","Deadly Poison"],"picked":"Leg Sweep","floor":30}],"player_experience":941188,"relics_obtained":[{"floor":8.0,"key":"FossilizedHelix"},{"floor":9.0,"key":"Bird Faced Urn"},{"floor":12.0,"key":"Lizard Tail"},{"floor":13.0,"key":"Mummified Hand"},{"floor":25,"key":"Art of War"},{"floor":26,"key":"Vajra"}],"event_choices":[{"damage_healed":0.0,"max_hp_gain":0.0,"max_hp_loss":0.0,"gold_gain":0.0,"event_name":"Living Wall","player_choice":"Grow","floor":2.0,"gold_loss":0.0,"damage_taken":0.0,"cards_upgraded":["Blade Dance"]},{"damage_healed":0.0,"max_hp_gain":0.0,"max_hp_loss":0.0,"gold_gain":0.0,"event_name":"The Woman in Blue","player_choice":"Bought 1 Potion","floor":3.0,"gold_loss":0.0,"damage_taken":0.0},{"damage_healed":22.0,"max_hp_gain":0.0,"max_hp_loss":0.0,"gold_gain":0.0,"event_name":"Big Fish","player_choice":"Banana","floor":11.0,"gold_loss":0.0,"damage_taken":0.0},{"damage_healed":0.0,"max_hp_gain":0.0,"max_hp_loss":0.0,"gold_gain":0.0,"event_name":"Wheel of Change","player_choice":"Relic","floor":12.0,"gold_loss":0.0,"damage_taken":0.0},{"damage_healed":0,"gold_gain":90,"player_choice":"GOLD ","damage_taken":12,"max_hp_gain":0,"max_hp_loss":0,"event_name":"Knowing Skull","floor":22,"potions_obtained":[],"gold_loss":0,"cards_obtained":[]},{"damage_healed":0,"gold_gain":50,"player_choice":"Stole From Cult","damage_taken":0,"max_hp_gain":0,"max_hp_loss":0,"event_name":"Nest","floor":31,"gold_loss":0}],"is_beta":false,"boss_relics":[{"not_picked":["Pandora\u0027s Box","SacredBark"],"picked":"Astrolabe"}],"items_purged_floors":[29],"is_endless":false,"potions_floor_spawned":[1,7,8,14,18,25],"killed_by":"Collector","ascension_level":20}}