{"host":"sz8c8ni79nvzjmmg","time":1608604890,"event":{"mods":["AchievementEnabler","BaseMod","DeckTracker","Keyboard Shortcuts","Minty Spire (QoL Compilation)","SuperFastMode"],"gold_per_floor":[111,36,36,52,65,65,77,104,104,134,59,59,76,76,76,172,172,195,5,55,55,55,55],"floor_reached":22,"playtime":539,"items_purged":["Strike_G","Strike_G"],"score":364,"play_id":"04efc5b7-561e-4f29-9301-6ada257c5fd6","local_time":"20201222114130","is_ascension_mode":true,"campfire_choices":[{"data":"Envenom","floor":6.0,"key":"SMITH"},{"floor":15.0,"key":"REST"}],"circlet_count":0,"master_deck":["AscendersBane","Strike_G","Defend_G","Defend_G","Defend_G","Defend_G","Survivor","Neutralize","Night Terror","Envenom+1","Catalyst","Masterful Stab","Prepared","Catalyst","Flechettes","Blade Dance","Ghostly","Ghostly","Ghostly"],"relics":["Ring of the Snake","Kunai","Lizard Tail","Golden Idol","Sozu"],"acts_visited":["Exordium","TheCity"],"potions_floor_usage":[],"damage_taken":[{"damage":0.0,"enemies":"2 Louse","floor":1.0,"turns":3.0},{"damage":4.0,"enemies":"Small Slimes","floor":4.0,"turns":5.0},{"damage":7.0,"enemies":"Jaw Worm","floor":5.0,"turns":5.0},{"damage":3.0,"enemies":"Blue Slaver","floor":7.0,"turns":5.0},{"damage":20.0,"enemies":"Lagavulin","floor":8.0,"turns":8.0},{"damage":24.0,"enemies":"Large Slime","floor":13.0,"turns":13.0},{"damage":32.0,"enemies":"Hexaghost","floor":16.0,"turns":9.0},{"damage":15.0,"enemies":"Spheric Guardian","floor":18.0,"turns":4.0},{"damage":0,"enemies":"Chosen","floor":22,"turns":3}],"seed_played":"7771837681523727578","potions_obtained":[{"floor":8.0,"key":"Block Potion"}],"is_trial":false,"path_per_floor":["M","$","?","M","M","R","M","E","T","?","?","?","M","?","R","B",null,"M","$","?","?","M"],"character_chosen":"THE_SILENT","items_purchased":["Flechettes","Blade Dance"],"campfire_rested":1,"item_purchase_floors":[19,19],"current_hp_per_floor":[59,59,64,60,53,53,50,30,30,30,30,30,6,6,23,21,50,35,35,35,29,29,29],"gold":55,"neow_bonus":"TRANSFORM_TWO_CARDS","is_daily":false,"chose_seed":false,"campfire_upgraded":1,"win_rate":0.0,"timestamp":1608604890,"path_taken":["M","$","?","M","M","R","M","E","T","?","?","?","M","?","R","BOSS","M","$","?","?","M"],"items_purchased_type":["Card","Card"],"build_version":"2020-12-13","purchased_purges":2,"victory":false,"max_hp_per_floor":[60,60,65,65,65,65,65,65,65,65,65,65,65,59,59,59,59,59,59,59,29,29,29],"card_choices":[{"not_picked":["Acrobatics","Riddle With Holes"],"picked":"Catalyst","floor":1.0},{"not_picked":["Flying Knee","PiercingWail"],"picked":"Masterful Stab","floor":4.0},{"not_picked":["Quick Slash","Skewer"],"picked":"Prepared","floor":5.0},{"not_picked":["Expertise","Leg Sweep","Dodge and Roll"],"picked":"SKIP","floor":7.0},{"not_picked":["Cloak And Dagger","Night Terror"],"picked":"Catalyst","floor":8.0},{"not_picked":["Flying Knee","Outmaneuver","Setup"],"picked":"SKIP","floor":13.0},{"not_picked":["Bane","Choke","Sucker Punch"],"picked":"SKIP","floor":18.0}],"player_experience":1208678,"relics_obtained":[{"floor":8.0,"key":"Kunai"},{"floor":9.0,"key":"Lizard Tail"}],"event_choices":[{"damage_healed":0.0,"max_hp_gain":5.0,"max_hp_loss":0.0,"gold_gain":0.0,"event_name":"Big Fish","player_choice":"Donut","floor":3.0,"gold_loss":0.0,"damage_taken":0.0},{"damage_healed":0.0,"max_hp_gain":0.0,"max_hp_loss":0.0,"gold_gain":30.0,"event_name":"Dead Adventurer","player_choice":"Searched \u00272\u0027 times","floor":10.0,"gold_loss":0.0,"damage_taken":0.0},{"cards_removed":["Strike_G"],"damage_healed":0.0,"max_hp_gain":0.0,"max_hp_loss":0.0,"gold_gain":0.0,"event_name":"The Cleric","player_choice":"Card Removal","floor":11.0,"gold_loss":75.0,"damage_taken":0.0},{"damage_healed":0.0,"max_hp_gain":0.0,"max_hp_loss":0.0,"gold_gain":0.0,"event_name":"Liars Game","player_choice":"Ignored","floor":12.0,"gold_loss":0.0,"damage_taken":0.0},{"damage_healed":0.0,"max_hp_gain":0.0,"max_hp_loss":6.0,"gold_gain":0.0,"event_name":"Golden Idol","player_choice":"Lose Max HP","floor":14.0,"gold_loss":0.0,"damage_taken":0.0,"relics_obtained":["Golden Idol"]},{"damage_healed":0,"gold_gain":50,"player_choice":"Stole From Cult","damage_taken":0,"max_hp_gain":0,"max_hp_loss":0,"event_name":"Nest","floor":20,"gold_loss":0},{"damage_healed":0,"gold_gain":0,"player_choice":"Became a Ghost","damage_taken":0,"max_hp_gain":0,"max_hp_loss":30,"event_name":"Ghosts","floor":21,"gold_loss":0,"cards_obtained":["Ghostly","Ghostly","Ghostly"]}],"is_beta":false,"boss_relics":[{"not_picked":["Tiny House","Ring of the Serpent"],"picked":"Sozu"}],"items_purged_floors":[2,19],"is_endless":false,"potions_floor_spawned":[8],"killed_by":"Chosen","ascension_level":20}}