{"host":"anox4050deqdcqoh","time":1608642655,"event":{"mods":["BaseMod","Colored Map","Minty Spire (QoL Compilation)"],"gold_per_floor":[115,130,205,215,234,259,259,288,588,588,603,41,61,73,73,169,169,185,205,219,318,318,318,334,360,360,360,360,371,371,371],"floor_reached":30,"playtime":1698,"items_purged":["Defend_G"],"score":277,"play_id":"5db106be-cb9d-494a-b8a9-201978328911","local_time":"20201222081055","is_ascension_mode":true,"campfire_choices":[{"floor":7,"key":"REST"},{"floor":10,"key":"REST"},{"floor":15,"key":"REST"},{"floor":23,"key":"REST"},{"floor":27,"key":"RECALL"}],"circlet_count":0,"master_deck":["Strike_G+1","Strike_G+1","Strike_G+1","Strike_G+1","Strike_G+1","Defend_G+1","Defend_G+1","Defend_G+1","Defend_G+1","Survivor","Neutralize+1","Deadly Poison","Escape Plan","Distraction","PiercingWail","Dash","Dash","Blade Dance","Accuracy","Metamorphosis","Slice","Catalyst+1","Envenom","Caltrops","Deflect+1","Setup","Bouncing Flask","Choke","Dash+1"],"relics":["Ring of the Snake","Mercury Hourglass","StoneCalendar","Old Coin","Matryoshka","Black Star","Lizard Tail","Omamori","Bag of Marbles"],"acts_visited":["Exordium","TheCity"],"potions_floor_usage":[6,8,16,20,20],"damage_taken":[{"damage":3,"enemies":"Jaw Worm","floor":1,"turns":4},{"damage":0,"enemies":"Cultist","floor":2,"turns":4},{"damage":0,"enemies":"Small Slimes","floor":4,"turns":3},{"damage":4,"enemies":"Looter","floor":5,"turns":3},{"damage":44,"enemies":"3 Sentries","floor":6,"turns":13},{"damage":13,"enemies":"Lagavulin","floor":8,"turns":10},{"damage":0,"enemies":"2 Fungi Beasts","floor":11,"turns":3},{"damage":0,"enemies":"Exordium Thugs","floor":13,"turns":5},{"damage":0,"enemies":"Lots of Slimes","floor":14,"turns":3},{"damage":26,"enemies":"The Guardian","floor":16,"turns":8},{"damage":19,"enemies":"3 Byrds","floor":18,"turns":5},{"damage":28,"enemies":"Shell Parasite","floor":19,"turns":5},{"damage":17,"enemies":"Cultist and Chosen","floor":20,"turns":7},{"damage":4,"enemies":"Centurion and Healer","floor":24,"turns":7},{"damage":16,"enemies":"Book of Stabbing","floor":25,"turns":5},{"damage":38,"enemies":"Sentry and Sphere","floor":29,"turns":8},{"damage":8,"enemies":"Snake Plant","floor":30,"turns":4}],"seed_played":"-3643270183811589801","potions_obtained":[{"floor":2,"key":"Poison Potion"},{"floor":4,"key":"SkillPotion"},{"floor":11,"key":"DistilledChaos"},{"floor":13,"key":"FearPotion"},{"floor":16,"key":"Swift Potion"},{"floor":18,"key":"LiquidBronze"},{"floor":19,"key":"BlessingOfTheForge"}],"is_trial":false,"path_per_floor":["M","M","?","M","M","E","R","E","T","R","M","$","M","M","R","B",null,"M","M","M","?","?","R","M","E","T","R","?","M","M"],"character_chosen":"THE_SILENT","items_purchased":["Accuracy","Matryoshka","Metamorphosis"],"campfire_rested":4,"item_purchase_floors":[12,12,12],"current_hp_per_floor":[67,67,56,56,52,8,29,16,16,37,37,37,37,37,58,32,70,51,23,6,6,6,27,23,7,7,7,7,6,0,0],"gold":371,"neow_bonus":"UPGRADE_CARD","is_daily":false,"chose_seed":false,"campfire_upgraded":0,"win_rate":0.0,"timestamp":1608642655,"path_taken":["M","M","?","M","M","E","R","E","T","R","M","?","M","?","R","BOSS","M","M","M","?","?","R","M","E","T","R","?","?","M"],"items_purchased_type":["Card","Relic","Card"],"build_version":"2020-12-13","purchased_purges":1,"victory":false,"max_hp_per_floor":[70,70,70,70,70,70,70,70,70,70,70,70,70,70,70,70,70,70,70,70,70,70,70,70,70,70,70,70,70,70,70],"card_choices":[{"not_picked":["Dodge and Roll","Dagger Spray"],"picked":"Deadly Poison","floor":1},{"not_picked":["PiercingWail","Bane"],"picked":"Escape Plan","floor":2},{"not_picked":["Cloak And Dagger","Eviscerate"],"picked":"Distraction","floor":4},{"not_picked":["Deadly Poison","Skewer"],"picked":"PiercingWail","floor":5},{"not_picked":["Dagger Throw","Concentrate"],"picked":"Dash","floor":6},{"not_picked":["Deadly Poison","Dagger Spray"],"picked":"Dash","floor":8},{"not_picked":["Choke","Storm of Steel"],"picked":"Blade Dance","floor":11},{"not_picked":["Prepared","Reflex"],"picked":"Slice","floor":13},{"not_picked":["Deflect","Predator"],"picked":"Catalyst","floor":14},{"not_picked":["Wraith Form v2","Doppelganger"],"picked":"Envenom","floor":16},{"not_picked":["Bane","Acrobatics"],"picked":"Caltrops","floor":18},{"not_picked":["Backflip","Heel Hook"],"picked":"Deflect+1","floor":19},{"not_picked":["Backflip","Dodge and Roll"],"picked":"Setup","floor":20},{"not_picked":["Dagger Throw+1","Sucker Punch+1"],"picked":"Bouncing Flask","floor":24},{"not_picked":["Blade Dance","Well Laid Plans"],"picked":"Choke","floor":25},{"not_picked":["Cloak And Dagger+1","Endless Agony+1"],"picked":"Dash+1","floor":29}],"player_experience":151150,"relics_obtained":[{"floor":6,"key":"Mercury Hourglass"},{"floor":8,"key":"StoneCalendar"},{"floor":9,"key":"Old Coin"},{"floor":25,"key":"Lizard Tail"},{"floor":25,"key":"Omamori"},{"floor":26,"key":"Bag of Marbles"}],"event_choices":[{"damage_healed":0,"gold_gain":75,"player_choice":"Gather Gold","damage_taken":11,"max_hp_gain":0,"max_hp_loss":0,"event_name":"World of Goop","floor":3,"gold_loss":0},{"damage_healed":0,"gold_gain":99,"player_choice":"Stole From Cult","damage_taken":0,"max_hp_gain":0,"max_hp_loss":0,"event_name":"Nest","floor":21,"gold_loss":0},{"damage_healed":0,"gold_gain":0,"player_choice":"Simplicity","damage_taken":0,"max_hp_gain":0,"max_hp_loss":0,"event_name":"Back to Basics","floor":22,"gold_loss":0,"cards_upgraded":["Strike_G","Strike_G","Strike_G","Strike_G","Strike_G","Defend_G","Defend_G","Defend_G","Defend_G"]},{"damage_healed":0,"gold_gain":0,"player_choice":"Upgraded","damage_taken":0,"max_hp_gain":0,"max_hp_loss":0,"event_name":"Upgrade Shrine","floor":28,"gold_loss":0,"cards_upgraded":["Catalyst"]}],"is_beta":false,"boss_relics":[{"not_picked":["Fusion Hammer","Pandora\u0027s Box"],"picked":"Black Star"}],"items_purged_floors":[12],"is_endless":false,"potions_floor_spawned":[2,4,11,13,16,18,19],"killed_by":"Snake Plant","ascension_level":1}}