{"host":"mi0eibewekhugwl1","time":1608635288,"event":{"mods":["AchievementEnabler","BaseMod","Colored Map","Colored Powertips","DeckTracker","Keyboard Shortcuts","Minty Spire (QoL Compilation)","Quick Restart","Rare Cards Sparkle","Relic Stats","StSLib","SuperFastMode","everything is the same but u backflip on backflip"],"gold_per_floor":[113,123,139,153,153,153,153,153,198,54,72,72,88,108,108,108,108],"floor_reached":16,"playtime":295,"items_purged":[],"score":213,"play_id":"694b28dd-0173-4daa-9e0f-a63781d7abfd","local_time":"20201222200808","is_ascension_mode":true,"campfire_choices":[{"data":"Feed","floor":6,"key":"SMITH"},{"data":"Bash","floor":8,"key":"SMITH"},{"data":"Evolve","floor":15,"key":"SMITH"}],"circlet_count":0,"master_deck":["AscendersBane","Strike_R","Strike_R","Strike_R","Strike_R","Defend_R","Defend_R","Defend_R","Defend_R","Bash+1","Feed+1","Second Wind","Cleave","Evolve+1","Infernal Blade","Sword Boomerang","Fire Breathing","Feel No Pain"],"relics":["Burning Blood","Golden Idol","Omamori"],"acts_visited":["Exordium"],"potions_floor_usage":[4,11,14],"damage_taken":[{"damage":12,"enemies":"Cultist","floor":1,"turns":5},{"damage":16,"enemies":"Jaw Worm","floor":2,"turns":5},{"damage":0,"enemies":"Small Slimes","floor":3,"turns":3},{"damage":0,"enemies":"Gremlin Gang","floor":4,"turns":5},{"damage":19,"enemies":"Exordium Thugs","floor":11,"turns":6},{"damage":12,"enemies":"Large Slime","floor":13,"turns":3},{"damage":14,"enemies":"Exordium Wildlife","floor":14,"turns":4},{"damage":30,"enemies":"Hexaghost","floor":16,"turns":7}],"seed_played":"-5953734561836353652","potions_obtained":[{"floor":1,"key":"Explosive Potion"},{"floor":4,"key":"LiquidMemories"},{"floor":13,"key":"Energy Potion"}],"is_trial":false,"path_per_floor":["M","M","M","M","?","R","?","R","T","$","M","?","M","M","R","B"],"character_chosen":"IRONCLAD","items_purchased":["BloodPotion","Infernal Blade"],"campfire_rested":0,"item_purchase_floors":[10,10],"current_hp_per_floor":[47,37,46,55,60,60,29,29,29,29,38,38,32,28,28,0,0],"gold":108,"neow_bonus":"THREE_RARE_CARDS","is_daily":false,"chose_seed":false,"campfire_upgraded":3,"win_rate":0.0,"timestamp":1608635288,"path_taken":["M","M","M","?","?","R","?","R","T","$","M","?","M","?","R","BOSS"],"items_purchased_type":["Potion","Card"],"build_version":"2020-12-13","purchased_purges":0,"victory":false,"max_hp_per_floor":[78,78,81,84,89,89,89,89,89,89,93,93,93,97,97,97,97],"relic_stats":{"counters":[8,38],"Golden Idol":11,"obtain_stats":[{"Golden Idol":7,"Omamori":9,"Burning Blood":0},{"Golden Idol":4,"Omamori":4,"Burning Blood":0},{"Golden Idol":18,"Omamori":18,"Burning Blood":0}],"Burning Blood":42},"card_choices":[{"not_picked":["Reaper","Berserk"],"picked":"Feed","floor":0},{"not_picked":["Intimidate","Flex"],"picked":"Second Wind","floor":1},{"not_picked":["Clothesline","Anger"],"picked":"Cleave","floor":2},{"not_picked":["Clothesline","Rage"],"picked":"Evolve","floor":3},{"not_picked":["Combust","Headbutt","Perfected Strike"],"picked":"SKIP","floor":4},{"not_picked":["Flex","Body Slam"],"picked":"Sword Boomerang","floor":11},{"not_picked":["Wild Strike","Twin Strike"],"picked":"Fire Breathing","floor":13},{"not_picked":["Headbutt","Ghostly Armor"],"picked":"Feel No Pain","floor":14}],"player_experience":1698842,"relics_obtained":[{"floor":9,"key":"Omamori"}],"event_choices":[{"damage_healed":0,"gold_gain":0,"player_choice":"Donut","damage_taken":0,"max_hp_gain":5,"max_hp_loss":0,"event_name":"Big Fish","floor":5,"gold_loss":0},{"damage_healed":0,"gold_gain":0,"player_choice":"Take Damage","damage_taken":31,"relics_obtained":["Golden Idol"],"max_hp_gain":0,"max_hp_loss":0,"event_name":"Golden Idol","floor":7,"gold_loss":0},{"cards_removed":["Strike_R"],"damage_healed":0,"gold_gain":0,"player_choice":"Offered Basic","damage_taken":0,"max_hp_gain":0,"max_hp_loss":0,"event_name":"Bonfire Elementals","floor":12,"gold_loss":0}],"is_beta":false,"boss_relics":[],"items_purged_floors":[],"is_endless":false,"potions_floor_spawned":[1,4,13],"killed_by":"Hexaghost","ascension_level":20}}