{"host":"msfr2axb1w9025n0","time":1608622578,"event":{"mods":["BaseMod","Colored Map","DeckTracker","Minty Spire (QoL Compilation)"],"gold_per_floor":[119,45,60,60,74,107,107,123,123,123,141,157,185,65,65,138,138,154,169,84,84,102,132,132,132,132],"floor_reached":25,"playtime":946,"items_purged":[],"score":451,"play_id":"b9e20182-cfb4-466e-b57b-072c1f89a561","local_time":"20201222143618","is_ascension_mode":true,"campfire_choices":[{"data":"Finisher","floor":7.0,"key":"SMITH"},{"data":"Infinite Blades","floor":10.0,"key":"SMITH"},{"data":"Accuracy","floor":15,"key":"SMITH"},{"data":"Leg Sweep","floor":24,"key":"SMITH"}],"circlet_count":0,"master_deck":["AscendersBane","Strike_G+1","Strike_G","Strike_G","Strike_G+1","Strike_G","Defend_G","Defend_G","Defend_G","Defend_G","Defend_G","Survivor","Neutralize","Blade Dance+1","Infinite Blades+1","Leg Sweep+1","Choke","Finisher+1","Backflip","Accuracy+1","Leg Sweep","Glass Knife","Dagger Spray"],"relics":["Coffee Dripper","Bag of Marbles","Matryoshka","Whetstone","Pear","Singing Bowl","Sozu","Shuriken","MealTicket"],"acts_visited":["Exordium","TheCity"],"potions_floor_usage":[13,23],"damage_taken":[{"damage":3.0,"enemies":"Jaw Worm","floor":1.0,"turns":4.0},{"damage":0.0,"enemies":"2 Louse","floor":3.0,"turns":3.0},{"damage":0.0,"enemies":"Small Slimes","floor":5.0,"turns":2.0},{"damage":20.0,"enemies":"3 Sentries","floor":6.0,"turns":9.0},{"damage":6.0,"enemies":"Blue Slaver","floor":8.0,"turns":2.0},{"damage":9.0,"enemies":"Exordium Thugs","floor":11.0,"turns":3.0},{"damage":1.0,"enemies":"Exordium Wildlife","floor":12.0,"turns":2.0},{"damage":0,"enemies":"Lagavulin","floor":13,"turns":6},{"damage":26,"enemies":"The Guardian","floor":16,"turns":12},{"damage":0,"enemies":"Chosen","floor":18,"turns":3},{"damage":1,"enemies":"Spheric Guardian","floor":19,"turns":4},{"damage":32,"enemies":"Shelled Parasite and Fungi","floor":22,"turns":5},{"damage":15,"enemies":"Gremlin Leader","floor":23,"turns":6},{"damage":21,"enemies":"Slavers","floor":25,"turns":2}],"seed_played":"-5694529858592105945","potions_obtained":[{"floor":3.0,"key":"DuplicationPotion"},{"floor":6.0,"key":"SteroidPotion"},{"floor":13,"key":"SpeedPotion"}],"is_trial":false,"path_per_floor":["M","$","M","?","M","E","R","M","T","R","M","M","E","$","R","B",null,"M","M","?","?","M","E","R","E"],"character_chosen":"THE_SILENT","items_purchased":["Infinite Blades","Accuracy","Leg Sweep"],"campfire_rested":0,"item_purchase_floors":[2,14,14],"current_hp_per_floor":[60,60,60,53,53,33,33,27,37,37,28,27,29,29,29,3,62,64,65,65,65,35,20,20,0,0],"gold":132,"neow_bonus":"BOSS_RELIC","is_daily":false,"chose_seed":false,"campfire_upgraded":4,"win_rate":0.0,"timestamp":1608622578,"path_taken":["M","$","M","?","M","E","R","M","T","R","M","M","E","$","R","BOSS","M","M","?","?","?","E","R","E"],"items_purchased_type":["Card","Card","Card"],"build_version":"2020-12-13","purchased_purges":0,"victory":false,"max_hp_per_floor":[70,70,70,70,70,70,70,70,80,80,80,80,82,82,82,82,82,84,86,86,86,88,88,88,88,88],"card_choices":[{"not_picked":["Slice","Quick Slash"],"picked":"Blade Dance","floor":1.0},{"not_picked":["Dagger Spray","Heel Hook"],"picked":"Leg Sweep","floor":3.0},{"not_picked":["Bane","Poisoned Stab"],"picked":"Choke","floor":5.0},{"not_picked":["Escape Plan","Well Laid Plans"],"picked":"Finisher","floor":6.0},{"not_picked":["Riddle With Holes","Outmaneuver"],"picked":"Backflip","floor":8.0},{"not_picked":["Deadly Poison","Acrobatics","All Out Attack"],"picked":"SKIP","floor":11.0},{"not_picked":["Slice","Underhanded Strike","Quick Slash"],"picked":"SKIP","floor":12.0},{"not_picked":["Heel Hook","Flying Knee","Dagger Throw"],"picked":"Singing Bowl","floor":13},{"not_picked":["Grand Finale","Wraith Form v2"],"picked":"Glass Knife","floor":16},{"not_picked":["Reflex","Bouncing Flask","Dagger Throw+1"],"picked":"Singing Bowl","floor":18},{"not_picked":["Noxious Fumes+1","Bane+1","Concentrate"],"picked":"Singing Bowl","floor":19},{"not_picked":["Blur","Sucker Punch","PiercingWail"],"picked":"Singing Bowl","floor":22},{"not_picked":["Dash","Bane"],"picked":"Dagger Spray","floor":23}],"player_experience":252391,"relics_obtained":[{"floor":6.0,"key":"Matryoshka"},{"floor":9.0,"key":"Whetstone"},{"floor":9.0,"key":"Pear"},{"floor":13,"key":"Singing Bowl"},{"floor":23,"key":"MealTicket"}],"event_choices":[{"damage_healed":0.0,"max_hp_gain":0.0,"max_hp_loss":0.0,"gold_gain":0.0,"event_name":"Scrap Ooze","player_choice":"Success","floor":4.0,"gold_loss":0.0,"damage_taken":7.0,"relics_obtained":["Bag of Marbles"]},{"damage_healed":0,"gold_gain":0,"player_choice":"Obtained Relic","damage_taken":0,"relics_obtained":["Shuriken"],"max_hp_gain":0,"max_hp_loss":0,"event_name":"Addict","floor":20,"gold_loss":85},{"damage_healed":0,"gold_gain":0,"player_choice":"Upgraded","damage_taken":0,"max_hp_gain":0,"max_hp_loss":0,"event_name":"Upgrade Shrine","floor":21,"gold_loss":0,"cards_upgraded":["Blade Dance"]}],"is_beta":false,"boss_relics":[{"not_picked":["Runic Dome","Ectoplasm"],"picked":"Sozu"}],"items_purged_floors":[],"is_endless":false,"potions_floor_spawned":[3,6,13,18,22,23],"killed_by":"Slavers","ascension_level":13}}