{"host":"5f8ute538gzudddu","time":1608624139,"event":{"mods":["BaseMod","Highlight Path","Minty Spire (QoL Compilation)","Relic Stats","StSLib"],"gold_per_floor":[114,114,264,264,25,25,63,86,133,173,185,216,248,280,292,395,407,442,53,53,69,87,87,87],"floor_reached":23,"playtime":798,"items_purged":["Doubt","Strike_P"],"score":498,"play_id":"b9df2908-50e8-442d-9ba9-03f0437e83da","local_time":"20201222000219","is_ascension_mode":true,"campfire_choices":[{"data":"Eruption","floor":6.0,"key":"SMITH"},{"data":"Vigilance","floor":11.0,"key":"SMITH"},{"data":"BowlingBash","floor":15.0,"key":"SMITH"}],"circlet_count":0,"master_deck":["AscendersBane","Strike_P","Strike_P","Strike_P","Defend_P+1","Defend_P","Defend_P+1","Defend_P","Eruption+1","Vigilance+1","Consecrate","Prostrate","EmptyMind","ThirdEye","BowlingBash+1","FlyingSleeves","Ragnarok","Conclude+1","Worship","ThirdEye","Prostrate"],"relics":["PureWater","NeowsBlessing","InkBottle","Golden Idol","Centennial Puzzle","War Paint","PreservedInsect","MawBank","VioletLotus","White Beast Statue"],"acts_visited":["Exordium","TheCity"],"potions_floor_usage":[22,23,23],"damage_taken":[{"damage":0.0,"enemies":"Jaw Worm","floor":1.0,"turns":1.0},{"damage":0.0,"enemies":"Gremlin Nob","floor":7.0,"turns":1.0},{"damage":0.0,"enemies":"3 Sentries","floor":10.0,"turns":1.0},{"damage":7.0,"enemies":"Small Slimes","floor":12.0,"turns":2.0},{"damage":1.0,"enemies":"2 Louse","floor":13.0,"turns":3.0},{"damage":3.0,"enemies":"Gremlin Gang","floor":14.0,"turns":6.0},{"damage":12.0,"enemies":"Slime Boss","floor":16.0,"turns":5.0},{"damage":19,"enemies":"Shell Parasite","floor":18,"turns":10},{"damage":16,"enemies":"Spheric Guardian","floor":21,"turns":4},{"damage":7,"enemies":"Centurion and Healer","floor":22,"turns":6},{"damage":20,"enemies":"Book of Stabbing","floor":23,"turns":3}],"seed_played":"3348673493651004565","potions_obtained":[{"floor":7.0,"key":"SpeedPotion"},{"floor":10.0,"key":"ColorlessPotion"},{"floor":21,"key":"EssenceOfSteel"},{"floor":22,"key":"Dexterity Potion"}],"is_trial":false,"path_per_floor":["M","?","?","?","$","R","E","T","T","E","R","M","M","M","R","B",null,"M","$","?","M","M","E"],"character_chosen":"WATCHER","items_purchased":["Centennial Puzzle","White Beast Statue","Worship"],"campfire_rested":0,"item_purchase_floors":[5,19,19],"current_hp_per_floor":[61,43,43,43,43,43,43,43,43,43,43,36,35,32,32,20,52,33,33,24,8,1,0,0],"gold":87,"neow_bonus":"THREE_ENEMY_KILL","is_daily":false,"chose_seed":false,"campfire_upgraded":3,"win_rate":0.0,"timestamp":1608624139,"path_taken":["M","?","?","?","$","R","E","?","T","E","R","?","M","M","R","BOSS","M","$","?","M","M","E"],"items_purchased_type":["Relic","Relic","Card"],"build_version":"2020-12-13","purchased_purges":2,"victory":false,"max_hp_per_floor":[68,68,68,62,62,62,62,62,62,62,62,62,62,62,62,62,62,62,62,62,62,62,62,62],"relic_stats":{"Centennial Puzzle":[21],"counters":[11,42],"Golden Idol":58,"PreservedInsect":43,"VioletLotus":[5],"War Paint":["Defend_P","Defend_P"],"MawBank":108,"obtain_stats":[{"Centennial Puzzle":5,"NeowsBlessing":0,"Golden Idol":4,"PreservedInsect":9,"VioletLotus":17,"PureWater":0,"War Paint":7,"MawBank":10,"InkBottle":2,"White Beast Statue":19},{"Centennial Puzzle":1,"NeowsBlessing":0,"Golden Idol":1,"PreservedInsect":2,"VioletLotus":7,"PureWater":0,"War Paint":2,"MawBank":3,"InkBottle":1,"White Beast Statue":8},{"Centennial Puzzle":1,"NeowsBlessing":0,"Golden Idol":1,"PreservedInsect":2,"VioletLotus":19,"PureWater":0,"War Paint":2,"MawBank":3,"InkBottle":1,"White Beast Statue":29}],"InkBottle":[15]},"card_choices":[{"not_picked":["Crescendo","ClearTheMind"],"picked":"Consecrate","floor":1.0},{"not_picked":["SashWhip","DevaForm"],"picked":"Prostrate","floor":7.0},{"not_picked":["CrushJoints","Study"],"picked":"EmptyMind","floor":10.0},{"not_picked":["Collect","CutThroughFate"],"picked":"ThirdEye","floor":12.0},{"not_picked":["Evaluate","CrushJoints"],"picked":"BowlingBash","floor":13.0},{"not_picked":["CrushJoints","Nirvana"],"picked":"FlyingSleeves","floor":14.0},{"not_picked":["MasterReality","DevaForm"],"picked":"Ragnarok","floor":16.0},{"not_picked":["Wallop","Evaluate"],"picked":"Conclude+1","floor":18},{"not_picked":["CrushJoints","BowlingBash"],"picked":"ThirdEye","floor":21},{"not_picked":["Vengeance","BowlingBash"],"picked":"Prostrate","floor":22}],"player_experience":899208,"relics_obtained":[{"floor":7.0,"key":"War Paint"},{"floor":9.0,"key":"PreservedInsect"},{"floor":10.0,"key":"MawBank"}],"event_choices":[{"damage_healed":0.0,"max_hp_gain":0.0,"max_hp_loss":0.0,"gold_gain":0.0,"event_name":"Scrap Ooze","player_choice":"Success","floor":2.0,"gold_loss":0.0,"damage_taken":18.0,"relics_obtained":["InkBottle"]},{"damage_healed":0.0,"max_hp_gain":0.0,"max_hp_loss":0.0,"gold_gain":150.0,"event_name":"Liars Game","player_choice":"AGREE","floor":3.0,"gold_loss":0.0,"damage_taken":0.0,"cards_obtained":["Doubt"]},{"damage_healed":0.0,"max_hp_gain":0.0,"max_hp_loss":6.0,"gold_gain":0.0,"event_name":"Golden Idol","player_choice":"Lose Max HP","floor":4.0,"gold_loss":0.0,"damage_taken":0.0,"relics_obtained":["Golden Idol"]},{"damage_healed":0,"gold_gain":0,"player_choice":"Damaged","damage_taken":9,"max_hp_gain":0,"max_hp_loss":0,"event_name":"Wheel of Change","floor":20,"gold_loss":0}],"is_beta":false,"boss_relics":[{"not_picked":["Tiny House","Sozu"],"picked":"VioletLotus"}],"items_purged_floors":[5,19],"is_endless":false,"potions_floor_spawned":[7,10,13,21,22],"killed_by":"Book of Stabbing","ascension_level":20}}