{"host":"3h5qf14xt40jhha0","time":1608617930,"event":{"mods":["AlwaysNeverKeys","BaseMod","Colored Powertips","Minty Spire (QoL Compilation)","Permanent Neow","Relic Stats","StSLib"],"gold_per_floor":[114,114,128,128,53,79,79,105,129,129,156,169,169,169,169,243,243,263,276,109,125,125,151,166,166,166],"floor_reached":25,"playtime":940,"items_purged":["Defend_P"],"score":528,"play_id":"2c9e4b9f-bad5-4047-a0c1-89b6099cf8af","local_time":"20201222011850","is_ascension_mode":true,"campfire_choices":[{"data":"Eruption","floor":7.0,"key":"SMITH"},{"data":"Consecrate","floor":10.0,"key":"SMITH"},{"data":"EmptyFist","floor":13.0,"key":"SMITH"},{"data":"Wireheading","floor":15.0,"key":"SMITH"}],"circlet_count":0,"master_deck":["AscendersBane","Strike_P+1","Strike_P+1","Defend_P","Eruption+1","Vigilance+1","CurseOfTheBell","FlurryOfBlows","Consecrate+1","EmptyFist+1","Wireheading+1","Vengeance+1","Judgement+1","LessonLearned+1","DeusExMachina+1","BowlingBash+1","JustLucky+1","Tantrum","Wallop","RitualDagger","ThirdEye","CutThroughFate"],"relics":["Calling Bell","Regal Pillow","Blue Candle","Du-Vu Doll","Toy Ornithopter","Anchor","Potion Belt","Art of War","Astrolabe","Omamori","Bronze Scales"],"acts_visited":["Exordium","TheCity"],"potions_floor_usage":[],"damage_taken":[{"damage":0.0,"enemies":"Cultist","floor":1.0,"turns":2.0},{"damage":7.0,"enemies":"Small Slimes","floor":3.0,"turns":2.0},{"damage":28.0,"enemies":"Lagavulin","floor":6.0,"turns":6.0},{"damage":0.0,"enemies":"Gremlin Nob","floor":8.0,"turns":2.0},{"damage":11.0,"enemies":"Lagavulin","floor":11.0,"turns":5.0},{"damage":0.0,"enemies":"Jaw Worm","floor":12.0,"turns":3.0},{"damage":10.0,"enemies":"Hexaghost","floor":16.0,"turns":7.0},{"damage":7.0,"enemies":"2 Thieves","floor":18.0,"turns":3.0},{"damage":4.0,"enemies":"Shell Parasite","floor":19.0,"turns":3.0},{"damage":0.0,"enemies":"Cultist and Chosen","floor":21.0,"turns":3.0},{"damage":17,"enemies":"Book of Stabbing","floor":23,"turns":4},{"damage":1,"enemies":"Chosen and Byrds","floor":24,"turns":2},{"damage":34,"enemies":"Slavers","floor":25,"turns":2}],"seed_played":"7174130922933347263","potions_obtained":[{"floor":6.0,"key":"AttackPotion"},{"floor":12.0,"key":"StancePotion"},{"floor":16.0,"key":"CultistPotion"},{"floor":18.0,"key":"SkillPotion"},{"floor":23,"key":"Energy Potion"}],"is_trial":false,"path_per_floor":["M","?","M","?","$","E","R","E","T","R","E","M","R","?","R","B",null,"M","M","$","M","?","E","M","E"],"character_chosen":"WATCHER","items_purchased":["Omamori"],"campfire_rested":0,"item_purchase_floors":[20],"current_hp_per_floor":[61,54,47,47,47,19,19,24,24,24,13,13,13,13,13,8,53,46,47,47,47,41,24,23,0,0],"gold":166,"neow_bonus":"BOSS_RELIC","is_daily":false,"chose_seed":true,"campfire_upgraded":4,"win_rate":0.0,"timestamp":1608617930,"path_taken":["M","?","M","?","$","E","R","E","T","R","E","M","R","?","R","BOSS","M","?","$","M","?","E","M","E"],"items_purchased_type":["Relic"],"build_version":"2020-12-13","purchased_purges":1,"victory":false,"max_hp_per_floor":[68,68,68,68,68,68,68,68,68,68,68,68,68,68,68,68,68,68,68,68,68,68,68,68,68,68],"relic_stats":{"Regal Pillow":0,"counters":[13,44],"Blue Candle":[5],"Astrolabe":["LessonLearned","DeusExMachina","BowlingBash"],"Bronze Scales":[27],"Art of War":[0],"obtain_stats":[{"Calling Bell":0,"Du-Vu Doll":0,"Potion Belt":9,"Regal Pillow":0,"Anchor":8,"Blue Candle":0,"Astrolabe":17,"Bronze Scales":23,"Art of War":11,"Omamori":20,"PureWater":0,"Toy Ornithopter":6},{"Calling Bell":0,"Du-Vu Doll":0,"Potion Belt":4,"Regal Pillow":0,"Anchor":4,"Blue Candle":0,"Astrolabe":7,"Bronze Scales":11,"Art of War":5,"Omamori":9,"PureWater":0,"Toy Ornithopter":3},{"Calling Bell":0,"Du-Vu Doll":0,"Potion Belt":12,"Regal Pillow":0,"Anchor":12,"Blue Candle":0,"Astrolabe":27,"Bronze Scales":40,"Art of War":17,"Omamori":33,"PureWater":0,"Toy Ornithopter":10}],"Toy Ornithopter":15},"card_choices":[{"not_picked":["Vengeance","Protect"],"picked":"FlurryOfBlows","floor":1.0},{"not_picked":["ClearTheMind","Swivel"],"picked":"Consecrate","floor":3.0},{"not_picked":["EmptyBody","WheelKick"],"picked":"EmptyFist","floor":6.0},{"not_picked":["Prostrate","SignatureMove"],"picked":"Wireheading","floor":8.0},{"not_picked":["BattleHymn","PathToVictory","JustLucky"],"picked":"SKIP","floor":11.0},{"not_picked":["SandsOfTime","Wireheading"],"picked":"Vengeance","floor":12.0},{"not_picked":["DevaForm","Devotion"],"picked":"Judgement","floor":16.0},{"not_picked":["ReachHeaven","CrushJoints"],"picked":"JustLucky+1","floor":18.0},{"not_picked":["WheelKick","Worship"],"picked":"Tantrum","floor":19.0},{"not_picked":["Halt","FlurryOfBlows"],"picked":"Wallop","floor":21.0},{"not_picked":["PathToVictory","CarveReality"],"picked":"ThirdEye","floor":23},{"not_picked":["WindmillStrike","Vengeance"],"picked":"CutThroughFate","floor":24}],"player_experience":1266014,"relics_obtained":[{"floor":0.0,"key":"Regal Pillow"},{"floor":0.0,"key":"Blue Candle"},{"floor":0.0,"key":"Du-Vu Doll"},{"floor":6.0,"key":"Toy Ornithopter"},{"floor":8.0,"key":"Anchor"},{"floor":9.0,"key":"Potion Belt"},{"floor":11.0,"key":"Art of War"},{"floor":23,"key":"Bronze Scales"}],"event_choices":[{"cards_removed":["Defend_P"],"damage_healed":0.0,"max_hp_gain":0.0,"max_hp_loss":0.0,"gold_gain":0.0,"event_name":"Golden Wing","player_choice":"Card Removal","floor":2.0,"gold_loss":0.0,"damage_taken":7.0},{"damage_healed":0.0,"max_hp_gain":0.0,"max_hp_loss":0.0,"gold_gain":0.0,"event_name":"Scrap Ooze","player_choice":"Fled","floor":4.0,"gold_loss":0.0,"damage_taken":0.0},{"damage_healed":0.0,"max_hp_gain":0.0,"max_hp_loss":0.0,"gold_gain":0.0,"event_name":"Upgrade Shrine","player_choice":"Upgraded","floor":14.0,"gold_loss":0.0,"damage_taken":0.0,"cards_upgraded":["Vigilance"]},{"damage_healed":0.0,"max_hp_gain":0.0,"max_hp_loss":0.0,"gold_gain":0.0,"event_name":"Nest","player_choice":"Joined the Cult","floor":22.0,"gold_loss":0.0,"damage_taken":6.0,"cards_obtained":["RitualDagger"]}],"is_beta":false,"boss_relics":[{"not_picked":["Sozu","Snecko Eye"],"picked":"Astrolabe"}],"items_purged_floors":[5],"is_endless":false,"potions_floor_spawned":[6,12,16,18,23],"killed_by":"Slavers","ascension_level":20}}