{"host":"wonp23fsqqcu31ie","time":1608600234,"event":{"mods":["2.2 Compatiblity","AchievementEnabler","Aspiration","BaseMod","Bestiary","Better Altar","Better Match","Better Sensory Stone","Better Skull","Better Third Choice","BetterRewards","Block Reminder","Colored Map","Colored Powertips","Conspire","DeckTracker","Displayed Cursed Tome","Downfall","Hermit","Highlight Path","Hubris","Minty Spire (QoL Compilation)","Permanent Neow","Quick Restart","Rare Cards Sparkle","Relic Stats","Replay The Spire","Shade Mod","Shop Mod","StSLib","SuperFastMode","The Animator","The Cursed","The Dragon Tamer","The Gatherer","The Necromancer","The Runesmith","The Servant 0.9.4"],"gold_per_floor":[99,118,53,53,53,53,53,66,76,86,36,56,56,56,77,93,93,93],"floor_reached":16,"playtime":506,"items_purged":[],"score":92,"play_id":"73563712-c63e-4938-bdc0-5350c4d201da","local_time":"20201222122354","is_ascension_mode":false,"campfire_choices":[{"floor":1,"key":"RECALL"},{"floor":6,"key":"REST"},{"floor":13,"key":"REST"}],"circlet_count":0,"master_deck":["champ:Strike","champ:Strike","champ:Strike","champ:Strike","champ:Defend","champ:Defend","champ:Defend+1","champ:Defend","champ:Execute","champ:Taunt","champ:CrownThrow","champ:DefensiveShout","champ:SkillfulDodge","champ:GladiatorsShout","champ:CrookedStrike","champ:ShieldWall","champ:AdrenalArmor","conspire:SpireCoStock","champ:IronFortress","champ:GladiatorStyle"],"relics":["champ:ChampionCrown","Omamori","Runesmith:AutoHammer"],"acts_visited":["Exordium"],"potions_floor_usage":[16,16],"damage_taken":[{"damage":0,"enemies":"2 Louse","floor":2,"turns":2},{"damage":5,"enemies":"downfall:FleeingMerchant","floor":3,"turns":4},{"damage":12,"enemies":"Jaw Worm","floor":8,"turns":4},{"damage":5,"enemies":"Cultist","floor":9,"turns":4},{"damage":12,"enemies":"3 Louse","floor":10,"turns":3},{"damage":16,"enemies":"2 Fungi Beasts","floor":12,"turns":5},{"damage":23,"enemies":"Lots of Slimes","floor":15,"turns":4},{"damage":45,"enemies":"downfall:Silent","floor":16,"turns":6}],"seed_played":"1489064552779698625","potions_obtained":[{"floor":8,"key":"Dexterity Potion"},{"floor":10,"key":"champ:OpenerPotion"}],"is_trial":false,"path_per_floor":["R","M","$","?","?","R","T","M","M","M","?","M","R","?","M","B"],"character_chosen":"THE_CHAMP","items_purchased":["champ:GladiatorsShout"],"campfire_rested":2,"item_purchase_floors":[3],"current_hp_per_floor":[90,90,90,90,35,62,62,53,53,41,41,34,61,61,40,0,0,0],"gold":93,"neow_bonus":"ONE_RANDOM_RARE_CARD","is_daily":false,"chose_seed":false,"campfire_upgraded":0,"win_rate":0.0,"timestamp":1608600234,"path_taken":["R","M","$","?","?","R","T","M","?","M","?","M","R","?","M","BOSS"],"items_purchased_type":["Card"],"build_version":"2020-12-13","purchased_purges":0,"victory":false,"max_hp_per_floor":[90,90,90,90,90,90,90,90,90,90,90,90,90,90,90,90,90,90],"relic_stats":{"counters":[8,32],"obtain_stats":[{"champ:ChampionCrown":0,"Omamori":5,"Runesmith:AutoHammer":5},{"champ:ChampionCrown":0,"Omamori":2,"Runesmith:AutoHammer":2},{"champ:ChampionCrown":0,"Omamori":6,"Runesmith:AutoHammer":6}]},"card_choices":[{"not_picked":["champ:BladeFlurry","champ:EnragedBash"],"picked":"champ:DefensiveShout","floor":2},{"not_picked":["champ:TornadoPunch","champ:DefensiveShout"],"picked":"champ:SkillfulDodge","floor":3},{"not_picked":["champ:Lariat","champ:FlashCut"],"picked":"champ:CrookedStrike","floor":8},{"not_picked":["champ:Balance","champ:GutPunch"],"picked":"champ:ShieldWall","floor":9},{"not_picked":["champ:Encircle","champ:FocusedGladiator"],"picked":"champ:AdrenalArmor","floor":10},{"not_picked":["champ:ShieldWall","champ:DefensiveShout"],"picked":"champ:IronFortress","floor":12},{"not_picked":["champ:RapidStrikes","champ:Duel"],"picked":"champ:GladiatorStyle","floor":15}],"player_experience":665244,"relics_obtained":[],"event_choices":[{"damage_healed":0,"gold_gain":0,"player_choice":"RE UP RE ","damage_taken":61,"relics_obtained":["Omamori","Runesmith:AutoHammer"],"max_hp_gain":0,"max_hp_loss":0,"event_name":"betterSkull:BetterSkull","floor":5,"gold_loss":0,"cards_upgraded":["champ:Defend"]},{"damage_healed":0,"gold_gain":0,"player_choice":"Invest 1","damage_taken":0,"max_hp_gain":0,"max_hp_loss":0,"event_name":"conspire:Investor","floor":11,"gold_loss":0},{"cards_removed":["Injury"],"damage_healed":0,"gold_gain":0,"player_choice":"Card Removal","damage_taken":0,"max_hp_gain":0,"max_hp_loss":0,"event_name":"The Cleric","floor":14,"gold_loss":0}],"is_beta":false,"boss_relics":[],"items_purged_floors":[],"is_endless":false,"potions_floor_spawned":[8,10],"killed_by":"downfall:Silent","ascension_level":0}}