{"host":"xyexbe31ku0ov20l","time":1608623960,"event":{"mods":["AchievementEnabler","AlwaysNeverKeys","BaseMod","Bestiary","Block Reminder","Colored Map","Colored Powertips","Curses Come First","Displayed Cursed Tome","Minty Spire (QoL Compilation)","Permanent Neow","Quick Restart","Random Character Button","Rare Cards Sparkle","Relic Stats","StSLib"],"gold_per_floor":[109,121,121,196,166,200,216,249,249,25,25,37,37,53,53,53,53],"floor_reached":16,"playtime":628,"items_purged":[],"score":160,"play_id":"6dd54d3e-44b7-4277-88b2-2d3f0d78af51","local_time":"20201221235920","is_ascension_mode":true,"campfire_choices":[{"floor":11,"key":"REST"},{"floor":15,"key":"REST"}],"circlet_count":0,"master_deck":["Strike_B","Strike_B+1","Strike_B","Defend_B","Defend_B","Defend_B","Defend_B","Zap","Dualcast","Cold Snap+1","Force Field","Gash","Sunder","Melter","Defragment","Reprogram","Go for the Eyes"],"relics":["Cracked Core","Art of War","Letter Opener","Whetstone","ClockworkSouvenir"],"acts_visited":["Exordium"],"potions_floor_usage":[6,8,8,16],"damage_taken":[{"damage":0,"enemies":"2 Louse","floor":1,"turns":1},{"damage":0,"enemies":"Cultist","floor":2,"turns":4},{"damage":31,"enemies":"3 Sentries","floor":6,"turns":10},{"damage":8,"enemies":"Small Slimes","floor":7,"turns":3},{"damage":32,"enemies":"Lagavulin","floor":8,"turns":6},{"damage":13,"enemies":"3 Louse","floor":12,"turns":3},{"damage":9,"enemies":"Blue Slaver","floor":14,"turns":3},{"damage":32,"enemies":"Slime Boss","floor":16,"turns":7}],"seed_played":"-4987638302694198191","potions_obtained":[{"floor":2,"key":"Strength Potion"},{"floor":5,"key":"Regen Potion"},{"floor":5,"key":"SteroidPotion"},{"floor":8,"key":"LiquidBronze"},{"floor":14,"key":"SteroidPotion"}],"is_trial":false,"path_per_floor":["M","M","?","?","?","E","M","E","T","$","R","M","$","M","R","B"],"character_chosen":"DEFECT","items_purchased":["Defragment","ClockworkSouvenir"],"campfire_rested":2,"item_purchase_floors":[10,10],"current_hp_per_floor":[75,75,68,57,57,41,33,1,1,1,25,12,12,3,27,0,0],"gold":53,"neow_bonus":"TEN_PERCENT_HP_BONUS","is_daily":false,"chose_seed":false,"campfire_upgraded":0,"win_rate":0.0,"timestamp":1608623960,"path_taken":["M","M","?","?","?","E","?","E","T","$","R","M","$","M","R","BOSS"],"items_purchased_type":["Card","Relic"],"build_version":"2020-12-13","purchased_purges":0,"victory":false,"max_hp_per_floor":[82,82,82,82,82,82,82,82,82,82,82,82,82,82,82,82,82],"relic_stats":{"counters":[8,37],"Art of War":[4],"Letter Opener":[35],"Whetstone":["Strike_B","Cold Snap"],"obtain_stats":[{"Art of War":6,"Letter Opener":8,"Whetstone":9,"Cracked Core":0,"ClockworkSouvenir":10},{"Art of War":3,"Letter Opener":5,"Whetstone":5,"Cracked Core":0,"ClockworkSouvenir":5},{"Art of War":15,"Letter Opener":24,"Whetstone":24,"Cracked Core":0,"ClockworkSouvenir":24}]},"card_choices":[{"not_picked":["Undo","Chaos"],"picked":"Cold Snap","floor":1},{"not_picked":["Double Energy","Compile Driver"],"picked":"Force Field","floor":2},{"not_picked":["Streamline","Stack"],"picked":"Gash","floor":6},{"not_picked":["Hello World","Gash"],"picked":"Sunder","floor":7},{"not_picked":["Sunder","Sweeping Beam"],"picked":"Melter","floor":8},{"not_picked":["Steam","Sweeping Beam"],"picked":"Reprogram","floor":12},{"not_picked":["Coolheaded","Blizzard"],"picked":"Go for the Eyes","floor":14}],"player_experience":2289695,"relics_obtained":[{"floor":6,"key":"Art of War"},{"floor":8,"key":"Letter Opener"},{"floor":9,"key":"Whetstone"}],"event_choices":[{"cards_removed":["Strike_B"],"damage_healed":0,"gold_gain":0,"player_choice":"Card Removal","damage_taken":7,"max_hp_gain":0,"max_hp_loss":0,"event_name":"Golden Wing","floor":3,"gold_loss":0},{"damage_healed":0,"gold_gain":75,"player_choice":"Gather Gold","damage_taken":11,"max_hp_gain":0,"max_hp_loss":0,"event_name":"World of Goop","floor":4,"gold_loss":0},{"damage_healed":0,"gold_gain":0,"player_choice":"Bought 2 Potions","damage_taken":0,"max_hp_gain":0,"max_hp_loss":0,"event_name":"The Woman in Blue","floor":5,"gold_loss":0}],"is_beta":false,"boss_relics":[],"items_purged_floors":[],"is_endless":false,"potions_floor_spawned":[2,8,14],"killed_by":"Slime Boss","ascension_level":9}}