{"host":"ohugux5wi6kc4oge","time":1608638266,"event":{"mods":["BaseMod","Beaked The Cultist","Better Third Choice","Colored Powertips","Downfall","GifTheSpireLib","Minty Spire (QoL Compilation)","Quick Restart","Replay The Spire","StSLib","Stuff the Spire","The Construct","The IronCluck","egg","everything is the same but u backflip on backflip"],"gold_per_floor":[115,131,131,43,53,53,68,68,68,68,68,68,86,104,104,207,207,222,72,88,104,104,104,138,151,151,151,194,194,206,238,238,340,340,351,365,100,100,113,145,45,0,0,0,0,11,42,57,57,57],"floor_reached":51,"playtime":2857,"items_purged":["Battle Trance","Slimebound:Tackle+1"],"score":999,"play_id":"ece18eab-602b-44e4-ace6-3ce36d5d9a82","local_time":"20201222125746","is_ascension_mode":true,"campfire_choices":[{"data":"Replay:SS_forest_6","floor":6,"key":"SMITH"},{"data":"ReplayReversal","floor":8,"key":"SMITH"},{"data":"Shrug It Off","floor":10,"key":"SMITH"},{"data":"Strike_R","floor":15,"key":"PURGE"},{"data":"Shrug It Off","floor":23,"key":"SMITH"},{"data":"Entrench","floor":27,"key":"SMITH"},{"floor":32,"key":"DIG"},{"floor":44,"key":"RECALL"},{"data":"Defend_R","floor":49,"key":"SMITH"},{"data":"Defend_R","floor":49,"key":"SMITH"}],"circlet_count":0,"master_deck":["Defend_R","Defend_R","Defend_R+1","Defend_R+1","Shrug It Off+1","Battle Trance+1","Replay:SS_forest_6+1","ReplayReversal+1","Shrug It Off+1","Survivor+1","Neutralize+1","Berserk+1","Entrench+1","Slimebound:Tackle+1","Slimebound:Tackle+1","Rampage+1","ReplayUltimateDefense+1"],"relics":["Burning Blood","Mercury Hourglass","Eternal Feather","Black Star","Guide Book","Frozen Egg 2","Letter Opener","Kunai","Bag of Marbles","Replay:Mystery Machine","Ornamental Fan","SacredBark","Omamori","Bronze Scales","Red Mask","Shuriken","Mummified Hand","Replay:Arrowhead"],"acts_visited":["Exordium","TheCity","TheBeyond"],"potions_floor_usage":[13,30,31,33,39,50,50,50],"damage_taken":[{"damage":6,"enemies":"Jaw Worm","floor":1,"turns":4},{"damage":1,"enemies":"Cultist","floor":2,"turns":3},{"damage":8,"enemies":"2 Louse","floor":5,"turns":3},{"damage":5,"enemies":"Blue Slaver","floor":7,"turns":6},{"damage":0,"enemies":"3 Louse","floor":13,"turns":2},{"damage":2,"enemies":"Large Slime","floor":14,"turns":5},{"damage":0,"enemies":"The Guardian","floor":16,"turns":14},{"damage":0,"enemies":"Spheric Guardian","floor":18,"turns":5},{"damage":0,"enemies":"Chosen","floor":20,"turns":6},{"damage":9,"enemies":"Shelled Parasite and Fungi","floor":21,"turns":9},{"damage":13,"enemies":"Replay:Snechameleon","floor":24,"turns":5},{"damage":0,"enemies":"Sentry and Sphere","floor":25,"turns":4},{"damage":1,"enemies":"Centurion and Healer","floor":30,"turns":8},{"damage":8,"enemies":"Slavers","floor":31,"turns":6},{"damage":0,"enemies":"Automaton","floor":33,"turns":10},{"damage":13,"enemies":"3 Shapes","floor":35,"turns":5},{"damage":0,"enemies":"Orb Walker","floor":36,"turns":4},{"damage":10,"enemies":"Transient","floor":39,"turns":5},{"damage":4,"enemies":"Nemesis","floor":40,"turns":11},{"damage":19,"enemies":"Jaw Worm Horde","floor":46,"turns":6},{"damage":0,"enemies":"Giant Head","floor":47,"turns":11},{"damage":0,"enemies":"4 Shapes","floor":48,"turns":5},{"damage":11,"enemies":"Donu and Deca","floor":50,"turns":11}],"seed_played":"-2017516882812305636","potions_obtained":[{"floor":1,"key":"Cursed Concoction"},{"floor":3,"key":"CultistPotion"},{"floor":3,"key":"Doom Potion"},{"floor":7,"key":"Fruit Juice"},{"floor":28,"key":"HeartOfIron"},{"floor":28,"key":"Adrenaline Potion"},{"floor":28,"key":"Fire Potion"},{"floor":30,"key":"Ancient Potion"},{"floor":31,"key":"Dexterity Potion"},{"floor":33,"key":"champ:CounterPotion"},{"floor":39,"key":"Toxic Potion"}],"is_trial":false,"path_per_floor":["M","M","?","$","M","R","M","R","T","R","?","T","M","M","R","B",null,"M","$","M","M","?","R","E","M","T","R","?","?","M","E","R","B",null,"M","M","$","?","M","E","$","?","T","R","T","M","E","M","R","B",null],"character_chosen":"IRONCLAD","items_purchased":["Replay:SS_forest_6","Guide Book","ReplayUltimateDefense+1"],"campfire_rested":0,"item_purchase_floors":[4,19,37],"current_hp_per_floor":[80,80,80,80,78,78,79,79,79,79,79,79,85,85,85,85,85,85,85,85,82,82,85,78,84,84,85,64,64,69,67,76,82,85,78,84,84,84,80,82,82,82,82,85,85,72,78,84,85,80],"gold":57,"neow_bonus":"UPGRADE_CARD","is_daily":false,"chose_seed":false,"campfire_upgraded":7,"win_rate":0.0,"timestamp":1608638266,"path_taken":["M","M","?","$","?","R","M","R","T","R","?","?","M","M","R","BOSS","M","$","M","M","?","R","E","M","T","R","?","?","?","E","R","BOSS","M","M","$","?","M","E","?","?","T","R","?","M","E","M","R","BOSS"],"items_purchased_type":["Card","Relic","Card"],"build_version":"2020-12-13","purchased_purges":2,"victory":true,"max_hp_per_floor":[80,80,80,80,80,80,80,80,80,80,80,80,85,85,85,85,85,85,85,85,85,85,85,85,85,85,85,85,85,85,85,85,85,85,85,85,85,85,85,85,85,85,85,85,85,85,85,85,85,85],"card_choices":[{"not_picked":["Entrench","Clothesline"],"picked":"Shrug It Off","floor":1},{"not_picked":["Disarm","Cleave"],"picked":"Battle Trance","floor":2},{"not_picked":["ReplayTheSpireMod:Limb From Limb","ReplayTheSpireMod:Strike From Hell"],"picked":"ReplayReversal","floor":5},{"not_picked":["True Grit","Hemogenesis"],"picked":"Shrug It Off","floor":7},{"not_picked":["Warcry","StuffTheSpire:Incineration","Body Slam"],"picked":"SKIP","floor":13},{"not_picked":["Massacre","Clash","Armaments"],"picked":"SKIP","floor":14},{"not_picked":["Eclipse","Replay:Many Hands"],"picked":"Berserk","floor":16},{"not_picked":["Cleave","Flex"],"picked":"Entrench","floor":18},{"not_picked":["ReplayTheSpireMod:Strike From Hell+1","Wild Strike+1","Sword Boomerang"],"picked":"SKIP","floor":20},{"not_picked":["Headbutt","Rupture","Impervious"],"picked":"SKIP","floor":21},{"not_picked":["Sever Soul","Life Link+1","Thunderclap"],"picked":"SKIP","floor":24},{"not_picked":["Flex+1","Run Through","Anger"],"picked":"SKIP","floor":25},{"not_picked":["Wild Strike","Entrench"],"picked":"Rampage","floor":28},{"not_picked":["Hemogenesis","Cleave","Havoc+1"],"picked":"SKIP","floor":30},{"not_picked":["Limit Break","ReplayTheSpireMod:Limb From Limb"],"picked":"Battle Trance","floor":31},{"not_picked":["ReplayTheSpireMod:Muscle Training+1","True Grit","StuffTheSpire:RagingBull"],"picked":"SKIP","floor":35},{"not_picked":["ReplayTheSpireMod:Limb From Limb+1","Run Through","Perfected Strike"],"picked":"SKIP","floor":36},{"not_picked":["Replay:Undeath\u0027s Touch","StuffTheSpire:Slingshot","Ghostly Armor+1"],"picked":"SKIP","floor":39},{"not_picked":["Replay:Undeath\u0027s Touch","Clothesline","StuffTheSpire:Slingshot"],"picked":"SKIP","floor":40},{"not_picked":["Bloodletting","Havoc+1","Replay:Undeath\u0027s Touch"],"picked":"SKIP","floor":46},{"not_picked":["True Grit","Juggernaut+1","Hemokinesis"],"picked":"SKIP","floor":47},{"not_picked":["True Grit","StuffTheSpire:Incineration+1","StuffTheSpire:RockThrow+1"],"picked":"SKIP","floor":48}],"player_experience":508552,"relics_obtained":[{"floor":9,"key":"Mercury Hourglass"},{"floor":12,"key":"Eternal Feather"},{"floor":24,"key":"Frozen Egg 2"},{"floor":24,"key":"Letter Opener"},{"floor":26,"key":"Kunai"},{"floor":31,"key":"Bag of Marbles"},{"floor":31,"key":"Replay:Mystery Machine"},{"floor":32,"key":"Ornamental Fan"},{"floor":40,"key":"Omamori"},{"floor":40,"key":"Bronze Scales"},{"floor":43,"key":"Shuriken"},{"floor":47,"key":"Mummified Hand"},{"floor":47,"key":"Replay:Arrowhead"}],"event_choices":[{"damage_healed":0,"gold_gain":0,"player_choice":"Got Potions","damage_taken":0,"max_hp_gain":0,"max_hp_loss":0,"event_name":"Lab","floor":3,"gold_loss":0},{"damage_healed":0,"gold_gain":0,"player_choice":"Bought 0 Potions","damage_taken":0,"max_hp_gain":0,"max_hp_loss":0,"event_name":"The Woman in Blue","floor":29,"gold_loss":0},{"damage_healed":0,"gold_gain":0,"player_choice":"Forge","damage_taken":0,"max_hp_gain":0,"max_hp_loss":0,"event_name":"Accursed Blacksmith","floor":38,"gold_loss":0,"cards_upgraded":["Rampage"]},{"damage_healed":0,"gold_gain":0,"player_choice":"Paid","damage_taken":0,"relics_obtained":["Red Mask"],"max_hp_gain":0,"max_hp_loss":0,"event_name":"Tomb of Lord Red Mask","floor":42,"gold_loss":45}],"is_beta":false,"boss_relics":[{"not_picked":["Fusion Hammer","Tiny House"],"picked":"Black Star"},{"not_picked":["beaked:MawFillet","Sozu"],"picked":"SacredBark"}],"items_purged_floors":[37,41],"is_endless":false,"potions_floor_spawned":[1,7,13,30,31,33,35,39,46],"ascension_level":4}}