{"host":"1tkoe3l8wf0xx8if","time":1608629393,"event":{"mods":["AchievementEnabler","BaseMod","Colored Map","Minty Spire (QoL Compilation)","Quick Restart","StSLib","SuperFastMode"],"gold_per_floor":[363,379,379,280,291,291,323,341,411,411,430,460,460,488,488,488,488],"floor_reached":16,"playtime":573,"items_purged":["Defend_R"],"score":207,"play_id":"c6b25295-0cf8-455e-9cf9-b1ddc22c7c6a","local_time":"20201222182953","is_ascension_mode":true,"campfire_choices":[{"data":"True Grit","floor":6.0,"key":"SMITH"},{"data":"Shockwave","floor":10.0,"key":"SMITH"},{"floor":13,"key":"REST"},{"data":"Feed","floor":15,"key":"SMITH"}],"circlet_count":0,"master_deck":["AscendersBane","Strike_R","Strike_R","Strike_R","Strike_R","Defend_R","Defend_R","Defend_R","Bash","Inflame","Ghostly Armor","True Grit+1","Shockwave+1","Wild Strike","Headbutt","Fire Breathing","Feed+1"],"relics":["Burning Blood","Mango","HornCleat","Smiling Mask","Odd Mushroom"],"acts_visited":["Exordium"],"potions_floor_usage":[16,16],"damage_taken":[{"damage":0.0,"enemies":"2 Louse","floor":1.0,"turns":3.0},{"damage":5.0,"enemies":"Cultist","floor":2.0,"turns":5.0},{"damage":7.0,"enemies":"Jaw Worm","floor":5.0,"turns":5.0},{"damage":46.0,"enemies":"3 Sentries","floor":7.0,"turns":12.0},{"damage":8.0,"enemies":"Blue Slaver","floor":8.0,"turns":5.0},{"damage":9.0,"enemies":"Large Slime","floor":11.0,"turns":7.0},{"damage":16,"enemies":"Lagavulin","floor":12,"turns":5},{"damage":15,"enemies":"The Mushroom Lair","floor":14,"turns":5},{"damage":39,"enemies":"Hexaghost","floor":16,"turns":9}],"seed_played":"1396053279051788310","potions_obtained":[{"floor":1.0,"key":"ElixirPotion"},{"floor":5.0,"key":"FearPotion"},{"floor":7.0,"key":"FearPotion"},{"floor":14,"key":"EssenceOfSteel"}],"is_trial":false,"path_per_floor":["M","M","?","$","M","R","E","M","T","R","M","E","R","?","R","B"],"character_chosen":"IRONCLAD","items_purchased":["True Grit"],"campfire_rested":1,"item_purchase_floors":[4],"current_hp_per_floor":[57,58,58,58,57,57,31,29,29,29,26,16,44,38,38,0,0],"gold":488,"neow_bonus":"TWO_FIFTY_GOLD","is_daily":false,"chose_seed":false,"campfire_upgraded":3,"win_rate":0.0,"timestamp":1608629393,"path_taken":["M","M","?","$","M","R","E","M","T","R","?","E","R","?","R","BOSS"],"items_purchased_type":["Card"],"build_version":"2020-12-13","purchased_purges":1,"victory":false,"max_hp_per_floor":[80,80,80,80,80,80,94,94,94,94,94,94,94,97,97,97,97],"card_choices":[{"not_picked":["Power Through","Headbutt"],"picked":"Inflame","floor":1.0},{"not_picked":["Sword Boomerang","Iron Wave"],"picked":"Ghostly Armor","floor":2.0},{"not_picked":["Pommel Strike","Infernal Blade"],"picked":"Shockwave","floor":5.0},{"not_picked":["Blood for Blood","Armaments"],"picked":"Wild Strike","floor":7.0},{"not_picked":["Iron Wave","Inflame"],"picked":"Headbutt","floor":8.0},{"not_picked":["Iron Wave","True Grit"],"picked":"Fire Breathing","floor":11.0},{"not_picked":["Twin Strike","True Grit"],"picked":"Feed","floor":12}],"player_experience":303806,"relics_obtained":[{"floor":7.0,"key":"Mango"},{"floor":9.0,"key":"HornCleat"},{"floor":12,"key":"Smiling Mask"},{"floor":14,"key":"Odd Mushroom"}],"event_choices":[{"cards_removed":["Strike_R"],"damage_healed":0.0,"max_hp_gain":0.0,"max_hp_loss":0.0,"gold_gain":0.0,"event_name":"Bonfire Elementals","player_choice":"Offered Basic","floor":3.0,"gold_loss":0.0,"damage_taken":0.0},{"damage_healed":0,"gold_gain":0,"player_choice":"Fought Mushrooms","damage_taken":0,"max_hp_gain":0,"max_hp_loss":0,"event_name":"Mushrooms","floor":14,"gold_loss":0}],"is_beta":false,"boss_relics":[],"items_purged_floors":[4],"is_endless":false,"potions_floor_spawned":[1,5,7,14],"killed_by":"Hexaghost","ascension_level":13}}