{"host":"lfvzmjxeah1kcl2k","time":1608642324,"event":{"mods":["BaseMod","Minty Spire (QoL Compilation)","MostiFishMod","Quick Restart","StSLib"],"gold_per_floor":[112,112,112,130,144,144,176,194,218,245,295,6,22,35,35,113,113,125,138,138,163,178,204,204,204,229,154,154,184,196,231,231,304,304,350,350,390,590,812,1032,1073,1261,1261,1323,1073,1100,1177,1177,1177,1207,1267,1267,1267,985,1016,1041],"floor_reached":57,"playtime":2519,"items_purged":["Strike_P","EmptyBody"],"score":3855,"play_id":"a995e83a-a58c-4425-a066-f8367decc1ef","local_time":"20201222210524","is_ascension_mode":true,"campfire_choices":[{"data":"MostiFishMod:SephirahHod","floor":6.0,"key":"SMITH"},{"data":"Fasting2","floor":15.0,"key":"SMITH"},{"floor":24.0,"key":"RECALL"},{"data":"Scrawl","floor":32.0,"key":"SMITH"},{"floor":49.0,"key":"REST"},{"data":"Discovery","floor":53,"key":"SMITH"}],"circlet_count":0,"master_deck":["AscendersBane","Eruption","Vigilance","MostiFishMod:SephirahHod+1","Indignation","Scrawl+1","Prostrate","TalkToTheHand","Omniscience","Discovery+1","Fasting2+1","MostiFishMod:FlowState","Halt","CutThroughFate","MentalFortress","Study","DevaForm+1","InnerPeace","Crescendo+1","FlurryOfBlows","FlurryOfBlows","MostiFishMod:PathToVictory","Adaptation","Wish","Tantrum+1","TalkToTheHand+1","WheelKick","Fasting2","Wireheading"],"relics":["PureWater","DaveBox","MostiFishMod:Hod","Question Card","Pen Nib","Bag of Preparation","Lizard Tail","Membership Card","ImportantClient","Pandora\u0027s Box","DianPoetry","Red Mask","ImprovedEquipment","Enchiridion","PreservedInsect","Thread and Needle","Pantograph","CloakClasp","Transparent","TungstenRod","Eternal Feather","StrikeDummy","BionicSphere","Sundial","Incense Burner","Ornamental Fan","Strange Spoon","Boot","Oddly Smooth Stone"],"acts_visited":["Exordium","TheCity","TheBeyond","TheEnding"],"potions_floor_usage":[56,56,56,56],"damage_taken":[{"damage":0.0,"enemies":"2 Louse","floor":1.0,"turns":3.0},{"damage":0.0,"enemies":"Small Slimes","floor":4.0,"turns":2.0},{"damage":0.0,"enemies":"Cultist","floor":5.0,"turns":2.0},{"damage":0.0,"enemies":"Gremlin Nob","floor":7.0,"turns":2.0},{"damage":0.0,"enemies":"Looter","floor":8.0,"turns":1.0},{"damage":8.0,"enemies":"3 Sentries","floor":10.0,"turns":2.0},{"damage":0.0,"enemies":"Exordium Thugs","floor":13.0,"turns":1.0},{"damage":0.0,"enemies":"Red Slaver","floor":14.0,"turns":2.0},{"damage":0.0,"enemies":"Slime Boss","floor":16.0,"turns":3.0},{"damage":0.0,"enemies":"3 Byrds","floor":18.0,"turns":3.0},{"damage":0.0,"enemies":"2 Thieves","floor":19.0,"turns":2.0},{"damage":0.0,"enemies":"Masked Bandits","floor":21.0,"turns":3.0},{"damage":0.0,"enemies":"Shelled Parasite and Fungi","floor":22.0,"turns":3.0},{"damage":0.0,"enemies":"Gremlin Leader","floor":23.0,"turns":1.0},{"damage":0.0,"enemies":"Slavers","floor":29.0,"turns":2.0},{"damage":0.0,"enemies":"Snake Plant","floor":30.0,"turns":1.0},{"damage":0.0,"enemies":"Book of Stabbing","floor":31.0,"turns":1.0},{"damage":0.0,"enemies":"Collector","floor":33.0,"turns":2.0},{"damage":18.0,"enemies":"3 Shapes","floor":35.0,"turns":3.0},{"damage":12.0,"enemies":"Orb Walker","floor":37.0,"turns":2.0},{"damage":18.0,"enemies":"Writhing Mass","floor":38.0,"turns":3.0},{"damage":18.0,"enemies":"Nemesis","floor":40.0,"turns":3.0},{"damage":10.0,"enemies":"3 Darklings","floor":41.0,"turns":2.0},{"damage":10.0,"enemies":"Giant Head","floor":42.0,"turns":2.0},{"damage":15.0,"enemies":"Nemesis","floor":44.0,"turns":3.0},{"damage":5.0,"enemies":"Giant Head","floor":46.0,"turns":1.0},{"damage":10.0,"enemies":"Sphere and 2 Shapes","floor":47.0,"turns":2.0},{"damage":10,"enemies":"Donu and Deca","floor":50,"turns":2},{"damage":20,"enemies":"Time Eater","floor":51,"turns":4},{"damage":10,"enemies":"Shield and Spear","floor":55,"turns":2},{"damage":30,"enemies":"The Heart","floor":56,"turns":6}],"seed_played":"1806993257215645937","potions_obtained":[{"floor":1.0,"key":"LiquidMemories"},{"floor":4.0,"key":"Strength Potion"},{"floor":13.0,"key":"Ambrosia"},{"floor":14.0,"key":"AttackPotion"},{"floor":18.0,"key":"DuplicationPotion"}],"is_trial":true,"path_per_floor":["M","?","?","M","M","R","E","M","T","E","?","$","M","M","R","B",null,"M","M","T","?","M","E","R","?","T","?","T","E","M","E","R","B",null,"M","?","M","M","?","E","M","E","T","E","$","E","M","?","R","B","B",null,"R","$","E","B",null],"character_chosen":"WATCHER","items_purchased":["Membership Card","Omniscience","Discovery","WheelKick","Sundial","EntropicBrew","Ornamental Fan","Fasting2","Strange Spoon","Boot"],"campfire_rested":1,"item_purchase_floors":[12,12,12,45,45,45,54,54,54,54],"current_hp_per_floor":[61,61,61,61,61,61,61,61,61,53,47,47,47,47,47,47,63,63,63,63,63,63,63,63,42,42,42,42,42,42,42,42,67,68,68,65,65,65,65,65,65,65,65,65,65,65,65,65,65,65,65,65,65,65,65,65],"gold":1041,"neow_bonus":"","is_daily":false,"chose_seed":false,"campfire_upgraded":4,"win_rate":0.0,"timestamp":1608642324,"path_taken":["M","?","?","?","M","R","E","M","T","E","?","?","M","M","R","BOSS","M","M","?","?","?","E","R","?","T","?","?","E","M","E","R","BOSS","M","?","M","M","?","E","M","E","T","E","$","E","M","?","R","BOSS","BOSS","R","$","E","BOSS"],"items_purchased_type":["Relic","Card","Card","Card","Relic","Potion","Relic","Card","Relic","Relic"],"build_version":"2020-12-13","purchased_purges":2,"victory":true,"max_hp_per_floor":[68,68,68,68,68,68,68,68,68,68,68,68,68,68,68,68,68,68,68,68,68,68,68,68,68,68,68,68,68,68,68,68,68,68,68,65,65,65,65,65,65,65,65,65,65,65,65,65,65,65,65,65,65,65,65,65],"card_choices":[{"not_picked":["SashWhip","FollowUp"],"picked":"Indignation","floor":1.0},{"not_picked":["CutThroughFate","Halt","ThirdEye","Weave"],"picked":"SKIP","floor":4.0},{"not_picked":["ThirdEye","EmptyMind","EmptyBody"],"picked":"Scrawl","floor":5.0},{"not_picked":["SashWhip","BattleHymn","PathToVictory","FlyingSleeves"],"picked":"SKIP","floor":7.0},{"not_picked":["SpiritShield","Protect","Worship"],"picked":"Prostrate","floor":8.0},{"not_picked":["FollowUp","SashWhip","Sanctity"],"picked":"TalkToTheHand","floor":10.0},{"not_picked":["CrushJoints","FlyingSleeves","ThirdEye","Collect"],"picked":"SKIP","floor":13.0},{"not_picked":["CutThroughFate","TalkToTheHand","EmptyFist"],"picked":"Fasting2","floor":14.0},{"not_picked":["MostiFishMod:Dust","MostiFishMod:Zero-Sum","ConjureBlade"],"picked":"MostiFishMod:FlowState","floor":16.0},{"not_picked":["EmptyFist","Collect","BowlingBash"],"picked":"InnerPeace","floor":18.0},{"not_picked":["FlyingSleeves","CrushJoints+1","FollowUp+1","Fasting2"],"picked":"SKIP","floor":19.0},{"not_picked":["FlyingSleeves","CrushJoints+1","FollowUp+1","Fasting2"],"picked":"SKIP","floor":19.0},{"not_picked":["Consecrate","Halt","Collect"],"picked":"Crescendo+1","floor":21.0},{"not_picked":["Halt+1","ClearTheMind","Crescendo+1"],"picked":"FlurryOfBlows","floor":22.0},{"not_picked":["Perseverance","FollowUp","WindmillStrike"],"picked":"FlurryOfBlows","floor":23.0},{"not_picked":["CutThroughFate","MostiFishMod:Nomercy","Protect"],"picked":"MostiFishMod:PathToVictory","floor":29.0},{"not_picked":["CrushJoints","FollowUp","Study","Protect"],"picked":"SKIP","floor":30.0},{"not_picked":["WreathOfFlame+1","Halt","Weave"],"picked":"Adaptation","floor":31.0},{"not_picked":["MostiFishMod:StarLaLaLa","MostiFishMod:PathToVictory","DeusExMachina"],"picked":"Wish","floor":33.0},{"not_picked":["InnerPeace+1","ClearTheMind","CrushJoints","EmptyFist+1"],"picked":"SKIP","floor":35.0},{"not_picked":["FollowUp+1","Sanctity","SignatureMove","Evaluate"],"picked":"SKIP","floor":37.0},{"not_picked":["Pray+1","Consecrate","MostiFishMod:Clarity","Protect"],"picked":"SKIP","floor":38.0},{"not_picked":["CutThroughFate","FlurryOfBlows","SashWhip","Weave+1"],"picked":"SKIP","floor":40.0},{"not_picked":["SignatureMove","PathToVictory","FollowUp","DeceiveReality"],"picked":"SKIP","floor":41.0},{"not_picked":["MostiFishMod:Speedup+1","Alpha","WindmillStrike"],"picked":"Tantrum+1","floor":42.0},{"not_picked":["SandsOfTime","FollowUp","LikeWater"],"picked":"TalkToTheHand+1","floor":44.0},{"not_picked":["FlyingSleeves","Protect","Crescendo","Tantrum"],"picked":"SKIP","floor":46.0},{"not_picked":["Pray+1","FollowUp+1","JustLucky","Protect+1"],"picked":"SKIP","floor":47.0},{"not_picked":["EmptyBody+1","Study","ThirdEye"],"picked":"Wireheading","floor":55}],"player_experience":40044,"relics_obtained":[{"floor":1.0,"key":"Question Card"},{"floor":7.0,"key":"Bag of Preparation"},{"floor":10.0,"key":"Lizard Tail"},{"floor":16.0,"key":"ImportantClient"},{"floor":20.0,"key":"DianPoetry"},{"floor":21.0,"key":"Red Mask"},{"floor":23.0,"key":"ImprovedEquipment"},{"floor":25.0,"key":"Enchiridion"},{"floor":26.0,"key":"PreservedInsect"},{"floor":28.0,"key":"Thread and Needle"},{"floor":29.0,"key":"Pantograph"},{"floor":31.0,"key":"CloakClasp"},{"floor":40.0,"key":"TungstenRod"},{"floor":42.0,"key":"Eternal Feather"},{"floor":43.0,"key":"StrikeDummy"},{"floor":44.0,"key":"BionicSphere"},{"floor":46.0,"key":"Incense Burner"},{"floor":55,"key":"Oddly Smooth Stone"}],"event_choices":[{"damage_healed":0.0,"max_hp_gain":0.0,"max_hp_loss":0.0,"gold_gain":0.0,"event_name":"Liars Game","player_choice":"Ignored","floor":2.0,"gold_loss":0.0,"damage_taken":0.0},{"damage_healed":0.0,"max_hp_gain":0.0,"max_hp_loss":0.0,"gold_gain":0.0,"event_name":"WeMeetAgain","player_choice":"Gave Potion","floor":3.0,"gold_loss":0.0,"damage_taken":0.0,"relics_obtained":["Pen Nib"]},{"damage_healed":0.0,"max_hp_gain":0.0,"max_hp_loss":0.0,"gold_gain":50.0,"event_name":"FaceTrader","player_choice":"Touch","floor":11.0,"gold_loss":0.0,"damage_taken":6.0},{"damage_healed":0.0,"max_hp_gain":0.0,"max_hp_loss":0.0,"gold_gain":0.0,"event_name":"Masked Bandits","player_choice":"Fought Bandits","floor":21.0,"gold_loss":0.0,"damage_taken":0.0},{"damage_healed":0.0,"max_hp_gain":0.0,"max_hp_loss":0.0,"gold_gain":0.0,"event_name":"Cursed Tome","player_choice":"Obtained Book","floor":25.0,"gold_loss":0.0,"damage_taken":21.0},{"cards_removed":["MostiFishMod:Clarity"],"damage_healed":0.0,"max_hp_gain":0.0,"max_hp_loss":0.0,"gold_gain":0.0,"event_name":"Beggar","player_choice":"Gave Gold","floor":27.0,"gold_loss":75.0,"damage_taken":0.0},{"damage_healed":0.0,"max_hp_gain":0.0,"max_hp_loss":3.0,"gold_gain":0.0,"event_name":"Winding Halls","player_choice":"Max HP","floor":36.0,"gold_loss":0.0,"damage_taken":0.0},{"damage_healed":0.0,"max_hp_gain":0.0,"max_hp_loss":0.0,"gold_gain":222.0,"event_name":"Tomb of Lord Red Mask","player_choice":"Wore Mask","floor":39.0,"gold_loss":0.0,"damage_taken":0.0},{"damage_healed":0.0,"max_hp_gain":0.0,"max_hp_loss":0.0,"gold_gain":0.0,"event_name":"Accursed Blacksmith","player_choice":"Forge","floor":48.0,"gold_loss":0.0,"damage_taken":0.0,"cards_upgraded":["DevaForm"]}],"is_beta":false,"boss_relics":[{"not_picked":["SlaversCollar","Cursed Key"],"picked":"Pandora\u0027s Box"},{"not_picked":["HereWithMe","Sozu"],"picked":"Transparent"}],"items_purged_floors":[12,45],"is_endless":false,"potions_floor_spawned":[1,4,13,14,18,19,23,29,30,38,40,41,44],"ascension_level":20}}