{"host":"qy6st0zp32tctd9l","time":1608630414,"event":{"mods":["AchievementEnabler","BaseMod","Colored Map","Downfall","Hermit","Marisa£®ÏF”Í°°ƒß¿Ì…≥£©","Minty Spire (QoL Compilation)","Remilia£®¿Ÿ√◊¿Ú—«£©","StSLib","The Cursed","The Servant 0.9.4","UnlockEverythingMod"],"gold_per_floor":[111,111,286,286,286,321,321,353,400,400,419,452,90,123,123,223,223,236,80,80,94,113,113,138,138,138,138,169,182,237,237,237,366,366,383,383,423,423,439,439,466,466,491,521,597,637,637,667,667,667,667,667,109,164,164],"floor_reached":56,"playtime":3278,"items_purged":["Strike_MRS","MysteriousBeam"],"score":2153,"play_id":"4b550411-635c-4664-9267-172bf936224a","local_time":"20201222174654","is_ascension_mode":true,"campfire_choices":[{"data":"MilkyWay","floor":10.0,"key":"SMITH"},{"floor":15.0,"key":"RECALL"},{"data":"AbsoluteMagnitude","floor":23.0,"key":"SMITH"},{"data":"DeepEcoloBomb","floor":27.0,"key":"SMITH"},{"data":"EnergyRecoil","floor":32.0,"key":"SMITH"},{"data":"MillisecondPulsars","floor":40.0,"key":"SMITH"},{"data":"UpSweep","floor":42.0,"key":"SMITH"},{"floor":49.0,"key":"REST"},{"data":"GrandCross","floor":52.0,"key":"SMITH"}],"circlet_count":0,"master_deck":["AscendersBane","UpSweep+1","MilkyWay+1","GrandCross+1","DeepEcoloBomb+1","OrrerysSun+1","AbsoluteMagnitude+1","PropBag+1","EnergyRecoil+1","AsteroidBelt+1","WitchOfGreed+1","GalacticHalo+1","MillisecondPulsars+1","MagicChant+1","Occultation+1","BinaryStars+1","MeteoricShower+1","FairyDestructionRay+1","EnergyRecoil+1","MagicChant+1","Master of Strategy+1","expansioncontent:GoopSpray+1","ManaConvection+1","SporeBomb+1"],"relics":["MiniHakkero","NeowsBlessing","Singing Bowl","Omamori","SproutingBranch","ShroomBag","Bag of Marbles","Turnip","Thread and Needle","Lizard Tail","Runic Pyramid","PreservedInsect","MealTicket","Akabeko","Pen Nib","Toxic Egg 2","Pandora\u0027s Box","Mango","Regal Pillow","Vajra","CatCart","Pear","Whetstone","Orichalcum","Lee\u0027s Waffle","Happy Flower"],"acts_visited":["Exordium","TheCity","TheBeyond","TheEnding"],"potions_floor_usage":[55,55],"damage_taken":[{"damage":0.0,"enemies":"Jaw Worm","floor":1.0,"turns":1.0},{"damage":0.0,"enemies":"3 Sentries","floor":6.0,"turns":2.0},{"damage":0.0,"enemies":"Gremlin Nob","floor":8.0,"turns":1.0},{"damage":3.0,"enemies":"Small Slimes","floor":11.0,"turns":4.0},{"damage":28.0,"enemies":"Lagavulin","floor":12.0,"turns":7.0},{"damage":15.0,"enemies":"3 Sentries","floor":14.0,"turns":8.0},{"damage":13.0,"enemies":"Hexaghost","floor":16.0,"turns":9.0},{"damage":7.0,"enemies":"Spheric Guardian","floor":18.0,"turns":4.0},{"damage":0.0,"enemies":"Shell Parasite","floor":21.0,"turns":6.0},{"damage":8.0,"enemies":"Sentry and Sphere","floor":22.0,"turns":6.0},{"damage":18.0,"enemies":"Book of Stabbing","floor":24.0,"turns":4.0},{"damage":0.0,"enemies":"Gremlin Leader","floor":28.0,"turns":3.0},{"damage":22.0,"enemies":"Centurion and Healer","floor":29.0,"turns":7.0},{"damage":21.0,"enemies":"Slavers","floor":30.0,"turns":7.0},{"damage":46.0,"enemies":"Champ","floor":33.0,"turns":14.0},{"damage":0.0,"enemies":"Orb Walker","floor":35.0,"turns":2.0},{"damage":0.0,"enemies":"3 Darklings","floor":37.0,"turns":6.0},{"damage":9.0,"enemies":"Writhing Mass","floor":39.0,"turns":5.0},{"damage":1.0,"enemies":"Nemesis","floor":41.0,"turns":3.0},{"damage":14.0,"enemies":"Reptomancer","floor":44.0,"turns":3.0},{"damage":0.0,"enemies":"Orin","floor":45.0,"turns":10.0},{"damage":33.0,"enemies":"Jaw Worm Horde","floor":46.0,"turns":3.0},{"damage":0.0,"enemies":"Nemesis","floor":48.0,"turns":3.0},{"damage":28.0,"enemies":"Awakened One","floor":50.0,"turns":8.0},{"damage":24.0,"enemies":"Shield and Spear","floor":54.0,"turns":4.0},{"damage":44,"enemies":"The Heart","floor":55,"turns":11}],"seed_played":"4655978067863510150","potions_obtained":[{"floor":12.0,"key":"Energy Potion"},{"floor":16.0,"key":"BlessingOfTheForge"},{"floor":22.0,"key":"champ:CounterPotion"},{"floor":29.0,"key":"EntropicBrew"},{"floor":30.0,"key":"BlessingOfTheForge"},{"floor":33.0,"key":"SpeedPotion"},{"floor":41.0,"key":"LiquidBronze"},{"floor":45.0,"key":"Fruit Juice"},{"floor":45.0,"key":"Explosive Potion"},{"floor":48.0,"key":"BlessingOfTheForge"},{"floor":54.0,"key":"Weak Potion"}],"is_trial":false,"path_per_floor":["M","?","?","?","?","E","T","E","T","R","M","E","$","E","R","B",null,"M","$","?","M","M","R","E","?","T","R","E","M","E","?","R","B",null,"M","?","M","?","M","R","E","R","T","E","?","M","?","E","R","B",null,"R","$","E","B",null],"character_chosen":"MARISA","items_purchased":["Thread and Needle","PreservedInsect","Whetstone","Orichalcum","Lee\u0027s Waffle"],"campfire_rested":1,"item_purchase_floors":[13,19,53,53,53],"current_hp_per_floor":[68,61,61,66,66,66,66,68,68,68,79,57,57,57,57,59,78,77,77,77,84,81,81,75,75,75,75,84,71,67,67,67,36,75,82,82,85,77,84,84,103,103,103,95,110,83,83,104,124,106,120,120,131,114,85],"gold":164,"neow_bonus":"THREE_ENEMY_KILL","is_daily":false,"chose_seed":false,"campfire_upgraded":7,"win_rate":0.0,"timestamp":1608630414,"path_taken":["M","?","?","?","?","E","?","E","T","R","?","E","?","E","R","BOSS","M","$","?","M","?","R","E","?","T","R","E","M","E","?","R","BOSS","M","?","M","?","?","R","E","R","T","E","?","M","?","E","R","BOSS","R","$","E","BOSS"],"items_purchased_type":["Relic","Relic","Relic","Relic","Relic"],"build_version":"2020-12-13","purchased_purges":2,"victory":true,"max_hp_per_floor":[75,75,75,80,80,80,80,82,82,82,84,84,84,84,84,84,84,84,84,84,84,86,86,86,86,86,86,86,86,88,88,88,88,88,90,85,85,87,89,89,103,103,103,105,110,112,112,124,124,124,124,124,131,133,133],"card_choices":[{"not_picked":["DoubleSpark","MysteriousBeam"],"picked":"MilkyWay","floor":1.0},{"not_picked":["EarthLightRay","OortCloud"],"picked":"GrandCross","floor":6.0},{"not_picked":["UnstableBomb","MilkyWay","DarkSpark"],"picked":"Singing Bowl","floor":8.0},{"not_picked":["MagicAbsorber","MysteriousBeam","GalacticHalo"],"picked":"Singing Bowl","floor":11.0},{"not_picked":["WitchOfGreed","DC"],"picked":"DeepEcoloBomb","floor":12.0},{"not_picked":["MachineGunSpark","AsteroidBelt"],"picked":"OrrerysSun","floor":14.0},{"not_picked":["BigCrunch","BlazingStar"],"picked":"AbsoluteMagnitude","floor":16.0},{"not_picked":["AsteroidBelt+1","6A"],"picked":"PropBag+1","floor":18.0},{"not_picked":["AsteroidBelt","DeepEcoloBomb+1"],"picked":"EnergyRecoil","floor":21.0},{"not_picked":["WitchOfGreed","Orbital","ShootingEcho"],"picked":"Singing Bowl","floor":22.0},{"not_picked":["FinalSpark","Singularity"],"picked":"AsteroidBelt+1","floor":24.0},{"not_picked":["DragonMeteor+1","DC+1"],"picked":"WitchOfGreed+1","floor":28.0},{"not_picked":["WitchLeyline","MilkyWay"],"picked":"GalacticHalo+1","floor":29.0},{"not_picked":["JA","StarlightTyphoon+1","Singularity"],"picked":"Singing Bowl","floor":30.0},{"not_picked":["FinalSpark","TreasureHunter"],"picked":"MillisecondPulsars","floor":33.0},{"not_picked":["WitchLeyline+1","Acceleration+1","IllusionStar+1"],"picked":"Singing Bowl","floor":35.0},{"not_picked":["ShootingEcho+1","AsteroidBelt+1"],"picked":"MagicChant+1","floor":37.0},{"not_picked":["expansioncontent:GoopSpray+1","Flash of Steel"],"picked":"Master of Strategy+1","floor":38.0},{"not_picked":["Magnetism","Mayhem","expansioncontent:SlimeTackle"],"picked":"Singing Bowl","floor":38.0},{"not_picked":["expansioncontent:SuperHexaguard+1","The Bomb+1"],"picked":"expansioncontent:GoopSpray+1","floor":38.0},{"not_picked":["PowerUp+1","StarlightTyphoon+1","GravityBeat"],"picked":"Singing Bowl","floor":39.0},{"not_picked":["Singularity+1","IllusionStar+1"],"picked":"ManaConvection+1","floor":41.0},{"not_picked":["PowerUp+1","IllusionStar+1","LuminesStrike+1"],"picked":"Singing Bowl","floor":44.0},{"not_picked":["CollectingQuirk","DC+1"],"picked":"SporeBomb+1","floor":45.0},{"not_picked":["GrandCross","GalacticHalo+1","DeepEcoloBomb+1"],"picked":"Singing Bowl","floor":46.0},{"not_picked":["DoubleSpark","AsteroidBelt+1","NonDirectionalLaser+1"],"picked":"Singing Bowl","floor":48.0},{"not_picked":["AsteroidBelt+1","ShootTheMoon","MagicChant+1"],"picked":"Singing Bowl","floor":54.0}],"player_experience":131654,"relics_obtained":[{"floor":6.0,"key":"Omamori"},{"floor":7.0,"key":"SproutingBranch"},{"floor":8.0,"key":"ShroomBag"},{"floor":9.0,"key":"Bag of Marbles"},{"floor":12.0,"key":"Turnip"},{"floor":14.0,"key":"Lizard Tail"},{"floor":24.0,"key":"MealTicket"},{"floor":28.0,"key":"Pen Nib"},{"floor":30.0,"key":"Toxic Egg 2"},{"floor":41.0,"key":"Mango"},{"floor":43.0,"key":"Regal Pillow"},{"floor":44.0,"key":"Vajra"},{"floor":45.0,"key":"CatCart"},{"floor":48.0,"key":"Pear"},{"floor":54.0,"key":"Happy Flower"}],"event_choices":[{"damage_healed":0.0,"max_hp_gain":0.0,"max_hp_loss":0.0,"gold_gain":0.0,"event_name":"Scrap Ooze","player_choice":"Success","floor":2.0,"gold_loss":0.0,"damage_taken":7.0,"relics_obtained":["Singing Bowl"]},{"damage_healed":0.0,"max_hp_gain":0.0,"max_hp_loss":0.0,"gold_gain":175.0,"event_name":"Liars Game","player_choice":"AGREE","floor":3.0,"gold_loss":0.0,"damage_taken":0.0,"cards_obtained":["Doubt"]},{"damage_healed":0.0,"max_hp_gain":5.0,"max_hp_loss":0.0,"gold_gain":0.0,"event_name":"Big Fish","player_choice":"Donut","floor":4.0,"gold_loss":0.0,"damage_taken":0.0},{"cards_removed":["Doubt"],"damage_healed":0.0,"max_hp_gain":0.0,"max_hp_loss":0.0,"gold_gain":0.0,"event_name":"Living Wall","player_choice":"Forget","floor":5.0,"gold_loss":0.0,"damage_taken":0.0},{"damage_healed":0.0,"max_hp_gain":0.0,"max_hp_loss":0.0,"gold_gain":0.0,"event_name":"Upgrade Shrine","player_choice":"Upgraded","floor":20.0,"gold_loss":0.0,"damage_taken":0.0,"cards_upgraded":["OrrerysSun"]},{"damage_healed":0.0,"max_hp_gain":0.0,"max_hp_loss":0.0,"gold_gain":0.0,"event_name":"The Mausoleum","player_choice":"Opened","floor":25.0,"gold_loss":0.0,"damage_taken":0.0,"relics_obtained":["Akabeko"]},{"damage_healed":0.0,"max_hp_gain":0.0,"max_hp_loss":5.0,"gold_gain":0.0,"event_name":"Winding Halls","player_choice":"Max HP","floor":36.0,"gold_loss":0.0,"damage_taken":0.0},{"damage_healed":0.0,"max_hp_gain":0.0,"max_hp_loss":0.0,"gold_gain":0.0,"event_name":"SensoryStone","player_choice":"Memory 3","floor":38.0,"gold_loss":0.0,"damage_taken":10.0},{"damage_healed":0.0,"max_hp_gain":0.0,"max_hp_loss":0.0,"gold_gain":0.0,"event_name":"OrinTheCat","player_choice":"Fight","floor":45.0,"gold_loss":0.0,"damage_taken":0.0},{"cards_removed":["MasterSpark"],"damage_healed":0.0,"max_hp_gain":0.0,"max_hp_loss":0.0,"gold_gain":0.0,"event_name":"Falling","player_choice":"Removed Attack","floor":47.0,"gold_loss":0.0,"damage_taken":0.0}],"is_beta":false,"boss_relics":[{"not_picked":["SlaversCollar","Velvet Choker"],"picked":"Runic Pyramid"},{"not_picked":["Black Star","Calling Bell"],"picked":"Pandora\u0027s Box"}],"items_purged_floors":[13,53],"is_endless":false,"potions_floor_spawned":[12,16,22,29,30,41,45,48],"ascension_level":11}}