{"host":"bbld1ic1uj90ldt9","time":1608629500,"event":{"mods":["2.2 Compatiblity","AchievementEnabler","Act Like it!","BaseMod","Better Third Choice","Conspire","Downfall","Emptier Cage","Gensokyo","Hallownest","Hermit","Highlight Path","Hubris","Marisa????????","Minty Spire (QoL Compilation)","Random Character Button","Replay The Spire","StSLib","The Animator","The Bug Knight","The Cursed","The Disciple","The Hierophant","The Jungle","The Runesmith","The Servant 0.9.4"],"gold_per_floor":[110,110,110,124,138,173,173,185,185,202,221,231,258,273,273,273,273],"floor_reached":16,"playtime":1747,"items_purged":[],"score":116,"play_id":"b42fd7fb-384f-4a0d-b5fd-778594e8731f","local_time":"20201222103140","is_ascension_mode":false,"campfire_choices":[{"floor":7,"key":"REST"},{"floor":15,"key":"REST"}],"circlet_count":0,"master_deck":["Strike_B","Strike_B","Defend_B","Defend_B","Defend_B","Defend_B","Zap","Dualcast","Go for the Eyes","ReplayGash","Turbo","Leap","hubris:DuctTapeCard","Gash","Gash","ReplayTheSpireMod:Calculation Training","Cold Snap","Genetic Algorithm","Beam Cell"],"relics":["Black Star","conspire:DeflatedDodgeball","Gensokyo:NagashiBinaDoll","Nunchaku","hubris:DuctTape","Question Card","PreservedInsect","Orichalcum"],"acts_visited":["Gensokyo:Gensokyo"],"potions_floor_usage":[6,11,13,16],"damage_taken":[{"damage":6,"enemies":"Gensokyo:Gryphon","floor":1,"turns":4},{"damage":4,"enemies":"Gensokyo:3_Fairies","floor":4,"turns":5},{"damage":4,"enemies":"Gensokyo:Python","floor":5,"turns":3},{"damage":8,"enemies":"Gensokyo:Cirno","floor":6,"turns":7},{"damage":10,"enemies":"Gensokyo:Gryphon_and_Rabbit","floor":8,"turns":6},{"damage":21,"enemies":"Gensokyo:3_Kodama","floor":10,"turns":6},{"damage":8,"enemies":"Gensokyo:5_Fairies","floor":11,"turns":5},{"damage":0,"enemies":"Gensokyo:LivingMonolith","floor":12,"turns":3},{"damage":4,"enemies":"Gensokyo:Mamizou","floor":13,"turns":10},{"damage":7,"enemies":"Gensokyo:Gryphon_and_Rabbit","floor":14,"turns":8},{"damage":61,"enemies":"Gensokyo:Reimu","floor":16,"turns":11}],"seed_played":"1613050957552872849","potions_obtained":[{"floor":1,"key":"Adrenaline Potion"},{"floor":5,"key":"EssenceOfDarkness"},{"floor":8,"key":"Elixir"},{"floor":12,"key":"conspire:TimeTravelPotion"}],"is_trial":false,"path_per_floor":["M","?","?","M","M","E","R","M","T","M","M","M","E","M","R","B"],"character_chosen":"DEFECT","items_purchased":[],"campfire_rested":2,"item_purchase_floors":[],"current_hp_per_floor":[69,54,54,50,46,38,60,50,50,29,21,21,17,10,32,0,0],"gold":273,"neow_bonus":"BOSS_RELIC","is_daily":false,"chose_seed":false,"campfire_upgraded":0,"win_rate":0.0,"timestamp":1608629500,"path_taken":["M","?","?","M","M","E","R","?","T","M","M","M","E","M","R","BOSS"],"items_purchased_type":[],"build_version":"2020-12-13","purchased_purges":0,"victory":false,"max_hp_per_floor":[75,75,75,75,75,75,75,75,75,75,75,75,75,75,75,75,75],"card_choices":[{"not_picked":["Scrape","ReplayTheSpireMod:Repulse"],"picked":"Go for the Eyes","floor":1},{"not_picked":["Rebound","Loop"],"picked":"ReplayGash","floor":4},{"not_picked":["Chill","Rebound"],"picked":"Turbo","floor":5},{"not_picked":["Barrage","Go for the Eyes"],"picked":"Leap","floor":6},{"not_picked":["ReplayTheSpireMod:Repulse","Loop"],"picked":"Gash","floor":8},{"not_picked":["Compile Driver","Redo","Streamline"],"picked":"Gash","floor":10},{"not_picked":["hubris:Ukulele","Go for the Eyes","Streamline"],"picked":"ReplayTheSpireMod:Calculation Training","floor":11},{"not_picked":["Ball Lightning","Reprogram","Beam Cell"],"picked":"Cold Snap","floor":12},{"not_picked":["Thunder Strike","Redo","Coolheaded"],"picked":"Genetic Algorithm","floor":13},{"not_picked":["Rebound","BasicCrystalCard","Panic Button"],"picked":"Beam Cell","floor":14}],"player_experience":2127854,"relics_obtained":[{"floor":6,"key":"Nunchaku"},{"floor":6,"key":"hubris:DuctTape"},{"floor":9,"key":"Question Card"},{"floor":13,"key":"PreservedInsect"},{"floor":13,"key":"Orichalcum"}],"event_choices":[],"is_beta":false,"boss_relics":[],"items_purged_floors":[],"is_endless":false,"potions_floor_spawned":[1,5,8,12],"killed_by":"Gensokyo:Reimu","ascension_level":0}}