{"host":"uiaocagxbjlinul0","time":1608596857,"event":{"mods":["Act Like it!","BaseMod","Better Match","Block Reminder","CapriCore","ChefMod","GifTheSpireLib","Hallownest","Hermit","Minty Spire (QoL Compilation)","Quick Restart","Robot Space Explorer","Shade Mod","StSLib","Stuff the Spire","The Animator","The Bug Knight","The Death Knight","The Dragon Tamer","The Forsaken","The Immortal","The Marked","TheSwordswoman","TheVacant","Wandering Minibosses"],"gold_per_floor":[109,126,126,126,126,126,152,152,152,187,206,168,168,168,168],"floor_reached":14,"playtime":693,"items_purged":[],"score":139,"play_id":"e1f046b0-c26d-4e47-a76f-b34aebcacca7","local_time":"20201221162737","is_ascension_mode":true,"campfire_choices":[{"data":"animator:ElricEdward","floor":6,"key":"SMITH"},{"data":"Hallownest:skillSlugHide","floor":8,"key":"SMITH"},{"data":"Hallownest:skillSlugHide","floor":13,"key":"SMITH"}],"circlet_count":0,"master_deck":["animator:Strike_FullmetalAlchemist","animator:Strike","animator:Strike","animator:Strike","animator:ElricEdward+1","animator:ElricAlphonse","animator:Kazuma","animator:ElricAlphonse","animator:Aisha","Hallownest:skillSlugHide+1","Hallownest:skillSlugHide+1","Hallownest:skillSlugHide","Hallownest:skillSlugHide","Hallownest:skillSlugHide","animator:Ain"],"relics":["animator:LivingPicture","animator:TheMissingPiece","NeowsBlessing","Ginger","HollowMod:LifeEnderRelic","Darkstone Periapt"],"acts_visited":["Hallownest:Greenpath"],"potions_floor_usage":[11],"damage_taken":[{"damage":0,"enemies":"Hallownest:monsterHuskGuard","floor":1,"turns":1},{"damage":0,"enemies":"Hallownest:2_MossCreeps","floor":2,"turns":1},{"damage":0,"enemies":"2_ Uuma","floor":4,"turns":1},{"damage":3,"enemies":"Hallownest:eliteMossKnight","floor":7,"turns":10},{"damage":12,"enemies":"Hallownest:eliteVengeflyKing","floor":10,"turns":7},{"damage":34,"enemies":"Hallownest:2_Tiktiks_1_Baldur_1_Crawlid","floor":11,"turns":6},{"damage":22,"enemies":"Hallownest:eliteMossKnight","floor":14,"turns":7}],"seed_played":"-8602402808071728677","potions_obtained":[{"floor":10,"key":"animator:FalseLifePotion"}],"is_trial":false,"path_per_floor":["M","M","?","M","?","R","E","R","T","E","M","$","R","E"],"character_chosen":"THE_ANIMATOR","items_purchased":["animator:Ain"],"campfire_rested":0,"item_purchase_floors":[12],"current_hp_per_floor":[66,66,66,66,66,66,63,63,63,51,17,17,17,0,0],"gold":168,"neow_bonus":"THREE_ENEMY_KILL","is_daily":false,"chose_seed":false,"campfire_upgraded":3,"win_rate":0.0,"timestamp":1608596857,"path_taken":["M","M","?","M","?","R","E","R","T","E","M","$","R","E"],"items_purchased_type":["Card"],"build_version":"2020-12-13","purchased_purges":0,"victory":false,"max_hp_per_floor":[66,66,66,66,66,66,66,66,66,66,66,66,66,66,66],"card_choices":[{"not_picked":["animator:MumenRider","animator:Gillette"],"picked":"animator:Kazuma","floor":1},{"not_picked":["animator:Raven","animator:Chung"],"picked":"animator:ElricAlphonse","floor":2},{"not_picked":["animator:Chung","animator:Layla"],"picked":"animator:Aisha","floor":4},{"not_picked":["animator:SakuraMatou","animator:Kazuma","animator:Gluttony"],"picked":"SKIP","floor":10},{"not_picked":["animator:Boros","animator:Mikaela","animator:ShinjiMatou"],"picked":"SKIP","floor":11}],"player_experience":190381,"relics_obtained":[{"floor":7,"key":"Ginger"},{"floor":9,"key":"HollowMod:LifeEnderRelic"},{"floor":10,"key":"Darkstone Periapt"}],"event_choices":[],"is_beta":false,"boss_relics":[],"items_purged_floors":[],"is_endless":false,"potions_floor_spawned":[10],"killed_by":"Hallownest:eliteMossKnight","ascension_level":4}}