{"host":"llpusn9usp8rznkj","time":1608611508,"event":{"mods":["2.2 Compatiblity","Aspiration","BaseMod","Colored Map","Colored Powertips","Conspire","Hubris","Minty Spire (QoL Compilation)","Quick Restart","Rare Cards Sparkle","Replay The Spire","StSLib","The Cursed"],"gold_per_floor":[118,118,136,136,4,33,33,45,45,45,74,349,349,349,349,349,349],"floor_reached":16,"playtime":806,"items_purged":[],"score":135,"play_id":"1244412b-295f-4563-becf-71d849234200","local_time":"20201221233148","is_ascension_mode":true,"campfire_choices":[{"data":"Crescendo","floor":7,"key":"SMITH"},{"data":"Eruption","floor":13,"key":"SMITH"},{"data":"Study","floor":15,"key":"SMITH"}],"circlet_count":0,"master_deck":["Defend_P","Defend_P","Defend_P","Defend_P","Eruption+1","Vigilance","ThirdEye","FearNoEvil","Masterful Stab","Endless Agony","Dash","Crescendo+1","CarveReality","Replay:Anticipation","ReachHeaven","Study+1","Regret"],"relics":["PureWater","aspiration:Nostalgia","Burning Blood","hubris:PeanutButter","Odd Mushroom"],"acts_visited":["Exordium"],"potions_floor_usage":[6,11,14],"damage_taken":[{"damage":0,"enemies":"Small Slimes","floor":1,"turns":3},{"damage":0,"enemies":"Cultist","floor":3,"turns":3},{"damage":0,"enemies":"3 Sentries","floor":6,"turns":4},{"damage":0,"enemies":"2 Louse","floor":8,"turns":2},{"damage":6,"enemies":"The Mushroom Lair","floor":11,"turns":3},{"damage":0,"enemies":"Exordium Thugs","floor":14,"turns":1},{"damage":26,"enemies":"The Guardian","floor":16,"turns":7}],"seed_played":"-8031220491908987406","potions_obtained":[{"floor":2,"key":"StancePotion"},{"floor":2,"key":"Fire Potion"},{"floor":2,"key":"SneckoOil"},{"floor":3,"key":"Regen Potion"},{"floor":11,"key":"SmokeBomb"}],"is_trial":false,"path_per_floor":["M","?","M","?","$","E","R","M","T","?","?","?","R","M","R","B"],"character_chosen":"WATCHER","items_purchased":["Crescendo","CarveReality"],"campfire_rested":0,"item_purchase_floors":[5,5],"current_hp_per_floor":[72,72,72,72,72,72,72,72,72,65,65,65,65,71,71,45,45],"gold":349,"neow_bonus":"NOSTALGIA","is_daily":false,"chose_seed":false,"campfire_upgraded":3,"win_rate":0.0,"timestamp":1608611508,"path_taken":["M","?","?","?","?","E","R","M","T","?","?","?","R","?","R","BOSS"],"items_purchased_type":["Card","Card"],"build_version":"2020-12-13","purchased_purges":0,"victory":false,"max_hp_per_floor":[72,72,72,72,72,72,72,72,72,72,72,72,72,72,72,72,72],"card_choices":[{"not_picked":["Replay:BluntJabs","Replay:Hum"],"picked":"ThirdEye","floor":1},{"not_picked":["Replay:BluntJabs","SashWhip"],"picked":"FearNoEvil","floor":3},{"not_picked":["EmptyBody","Wireheading"],"picked":"Replay:Anticipation","floor":6},{"not_picked":["Sanctity","Consecrate"],"picked":"ReachHeaven","floor":8},{"not_picked":["SandsOfTime","EmptyBody"],"picked":"Study","floor":11}],"player_experience":1112996,"relics_obtained":[{"floor":6,"key":"hubris:PeanutButter"},{"floor":11,"key":"Odd Mushroom"}],"event_choices":[{"damage_healed":0,"gold_gain":0,"player_choice":"Got Potions","damage_taken":0,"max_hp_gain":0,"max_hp_loss":0,"event_name":"Lab","floor":2,"gold_loss":0},{"cards_removed":["Strike_P"],"damage_healed":0,"gold_gain":0,"player_choice":"Card Removal","damage_taken":7,"max_hp_gain":0,"max_hp_loss":0,"event_name":"Golden Wing","floor":10,"gold_loss":0},{"damage_healed":0,"gold_gain":0,"player_choice":"Fought Mushrooms","damage_taken":0,"max_hp_gain":0,"max_hp_loss":0,"event_name":"Mushrooms","floor":11,"gold_loss":0},{"damage_healed":0,"gold_gain":275,"player_choice":"Desecrate","damage_taken":0,"max_hp_gain":0,"max_hp_loss":0,"event_name":"Golden Shrine","floor":12,"gold_loss":0,"cards_obtained":["Regret"]}],"is_beta":false,"boss_relics":[],"items_purged_floors":[],"is_endless":false,"potions_floor_spawned":[3,11],"killed_by":"The Guardian","ascension_level":2}}