{"host":"fuszjwm6fqgjjp4d","time":1608595501,"event":{"mods":["BaseMod","Bestiary","Colored Map","DeckTracker","Minty Spire (QoL Compilation)","Permanent Neow","Relic Sorter","Relic Stats","StSLib"],"gold_per_floor":[109,125,140,156,171,171,246,246,299,299,299,299],"floor_reached":11,"playtime":249,"items_purged":[],"score":130,"play_id":"aacb3c60-b385-49db-9516-88d5885edaab","local_time":"20201221180501","is_ascension_mode":true,"campfire_choices":[{"data":"Defragment","floor":6,"key":"SMITH"},{"data":"Static Discharge","floor":8,"key":"SMITH"},{"data":"Self Repair","floor":10,"key":"SMITH"}],"circlet_count":0,"master_deck":["AscendersBane","Strike_B","Strike_B","Strike_B","Strike_B","Defend_B","Defend_B","Defend_B","Defend_B","Zap","Dualcast","Amplify","Streamline","Self Repair+1","Genetic Algorithm","Static Discharge+1","Defragment+1"],"relics":["Cracked Core","Juzu Bracelet"],"acts_visited":["Exordium"],"potions_floor_usage":[4,11],"damage_taken":[{"damage":1.0,"enemies":"Cultist","floor":1.0,"turns":3.0},{"damage":3.0,"enemies":"2 Louse","floor":2.0,"turns":2.0},{"damage":2.0,"enemies":"Small Slimes","floor":3.0,"turns":3.0},{"damage":37,"enemies":"Exordium Thugs","floor":4,"turns":5},{"damage":14,"enemies":"2 Fungi Beasts","floor":5,"turns":4},{"damage":44,"enemies":"Gremlin Nob","floor":11,"turns":3}],"seed_played":"-3547592219174985087","potions_obtained":[{"floor":3,"key":"LiquidMemories"},{"floor":4,"key":"SpeedPotion"},{"floor":5,"key":"FocusPotion"}],"is_trial":false,"path_per_floor":["M","M","M","M","M","R","?","R","T","R","E"],"character_chosen":"DEFECT","items_purchased":[],"campfire_rested":0,"item_purchase_floors":[],"current_hp_per_floor":[63,60,65,42,35,35,24,24,24,24,0,0],"gold":299,"neow_bonus":"ONE_RANDOM_RARE_CARD","is_daily":false,"chose_seed":false,"campfire_upgraded":3,"win_rate":0.0,"timestamp":1608595501,"path_taken":["M","M","M","?","?","R","?","R","T","R","E"],"items_purchased_type":[],"build_version":"2020-12-13","purchased_purges":0,"victory":false,"max_hp_per_floor":[71,71,71,71,71,71,71,71,71,71,71,71],"relic_stats":{"counters":[6,20],"Juzu Bracelet":0,"obtain_stats":[{"Juzu Bracelet":9,"Cracked Core":0},{"Juzu Bracelet":5,"Cracked Core":0},{"Juzu Bracelet":17,"Cracked Core":0}]},"card_choices":[{"not_picked":["Cold Snap","Rip and Tear"],"picked":"Streamline","floor":1.0},{"not_picked":["Steam Power","Hologram"],"picked":"Self Repair","floor":2.0},{"not_picked":["Glacier","Hologram"],"picked":"Genetic Algorithm","floor":3},{"not_picked":["Sweeping Beam","Beam Cell"],"picked":"Static Discharge","floor":4},{"not_picked":["Coolheaded","Force Field"],"picked":"Defragment","floor":5}],"player_experience":1197572,"relics_obtained":[{"floor":9,"key":"Juzu Bracelet"}],"event_choices":[{"damage_healed":0,"gold_gain":75,"player_choice":"Gather Gold","damage_taken":11,"max_hp_gain":0,"max_hp_loss":0,"event_name":"World of Goop","floor":7,"gold_loss":0}],"is_beta":false,"boss_relics":[],"items_purged_floors":[],"is_endless":false,"potions_floor_spawned":[3,4,5],"killed_by":"Gremlin Nob","ascension_level":20}}