{"host":"baymyijz6sxaqj5s","time":1608630302,"event":{"mods":["AchievementEnabler","BaseMod","Colored Map","Colored Powertips","DeckTracker","KOR Keyword Fix","Keyboard Shortcuts","Minty Spire (QoL Compilation)","Quick Restart","StSLib","SuperFastMode"],"gold_per_floor":[114,129,148,159,176,176,176,176,176,176,176,251,132,132,132,233,283,297,316,334,334,334],"floor_reached":21,"playtime":640,"items_purged":[],"score":196,"play_id":"8a43e257-dd5c-42e2-8d1a-e5aa1491a701","local_time":"20201222184502","is_ascension_mode":false,"campfire_choices":[{"floor":6,"key":"REST"},{"data":"Shrug It Off","floor":8,"key":"SMITH"},{"data":"Heavy Blade","floor":10,"key":"SMITH"},{"data":"Inflame","floor":15,"key":"SMITH"}],"circlet_count":0,"master_deck":["Strike_R","Strike_R","Strike_R","Strike_R+1","Strike_R","Defend_R","Defend_R","Defend_R","Defend_R","Bash+1","Shrug It Off+1","Thunderclap","Heavy Blade+1","Dropkick","Inflame+1","Barricade","Shrug It Off","Twin Strike+1","Cleave+1","Battle Trance"],"relics":["Burning Blood","Toy Ornithopter","Bronze Scales","InkBottle","Tiny House"],"acts_visited":["Exordium","TheCity"],"potions_floor_usage":[4,18,19,20],"damage_taken":[{"damage":7,"enemies":"Small Slimes","floor":1,"turns":5},{"damage":2,"enemies":"2 Louse","floor":2,"turns":4},{"damage":6,"enemies":"Jaw Worm","floor":3,"turns":5},{"damage":18,"enemies":"Exordium Thugs","floor":4,"turns":6},{"damage":21,"enemies":"Large Slime","floor":5,"turns":9},{"damage":41,"enemies":"The Guardian","floor":16,"turns":9},{"damage":15,"enemies":"3 Byrds","floor":18,"turns":5},{"damage":42,"enemies":"Spheric Guardian","floor":19,"turns":7},{"damage":47,"enemies":"3 Cultists","floor":20,"turns":5}],"seed_played":"7251514273934800173","potions_obtained":[{"floor":1,"key":"EssenceOfSteel"},{"floor":16,"key":"SkillPotion"},{"floor":17,"key":"Weak Potion"},{"floor":19,"key":"BlessingOfTheForge"}],"is_trial":false,"path_per_floor":["M","M","M","M","M","R","?","R","T","R","?","?","$","?","R","B",null,"M","M","M","?"],"character_chosen":"IRONCLAD","items_purchased":["Dropkick","Inflame"],"campfire_rested":1,"item_purchase_floors":[13,13],"current_hp_per_floor":[87,88,88,76,61,87,84,84,84,84,84,73,73,73,73,38,93,84,53,17,0,0],"gold":334,"neow_bonus":"TEN_PERCENT_HP_BONUS","is_daily":false,"chose_seed":false,"campfire_upgraded":3,"win_rate":0.0,"timestamp":1608630302,"path_taken":["M","M","M","M","M","R","?","R","T","R","?","?","?","?","R","BOSS","M","M","M","?"],"items_purchased_type":["Card","Card"],"build_version":"2020-12-13","purchased_purges":0,"victory":false,"max_hp_per_floor":[88,88,88,88,88,88,88,88,88,88,88,88,88,88,88,88,93,93,93,93,98,98],"card_choices":[{"not_picked":["Sentinel","Thunderclap"],"picked":"Shrug It Off","floor":1},{"not_picked":["Headbutt","Second Wind"],"picked":"Thunderclap","floor":2},{"not_picked":["Headbutt","Perfected Strike"],"picked":"Heavy Blade","floor":3},{"not_picked":["Metallicize","Sentinel","Feed"],"picked":"SKIP","floor":4},{"not_picked":["Clothesline","Anger","Rampage"],"picked":"SKIP","floor":5},{"not_picked":["Double Tap","Juggernaut"],"picked":"Barricade","floor":16},{"not_picked":["Uppercut","Disarm"],"picked":"Shrug It Off","floor":17},{"not_picked":["Pummel","Searing Blow"],"picked":"Twin Strike+1","floor":18},{"not_picked":["Uppercut","Twin Strike"],"picked":"Cleave+1","floor":19},{"not_picked":["Feel No Pain","Shrug It Off"],"picked":"Battle Trance","floor":20}],"player_experience":183012,"relics_obtained":[{"floor":9,"key":"Bronze Scales"}],"event_choices":[{"damage_healed":0,"gold_gain":0,"player_choice":"Success","damage_taken":3,"relics_obtained":["Toy Ornithopter"],"max_hp_gain":0,"max_hp_loss":0,"event_name":"Scrap Ooze","floor":7,"gold_loss":0},{"damage_healed":0,"gold_gain":0,"player_choice":"Grow","damage_taken":0,"max_hp_gain":0,"max_hp_loss":0,"event_name":"Living Wall","floor":11,"gold_loss":0,"cards_upgraded":["Bash"]},{"damage_healed":0,"gold_gain":75,"player_choice":"Gather Gold","damage_taken":11,"max_hp_gain":0,"max_hp_loss":0,"event_name":"World of Goop","floor":12,"gold_loss":0},{"damage_healed":0,"gold_gain":0,"player_choice":"Searched \u00272\u0027 times","damage_taken":0,"relics_obtained":["InkBottle"],"max_hp_gain":0,"max_hp_loss":0,"event_name":"Dead Adventurer","floor":14,"gold_loss":0}],"is_beta":false,"boss_relics":[{"not_picked":["Coffee Dripper","Runic Pyramid"],"picked":"Tiny House"}],"items_purged_floors":[],"is_endless":false,"potions_floor_spawned":[1,16,19],"ascension_level":0}}