{"host":"ds3v42j7tpaaz1mg","time":1608625278,"event":{"mods":["AchievementEnabler","Aspiration","BaseMod","Beaked The Cultist","Bestiary","Better Altar","Better Note","Better Sensory Stone","BetterRewards","Block Reminder","Colored Powertips","Conspire","Downfall","Energized Spire","Halation","Hermit","Highlight Path","Hubris","Infinite Spire","Jorbs\u0027s Wanderer Trilogy","Minty Spire (QoL Compilation)","Relic Stats","Replay The Spire","StSLib","The Death Knight","The Elementalist","The Servant 0.9.4","vexMod"],"gold_per_floor":[118,293,353,653,668,668,668,145,145,178,196,214,9,29,29,134,134,148,148,148,148,161,193,193,468,468,485,178,178,196,206,206,306,306,321,272,287,287,298,323,338,350,350,350,405,424,424,19,19,19],"floor_reached":51,"playtime":1469,"items_purged":["Strike_R","Doubt","Strike_R","Regret"],"score":797,"play_id":"2006b5b2-2093-42a9-91fa-fa2f9cab0759","local_time":"20201222032118","is_ascension_mode":false,"campfire_choices":[{"data":"Bash","floor":6.0,"key":"SMITH"},{"data":"Inflame","floor":15.0,"key":"SMITH"},{"data":"Massacre","floor":24.0,"key":"SMITH"},{"data":"Feed","floor":29.0,"key":"SMITH"},{"data":"Replay:Dark Deal","floor":32.0,"key":"SMITH"},{"floor":44.0,"key":"REST"},{"floor":49.0,"key":"REST"}],"circlet_count":0,"master_deck":["Strike_R+1","Strike_R+1","Strike_R","Defend_R","Defend_R","Defend_R","Defend_R","Bash+1","Metallicize","Cleave+1","Replay:Dark Deal+1","Rampage+1","Ghostly Armor","Inflame+1","Feed+1","True Grit+1","Massacre+1","Whirlwind+1","Shrug It Off","True Grit+1","Battle Trance+1"],"relics":["Burning Blood","halation:LostSnail","vexMod:PlasmaPancake","Kunai","Old Coin","halation:EternalFortune","Paper Frog","hubris:Metronome","Replay:Mystery Machine","infinitespire:Burning Sword","infinitespire:CheckeredPen","ReplayTheSpireMod:Shallot","Bag of Marbles","Mark of Pain","halation:RedSoulGem","InkBottle","Gremlin Food","hubris:Spice"],"acts_visited":["Exordium","TheCity","TheBeyond"],"potions_floor_usage":[50,50,50],"damage_taken":[{"damage":2.0,"enemies":"Small Slimes","floor":1.0,"turns":2.0},{"damage":11.0,"enemies":"Jaw Worm","floor":5.0,"turns":3.0},{"damage":18.0,"enemies":"Lagavulin","floor":10.0,"turns":5.0},{"damage":0.0,"enemies":"2 Louse","floor":11.0,"turns":2.0},{"damage":0.0,"enemies":"Looter","floor":12.0,"turns":1.0},{"damage":0.0,"enemies":"2 Fungi Beasts","floor":14.0,"turns":1.0},{"damage":13.0,"enemies":"Slime Boss","floor":16.0,"turns":6.0},{"damage":8.0,"enemies":"Spheric Guardian","floor":18.0,"turns":3.0},{"damage":0.0,"enemies":"Shell Parasite","floor":22.0,"turns":1.0},{"damage":45.0,"enemies":"Slavers","floor":23.0,"turns":5.0},{"damage":0.0,"enemies":"Snecko","floor":27.0,"turns":2.0},{"damage":0.0,"enemies":"3 Cultists","floor":30.0,"turns":2.0},{"damage":0.0,"enemies":"Centurion and Healer","floor":31.0,"turns":1.0},{"damage":29.0,"enemies":"hubris:MusketHawk","floor":33.0,"turns":4.0},{"damage":0.0,"enemies":"Orb Walker","floor":35.0,"turns":1.0},{"damage":0.0,"enemies":"3 Darklings","floor":37.0,"turns":2.0},{"damage":3.0,"enemies":"Sphere and 2 Shapes","floor":39.0,"turns":1.0},{"damage":30.0,"enemies":"Reptomancer","floor":40.0,"turns":5.0},{"damage":0.0,"enemies":"Writhing Mass","floor":41.0,"turns":1.0},{"damage":0.0,"enemies":"Jaw Worm Horde","floor":42.0,"turns":1.0},{"damage":0.0,"enemies":"2 Orb Walkers","floor":45.0,"turns":1.0},{"damage":0.0,"enemies":"Maw","floor":46.0,"turns":2.0},{"damage":77,"enemies":"Replay:Hell Engine","floor":50,"turns":11}],"seed_played":"-3570002245735197220","potions_obtained":[{"floor":11.0,"key":"Energy Potion"},{"floor":16.0,"key":"Flashbang"},{"floor":18.0,"key":"AttackPotion"},{"floor":22.0,"key":"BlessingOfTheForge"},{"floor":27.0,"key":"SpeedPotion"},{"floor":39.0,"key":"AttackPotion"},{"floor":41.0,"key":"FearPotion"},{"floor":46.0,"key":"Milkshake"}],"is_trial":false,"path_per_floor":["M","?","?","?","M","R","?","$","T","E","M","M","$","M","R","B",null,"M","?","$","?","M","E","R","?","T","M","$","R","M","M","R","B",null,"M","$","M","?","M","E","M","M","T","R","?","M","?","$","R","B",null],"character_chosen":"IRONCLAD","items_purchased":["Metallicize","halation:LostSnail","Kunai","Cleave+1","PowerPotion","Paper Frog","Replay:Dark Deal","Inflame","Bag of Marbles","Shrug It Off","hubris:Spice","Block Potion","Strength Potion"],"campfire_rested":2,"item_purchase_floors":[0,0,0,0,0,8,8,13,28,36,48,48,48],"current_hp_per_floor":[54,54,54,47,42,42,45,45,45,36,52,58,58,64,64,57,92,90,90,90,81,87,51,51,51,51,57,57,57,63,69,69,46,95,95,95,95,95,95,71,77,83,83,95,103,103,103,111,111,40],"gold":19,"neow_bonus":"","is_daily":false,"chose_seed":false,"campfire_upgraded":5,"win_rate":0.0,"timestamp":1608625278,"path_taken":["M","?","?","?","M","R","?","$","T","E","M","M","?","M","R","BOSS","M","?","$","?","M","E","R","?","T","M","$","R","M","M","R","BOSS","M","$","M","?","M","E","M","M","T","R","?","M","?","?","R","BOSS"],"items_purchased_type":["Card","Relic","Relic","Card","Potion","Relic","Card","Card","Relic","Card","Relic","Potion","Potion"],"build_version":"2020-12-13","purchased_purges":4,"victory":true,"max_hp_per_floor":[86,86,86,86,86,86,89,89,89,92,92,92,92,92,92,92,92,92,92,92,92,92,95,95,95,95,95,95,95,95,95,95,95,95,95,95,95,95,95,95,95,95,95,95,103,103,103,111,111,111],"relic_stats":{"counters":[44,163],"Kunai":[6],"obtain_stats":[{"vexMod:PlasmaPancake":36,"aspiration:Lifesprig":42,"hubris:Metronome":9,"Calipers":12,"conspire:RoyalGoblet":34,"Vajra":36,"StoneCalendar":37,"Replay:Mystery Machine":10,"vexMod:Spyglass":3,"PrismaticShard":30,"Boot":36,"Burning Blood":0,"aspiration:RitualStick":19,"Old Coin":4,"halation:RedSoulGem":38,"hubris:Backtick":19,"aspiration:DefectSkillbook":21,"vexMod:RedPlottingStone":21,"Kunai":0,"infinitespire:Chaos":19,"InkBottle":26,"aspiration:Legacy_Headhunter":19,"Paper Frog":8,"Gremlin Food":9,"Guardian:DefensiveModeMoreBlock":19,"hubris:KleinBottle":36,"BargainBundle":47,"halation:IllGainedPizza":14,"infinitespire:EmptyRelic":19,"infinitespire:CheckeredPen":23,"CaptainsWheel":19,"Bottled Flame":19,"infinitespire:WardingShard":44,"ReplayTheSpireMod:Shallot":26,"hubris:Spice":23,"infinitespire:Satchel":43,"halation:EternalFortune":7,"Mark of Pain":34,"Nloth\u0027s Gift":31,"Bag of Marbles":36,"infinitespire:Burning Sword":17,"Bottled Lightning":27,"Kintsugi":17,"Grinning Jar":36,"halation:LostSnail":0},{"vexMod:PlasmaPancake":13,"aspiration:Lifesprig":16,"hubris:Metronome":23,"Calipers":4,"conspire:RoyalGoblet":12,"Vajra":13,"StoneCalendar":13,"Replay:Mystery Machine":24,"vexMod:Spyglass":1,"PrismaticShard":11,"Boot":13,"Burning Blood":0,"aspiration:RitualStick":6,"Old Coin":22,"halation:RedSoulGem":37,"hubris:Backtick":6,"aspiration:DefectSkillbook":7,"vexMod:RedPlottingStone":7,"Kunai":21,"infinitespire:Chaos":6,"InkBottle":9,"aspiration:Legacy_Headhunter":6,"Paper Frog":23,"Gremlin Food":3,"Guardian:DefensiveModeMoreBlock":6,"hubris:KleinBottle":13,"BargainBundle":19,"halation:IllGainedPizza":4,"infinitespire:EmptyRelic":6,"infinitespire:CheckeredPen":31,"CaptainsWheel":6,"Bottled Flame":6,"infinitespire:WardingShard":17,"ReplayTheSpireMod:Shallot":31,"hubris:Spice":8,"infinitespire:Satchel":16,"halation:EternalFortune":23,"Mark of Pain":35,"Nloth\u0027s Gift":11,"Bag of Marbles":13,"infinitespire:Burning Sword":28,"Bottled Lightning":10,"Kintsugi":5,"Grinning Jar":13,"halation:LostSnail":21},{"vexMod:PlasmaPancake":74,"aspiration:Lifesprig":85,"hubris:Metronome":105,"Calipers":22,"conspire:RoyalGoblet":70,"Vajra":74,"StoneCalendar":74,"Replay:Mystery Machine":110,"vexMod:Spyglass":3,"PrismaticShard":63,"Boot":74,"Burning Blood":0,"aspiration:RitualStick":36,"Old Coin":102,"halation:RedSoulGem":141,"hubris:Backtick":36,"aspiration:DefectSkillbook":42,"vexMod:RedPlottingStone":42,"Kunai":100,"infinitespire:Chaos":36,"InkBottle":53,"aspiration:Legacy_Headhunter":36,"Paper Frog":105,"Gremlin Food":17,"Guardian:DefensiveModeMoreBlock":36,"hubris:KleinBottle":74,"BargainBundle":95,"halation:IllGainedPizza":22,"infinitespire:EmptyRelic":36,"infinitespire:CheckeredPen":129,"CaptainsWheel":36,"Bottled Flame":36,"infinitespire:WardingShard":88,"ReplayTheSpireMod:Shallot":129,"hubris:Spice":49,"infinitespire:Satchel":85,"halation:EternalFortune":105,"Mark of Pain":138,"Nloth\u0027s Gift":63,"Bag of Marbles":74,"infinitespire:Burning Sword":120,"Bottled Lightning":58,"Kintsugi":35,"Grinning Jar":74,"halation:LostSnail":100}],"Burning Blood":220,"InkBottle":[19]},"card_choices":[{"not_picked":["Warcry","Dropkick","Clash"],"picked":"SKIP","floor":1.0},{"not_picked":["True Grit","conspire:ExplosiveBarrier","Armaments"],"picked":"SKIP","floor":5.0},{"not_picked":["Combust","Iron Wave","hubris:ReadiedAction"],"picked":"SKIP","floor":10.0},{"not_picked":["conspire:Charge","Perfected Strike"],"picked":"Rampage","floor":11.0},{"not_picked":["Bloodletting","Wild Strike"],"picked":"Ghostly Armor","floor":12.0},{"not_picked":["Shockwave","ReplayTheSpireMod:Limb From Limb","Replay:Undeath\u0027s Touch"],"picked":"SKIP","floor":14.0},{"not_picked":["Barricade","Demonic Infusion"],"picked":"Feed","floor":16.0},{"not_picked":["Uppercut","Rupture+1","ReplayTheSpireMod:Muscle Training"],"picked":"SKIP","floor":18.0},{"not_picked":["Thunderclap","Cleave+1"],"picked":"True Grit+1","floor":22.0},{"not_picked":["Flex","hubris:ReadiedAction"],"picked":"Massacre","floor":23.0},{"not_picked":["Sword Boomerang","Rage","Pommel Strike"],"picked":"SKIP","floor":27.0},{"not_picked":["Clash","Entrench","Thunderclap"],"picked":"SKIP","floor":30.0},{"not_picked":["Barricade","ReplayTheSpireMod:Muscle Training","Heavy Blade+1"],"picked":"SKIP","floor":31.0},{"not_picked":["Burning Pact","True Grit"],"picked":"Whirlwind+1","floor":35.0},{"not_picked":["Infernal Blade+1","Body Slam+1"],"picked":"True Grit+1","floor":37.0},{"not_picked":["Run Through","conspire:ExplosiveBarrier+1","Replay:Undeath\u0027s Touch"],"picked":"SKIP","floor":39.0},{"not_picked":["Carnage+1","Thunderclap+1"],"picked":"Battle Trance+1","floor":40.0},{"not_picked":["ReplayTheSpireMod:Limb From Limb+1","Thunderclap+1","Headbutt"],"picked":"SKIP","floor":41.0},{"not_picked":["conspire:Charge+1","conspire:ExplosiveBarrier","Heavy Blade"],"picked":"SKIP","floor":42.0},{"not_picked":["Barricade","ReplayTheSpireMod:Corrosion Curse","hubris:CleavingFinish+1"],"picked":"SKIP","floor":46.0}],"player_experience":566496,"relics_obtained":[{"floor":9.0,"key":"hubris:Metronome"},{"floor":10.0,"key":"halation:EternalFortune"},{"floor":10.0,"key":"Replay:Mystery Machine"},{"floor":23.0,"key":"infinitespire:CheckeredPen"},{"floor":26.0,"key":"ReplayTheSpireMod:Shallot"},{"floor":40.0,"key":"InkBottle"},{"floor":43.0,"key":"Gremlin Food"},{"floor":45.0,"key":"hubris:Spice"}],"event_choices":[{"damage_healed":0.0,"max_hp_gain":0.0,"max_hp_loss":0.0,"gold_gain":175.0,"event_name":"Liars Game","player_choice":"AGREE","floor":2.0,"gold_loss":0.0,"damage_taken":0.0,"cards_obtained":["Doubt"]},{"damage_healed":0.0,"max_hp_gain":0.0,"max_hp_loss":0.0,"gold_gain":60.0,"event_name":"Golden Wing","player_choice":"Gained Gold","floor":3.0,"gold_loss":0.0,"damage_taken":0.0},{"damage_healed":0.0,"max_hp_gain":0.0,"max_hp_loss":0.0,"gold_gain":0.0,"event_name":"Scrap Ooze","player_choice":"Success","floor":4.0,"gold_loss":0.0,"damage_taken":7.0,"relics_obtained":["Old Coin"]},{"damage_healed":0.0,"max_hp_gain":0.0,"max_hp_loss":0.0,"gold_gain":0.0,"event_name":"Upgrade Shrine","player_choice":"Upgraded","floor":19.0,"gold_loss":0.0,"damage_taken":0.0,"cards_upgraded":["Rampage"]},{"damage_healed":0.0,"max_hp_gain":0.0,"max_hp_loss":0.0,"gold_gain":0.0,"event_name":"Wheel of Change","player_choice":"Damaged","floor":21.0,"gold_loss":0.0,"damage_taken":9.0},{"damage_healed":0.0,"max_hp_gain":0.0,"max_hp_loss":0.0,"gold_gain":275.0,"event_name":"Golden Shrine","player_choice":"Desecrate","floor":25.0,"gold_loss":0.0,"damage_taken":0.0,"cards_obtained":["Regret"]},{"damage_healed":0.0,"max_hp_gain":0.0,"max_hp_loss":0.0,"gold_gain":0.0,"event_name":"Mysterious Sphere","player_choice":"Fight","floor":45.0,"gold_loss":0.0,"damage_taken":0.0}],"is_beta":false,"boss_relics":[{"not_picked":["Ectoplasm","energizedSpire:NeverEndingSparkler"],"picked":"infinitespire:Burning Sword"},{"not_picked":["Replay:Drink Me","vexMod:CursedCompass"],"picked":"Mark of Pain"}],"items_purged_floors":[0,8,13,28],"is_endless":false,"potions_floor_spawned":[11,16,18,22,27,39,41,46],"ascension_level":0}}