{"host":"zjc1tzo4ovig5lll","time":1608653476,"event":{"mods":["AchievementEnabler","Aspiration","BaseMod","Beaked The Cultist","Better Altar","Better Match","Better Note","Better Sensory Stone","Colored Map","Colored Powertips","Conspire","Energized Spire","Friendly Minions","GifTheSpireLib","Halation","Hermit","Hubris","Minty Spire (QoL Compilation)","Rare Cards Sparkle","Replay The Spire","Spikes Relics","StSLib","Stuff the Spire","The Bug Knight","The Construct","The Jungle","The Servant 0.9.4","everything is the same but u backflip on backflip","vexMod"],"gold_per_floor":[111,126,145,163,174,174,204,169,169,169,169,186,186,198,198,294,294,294,294],"floor_reached":18,"playtime":752,"items_purged":[],"score":164,"play_id":"cb3eef99-b059-4449-b506-66e873f93867","local_time":"20201222181116","is_ascension_mode":false,"campfire_choices":[{"data":"Specialist","floor":6,"key":"SMITH"},{"data":"Evolve","floor":15,"key":"SMITH"}],"circlet_count":0,"master_deck":["Bash","Specialist+1","Iron Wave","Evolve+1","conspire:Charge","Eviscerate","ReplayTheSpireMod:From All Sides","Unload","Clash","StuffTheSpire:Innocence","Bludgeon","Juggernaut","Iron Wave","Corruption","Perfected Strike","hubris:ReadiedAction","Heavy Blade"],"relics":["Burning Blood","Rawhide","Pandora\u0027s Box"],"acts_visited":["Exordium","TheCity"],"potions_floor_usage":[],"damage_taken":[{"damage":8,"enemies":"Cultist","floor":1,"turns":5},{"damage":6,"enemies":"2 Louse","floor":2,"turns":4},{"damage":3,"enemies":"Jaw Worm","floor":3,"turns":4},{"damage":5,"enemies":"Looter","floor":4,"turns":3},{"damage":10,"enemies":"3 Louse","floor":5,"turns":4},{"damage":33,"enemies":"Gremlin Nob","floor":7,"turns":6},{"damage":3,"enemies":"Lots of Slimes","floor":12,"turns":5},{"damage":4,"enemies":"Exordium Wildlife","floor":14,"turns":4},{"damage":16,"enemies":"Slime Boss","floor":16,"turns":8},{"damage":0,"enemies":"conspire:FuzzyDice","floor":18,"turns":2}],"seed_played":"-5563566279595839157","potions_obtained":[],"is_trial":false,"path_per_floor":["M","M","M","M","M","R","E","?","T","?","$","M","?","M","R","B",null,"M"],"character_chosen":"IRONCLAD","items_purchased":[],"campfire_rested":0,"item_purchase_floors":[],"current_hp_per_floor":[78,78,80,80,76,76,49,69,69,69,69,72,65,67,67,57,80,80,80],"gold":294,"neow_bonus":"RANDOM_COLORLESS","is_daily":false,"chose_seed":false,"campfire_upgraded":2,"win_rate":0.0,"timestamp":1608653476,"path_taken":["M","?","M","M","M","R","E","?","T","?","$","M","?","M","R","BOSS","M"],"items_purchased_type":[],"build_version":"2020-12-13","purchased_purges":0,"victory":false,"max_hp_per_floor":[80,80,80,80,80,80,80,80,80,80,80,80,80,80,80,80,80,80,80],"card_choices":[{"not_picked":["Replay:Sssssssssstrike","Deep Breath"],"picked":"Specialist","floor":0},{"not_picked":["Wild Strike","True Grit"],"picked":"Iron Wave","floor":1},{"not_picked":["Pommel Strike","Warcry"],"picked":"Evolve","floor":2},{"not_picked":["Second Wind","Wild Strike"],"picked":"conspire:Charge","floor":3},{"not_picked":["Run Through","Pummel","Body Slam"],"picked":"SKIP","floor":4},{"not_picked":["Whirlwind","hubris:StunningStrike","Clash"],"picked":"SKIP","floor":5},{"not_picked":["Heavy Blade","hubris:CleavingFinish","Dark Embrace"],"picked":"SKIP","floor":7},{"not_picked":["Uppercut","Havoc"],"picked":"Clash","floor":12},{"not_picked":["Sword Boomerang","Anger","Warcry"],"picked":"SKIP","floor":14},{"not_picked":["Corruption","Demon Form"],"picked":"Bludgeon","floor":16}],"player_experience":574218,"relics_obtained":[{"floor":7,"key":"Rawhide"}],"event_choices":[{"damage_healed":20,"gold_gain":0,"player_choice":"Healed","damage_taken":0,"max_hp_gain":0,"max_hp_loss":0,"event_name":"The Cleric","floor":8,"gold_loss":35}],"is_beta":false,"boss_relics":[{"not_picked":["Replay:Bronze Core","Fusion Hammer"],"picked":"Pandora\u0027s Box"}],"items_purged_floors":[],"is_endless":false,"potions_floor_spawned":[1,5,12,14],"killed_by":"conspire:FuzzyDice","ascension_level":0}}