{"host":"cwims7hzbbdzkn35","time":1608620787,"event":{"mods":["BaseMod","Minty Spire (QoL Compilation)"],"gold_per_floor":[112,127,141,141,154,184,184,210,210,285,335,335,363,383,383,456,456,498,498,534,240,289,289,289],"floor_reached":23,"playtime":613,"items_purged":["Pain"],"score":413,"play_id":"2adbab3d-c884-43d0-9c42-b8c6eefa7808","local_time":"20201222150627","is_ascension_mode":true,"campfire_choices":[{"floor":7.0,"key":"REST"},{"floor":12.0,"key":"REST"},{"floor":15.0,"key":"REST"}],"circlet_count":0,"master_deck":["AscendersBane","Strike_P","Strike_P","Strike_P","Defend_P","Defend_P","Defend_P","Defend_P","Eruption","Vigilance","BowlingBash","SignatureMove","ForeignInfluence","Crescendo","InnerPeace","Wish","Adaptation","Adaptation"],"relics":["Fusion Hammer","Ice Cream","Prayer Wheel","Singing Bowl","The Courier","Runic Dome","WarpedTongs","Happy Flower","Blood Vial"],"acts_visited":["TheCity"],"potions_floor_usage":[23],"damage_taken":[{"damage":3.0,"enemies":"2 Louse","floor":1.0,"turns":4.0},{"damage":0.0,"enemies":"Cultist","floor":2.0,"turns":2.0},{"damage":2.0,"enemies":"Jaw Worm","floor":3.0,"turns":4.0},{"damage":7.0,"enemies":"3 Louse","floor":5.0,"turns":2.0},{"damage":2.0,"enemies":"3 Sentries","floor":6.0,"turns":3.0},{"damage":2.0,"enemies":"Lagavulin","floor":8.0,"turns":5.0},{"damage":0.0,"enemies":"Gremlin Nob","floor":13.0,"turns":2.0},{"damage":12.0,"enemies":"Exordium Thugs","floor":14.0,"turns":2.0},{"damage":62.0,"enemies":"The Guardian","floor":16.0,"turns":9.0},{"damage":18.0,"enemies":"Shell Parasite","floor":18.0,"turns":3.0},{"damage":4.0,"enemies":"Chosen","floor":20.0,"turns":3.0},{"damage":20.0,"enemies":"Snecko","floor":22.0,"turns":3.0},{"damage":26,"enemies":"Gremlin Leader","floor":23,"turns":4}],"seed_played":"6465737991763422407","potions_obtained":[{"floor":1.0,"key":"CultistPotion"},{"floor":6.0,"key":"Ancient Potion"},{"floor":13.0,"key":"StancePotion"}],"is_trial":false,"path_per_floor":["M","M","M","?","M","E","R","E","T","?","?","R","E","M","R","B",null,"M","?","M","$","M","E"],"character_chosen":"WATCHER","items_purchased":["Happy Flower","Blood Vial"],"campfire_rested":3,"item_purchase_floors":[21,21],"current_hp_per_floor":[58,58,56,56,49,47,67,65,65,54,54,68,68,58,70,8,55,41,41,39,39,23,0,0],"gold":289,"neow_bonus":"BOSS_RELIC","is_daily":false,"chose_seed":false,"campfire_upgraded":0,"win_rate":0.0,"timestamp":1608620787,"path_taken":["M","M","M","?","?","E","R","E","T","?","?","R","E","M","R","BOSS","M","?","?","$","?","E"],"items_purchased_type":["Relic","Relic"],"build_version":"2020-12-13","purchased_purges":1,"victory":false,"max_hp_per_floor":[68,68,68,68,68,68,68,68,68,68,68,68,68,70,70,70,70,74,74,76,76,78,78,78],"card_choices":[{"not_picked":["ReachHeaven","SandsOfTime","FlyingSleeves"],"picked":"SKIP","floor":1.0},{"not_picked":["Protect","WindmillStrike"],"picked":"BowlingBash","floor":2.0},{"not_picked":["InnerPeace","Protect"],"picked":"SignatureMove","floor":3.0},{"not_picked":["EmptyFist","Wireheading","CutThroughFate"],"picked":"SKIP","floor":5.0},{"not_picked":["Vengeance","PathToVictory","FollowUp"],"picked":"SKIP","floor":6.0},{"not_picked":["DeceiveReality","EmptyMind"],"picked":"ForeignInfluence","floor":8.0},{"not_picked":["JustLucky","ThirdEye"],"picked":"Crescendo","floor":13.0},{"not_picked":["ThirdEye","WheelKick"],"picked":"InnerPeace","floor":14.0},{"not_picked":["FearNoEvil","Consecrate","MasterReality"],"picked":"Singing Bowl","floor":14.0},{"not_picked":["Judgement","MasterReality"],"picked":"Wish","floor":16.0},{"not_picked":["WindmillStrike","Pray","Protect"],"picked":"Singing Bowl","floor":18.0},{"not_picked":["Crescendo","Protect","DeceiveReality+1"],"picked":"Singing Bowl","floor":18.0},{"not_picked":["Halt","BowlingBash"],"picked":"Adaptation","floor":20.0},{"not_picked":["FlurryOfBlows+1","BowlingBash","EmptyBody"],"picked":"Singing Bowl","floor":20.0},{"not_picked":["JustLucky","Evaluate"],"picked":"Adaptation","floor":22.0},{"not_picked":["Wireheading","ClearTheMind","MasterReality"],"picked":"Singing Bowl","floor":22.0}],"player_experience":600612,"relics_obtained":[{"floor":6.0,"key":"Ice Cream"},{"floor":8.0,"key":"Prayer Wheel"},{"floor":9.0,"key":"Singing Bowl"},{"floor":13.0,"key":"The Courier"}],"event_choices":[{"cards_removed":["Strike_P"],"damage_healed":0.0,"max_hp_gain":0.0,"max_hp_loss":0.0,"gold_gain":0.0,"event_name":"Bonfire Elementals","player_choice":"Offered Basic","floor":4.0,"gold_loss":0.0,"damage_taken":0.0},{"damage_healed":0.0,"max_hp_gain":0.0,"max_hp_loss":0.0,"gold_gain":75.0,"event_name":"World of Goop","player_choice":"Gather Gold","floor":10.0,"gold_loss":0.0,"damage_taken":11.0},{"damage_healed":0.0,"max_hp_gain":0.0,"max_hp_loss":0.0,"gold_gain":50.0,"event_name":"Golden Shrine","player_choice":"Pray","floor":11.0,"gold_loss":0.0,"damage_taken":0.0},{"damage_healed":0.0,"max_hp_gain":0.0,"max_hp_loss":0.0,"gold_gain":0.0,"event_name":"Accursed Blacksmith","player_choice":"Rummage","floor":19.0,"gold_loss":0.0,"damage_taken":0.0,"relics_obtained":["WarpedTongs"],"cards_obtained":["Pain"]}],"is_beta":false,"boss_relics":[{"not_picked":["Ectoplasm","Cursed Key"],"picked":"Runic Dome"}],"items_purged_floors":[21],"is_endless":false,"potions_floor_spawned":[1,6,13,14,18],"killed_by":"Gremlin Leader","ascension_level":15}}