{"host":"x4x6fw95e6eqd4n0","time":1608679886,"event":{"mods":["AchievementEnabler","BaseMod","Colored Map","Colored Powertips","DeckTracker","Minty Spire (QoL Compilation)"],"gold_per_floor":[114,114,132,146,162,162,176,176,247,247,258,258,310,310,310,411,411,425,437,456,524,524,524,524,524,594,604,604,623,251,251,251,353,353,367,367,381,395,410,410,428,428,453,503,90,119,119,134,134,134,134],"floor_reached":50,"playtime":2311,"items_purged":["Parasite","Decay"],"score":539,"play_id":"8b171fa4-fd64-4565-b679-58a4f6e62c05","local_time":"20201223013126","is_ascension_mode":false,"campfire_choices":[{"data":"Night Terror","floor":6,"key":"SMITH"},{"data":"Wraith Form v2","floor":8,"key":"SMITH"},{"data":"Backstab","floor":10,"key":"SMITH"},{"data":"Terror","floor":15,"key":"SMITH"},{"data":"Footwork","floor":23,"key":"SMITH"},{"data":"Bullet Time","floor":25,"key":"SMITH"},{"data":"All Out Attack","floor":28,"key":"SMITH"},{"data":"Infinite Blades","floor":32,"key":"SMITH"},{"data":"Malaise","floor":40,"key":"SMITH"},{"data":"Tactician","floor":42,"key":"SMITH"},{"data":"1","floor":49,"key":"LIFT"}],"circlet_count":0,"master_deck":["Defend_G","Defend_G","Defend_G","Defend_G+1","Defend_G","Neutralize","Wraith Form v2+1","Deadly Poison+1","Quick Slash","Terror+1","Night Terror+1","Backstab+1","All Out Attack+1","Bullet Time+1","Finisher","Footwork+1","Calculated Gamble+1","Bite","Bite","Bite","Bite","Bite","Prepared","Heel Hook+1","Infinite Blades+1","Malaise+1","Underhanded Strike+1","Madness","Madness","Blade Dance+1","Poisoned Stab","Distraction+1","Tactician+1","Pain","Tactician+1","Poisoned Stab+1","Slice"],"relics":["Ring of the Snake","Mango","Bottled Lightning","Anchor","Tough Bandages","Cursed Key","Matryoshka","FaceOfCleric","HornCleat","Paper Crane","Pen Nib","Bag of Preparation","Busted Crown","Bronze Scales","Strawberry","Tingsha","Girya","War Paint"],"acts_visited":["Exordium","TheCity","TheBeyond"],"potions_floor_usage":[33,33,33,39,44,50,50],"damage_taken":[{"damage":7,"enemies":"Cultist","floor":1,"turns":5},{"damage":1,"enemies":"Jaw Worm","floor":3,"turns":4},{"damage":0,"enemies":"2 Louse","floor":4,"turns":3},{"damage":4,"enemies":"Red Slaver","floor":5,"turns":4},{"damage":5,"enemies":"2 Fungi Beasts","floor":7,"turns":7},{"damage":0,"enemies":"Large Slime","floor":11,"turns":2},{"damage":1,"enemies":"Slime Boss","floor":16,"turns":6},{"damage":0,"enemies":"Shell Parasite","floor":18,"turns":2},{"damage":5,"enemies":"2 Thieves","floor":19,"turns":2},{"damage":21,"enemies":"Shelled Parasite and Fungi","floor":20,"turns":5},{"damage":0,"enemies":"Snecko","floor":27,"turns":2},{"damage":0,"enemies":"Snake Plant","floor":29,"turns":2},{"damage":32,"enemies":"Collector","floor":33,"turns":6},{"damage":17,"enemies":"3 Shapes","floor":35,"turns":4},{"damage":13,"enemies":"3 Darklings","floor":37,"turns":6},{"damage":0,"enemies":"Jaw Worm Horde","floor":38,"turns":5},{"damage":0,"enemies":"Maw","floor":39,"turns":6},{"damage":10,"enemies":"3 Darklings","floor":41,"turns":4},{"damage":6,"enemies":"Mind Bloom Boss Battle","floor":44,"turns":5},{"damage":13,"enemies":"Nemesis","floor":46,"turns":7},{"damage":25,"enemies":"Spire Growth","floor":48,"turns":4},{"damage":54,"enemies":"Time Eater","floor":50,"turns":8}],"seed_played":"-432484282813580456","potions_obtained":[{"floor":7,"key":"CunningPotion"},{"floor":11,"key":"PowerPotion"},{"floor":16,"key":"FearPotion"},{"floor":19,"key":"SneckoOil"},{"floor":37,"key":"SteroidPotion"},{"floor":39,"key":"PowerPotion"},{"floor":41,"key":"Regen Potion"},{"floor":48,"key":"CultistPotion"}],"is_trial":false,"path_per_floor":["M","T","M","M","M","R","M","R","T","R","M","?","T","?","R","B",null,"M","M","M","T","?","R","?","R","T","M","R","M","$","?","R","B",null,"M","?","M","M","M","R","M","R","T","?","$","E","?","M","R","B"],"character_chosen":"THE_SILENT","items_purchased":["Pen Nib","Bag of Preparation","Girya"],"campfire_rested":0,"item_purchase_floors":[30,30,45],"current_hp_per_floor":[63,77,76,76,72,72,67,67,67,67,67,60,60,60,60,59,84,84,79,58,58,58,58,58,58,58,59,59,60,57,57,57,34,58,46,39,37,46,55,55,52,52,59,71,71,64,64,44,44,0,0],"gold":134,"neow_bonus":"ONE_RANDOM_RARE_CARD","is_daily":false,"chose_seed":false,"campfire_upgraded":10,"win_rate":0.0,"timestamp":1608679886,"path_taken":["M","?","M","?","M","R","M","R","T","R","M","?","?","?","R","BOSS","M","M","M","?","?","R","?","R","T","?","R","M","?","?","R","BOSS","M","?","M","M","M","R","M","R","T","?","$","E","?","?","R","BOSS"],"items_purchased_type":["Relic","Relic","Relic"],"build_version":"2020-12-13","purchased_purges":2,"victory":false,"max_hp_per_floor":[70,84,84,84,84,84,84,84,84,84,84,84,84,84,84,84,84,84,84,84,84,58,58,58,58,58,59,59,60,57,57,57,58,58,59,59,60,61,62,62,63,63,70,71,71,72,72,73,73,73,73],"card_choices":[{"not_picked":["PiercingWail","Sucker Punch"],"picked":"Deadly Poison","floor":1},{"not_picked":["Deflect","Sucker Punch"],"picked":"Quick Slash","floor":3},{"not_picked":["Poisoned Stab","Expertise"],"picked":"Terror","floor":4},{"not_picked":["Finisher","Flechettes"],"picked":"Night Terror","floor":5},{"not_picked":["PiercingWail","Underhanded Strike"],"picked":"Backstab","floor":7},{"not_picked":["Heel Hook","Blade Dance"],"picked":"All Out Attack","floor":11},{"not_picked":["Malaise","Glass Knife"],"picked":"Bullet Time","floor":16},{"not_picked":["Blade Dance","Reflex"],"picked":"Finisher","floor":18},{"not_picked":["Sucker Punch","Prepared+1"],"picked":"Footwork","floor":19},{"not_picked":["Reflex","Outmaneuver"],"picked":"Calculated Gamble+1","floor":20},{"not_picked":["Sucker Punch","Dodge and Roll"],"picked":"Prepared","floor":27},{"not_picked":["Dagger Throw+1","Blur"],"picked":"Heel Hook+1","floor":29},{"not_picked":["Doppelganger","Bullet Time"],"picked":"Malaise","floor":33},{"not_picked":[],"picked":"Underhanded Strike+1","floor":35},{"not_picked":[],"picked":"Blade Dance+1","floor":37},{"not_picked":[],"picked":"Poisoned Stab","floor":38},{"not_picked":[],"picked":"Distraction+1","floor":39},{"not_picked":[],"picked":"Tactician","floor":41},{"not_picked":[],"picked":"Tactician+1","floor":44},{"not_picked":[],"picked":"Poisoned Stab+1","floor":46},{"not_picked":[],"picked":"Slice","floor":48}],"player_experience":21582,"relics_obtained":[{"floor":2,"key":"Mango"},{"floor":9,"key":"Bottled Lightning"},{"floor":13,"key":"Anchor"},{"floor":21,"key":"Matryoshka"},{"floor":26,"key":"HornCleat"},{"floor":26,"key":"Paper Crane"},{"floor":43,"key":"Bronze Scales"},{"floor":43,"key":"Strawberry"},{"floor":44,"key":"Tingsha"},{"floor":46,"key":"War Paint"}],"event_choices":[{"cards_removed":["Strike_G"],"damage_healed":0,"gold_gain":0,"player_choice":"Card Removal","damage_taken":7,"max_hp_gain":0,"max_hp_loss":0,"event_name":"Golden Wing","floor":12,"gold_loss":0},{"damage_healed":0,"gold_gain":0,"player_choice":"Gave Potion","damage_taken":0,"relics_obtained":["Tough Bandages"],"max_hp_gain":0,"max_hp_loss":0,"event_name":"WeMeetAgain","floor":14,"gold_loss":0},{"damage_healed":0,"gold_gain":0,"player_choice":"Became a vampire","damage_taken":0,"max_hp_gain":0,"max_hp_loss":26,"event_name":"Vampires","floor":22,"gold_loss":0,"cards_obtained":["Bite","Bite","Bite","Bite","Bite"]},{"damage_healed":0,"gold_gain":0,"player_choice":"Trade","damage_taken":0,"relics_obtained":["FaceOfCleric"],"max_hp_gain":0,"max_hp_loss":0,"event_name":"FaceTrader","floor":24,"gold_loss":0},{"damage_healed":0,"gold_gain":0,"player_choice":"Read","damage_taken":0,"max_hp_gain":0,"max_hp_loss":0,"event_name":"The Library","floor":31,"gold_loss":0,"cards_obtained":["Infinite Blades"]},{"damage_healed":0,"gold_gain":0,"player_choice":"Embrace Madness","damage_taken":7,"max_hp_gain":0,"max_hp_loss":0,"event_name":"Winding Halls","floor":36,"gold_loss":0,"cards_obtained":["Madness","Madness"]},{"damage_healed":0,"gold_gain":0,"player_choice":"Fight","damage_taken":0,"max_hp_gain":0,"max_hp_loss":0,"event_name":"MindBloom","floor":44,"gold_loss":0},{"cards_removed":["Survivor"],"damage_healed":0,"gold_gain":0,"player_choice":"Removed Skill","damage_taken":0,"max_hp_gain":0,"max_hp_loss":0,"event_name":"Falling","floor":47,"gold_loss":0}],"is_beta":false,"boss_relics":[{"not_picked":["Fusion Hammer","HoveringKite"],"picked":"Cursed Key"},{"not_picked":["Black Star","Snecko Eye"],"picked":"Busted Crown"}],"items_purged_floors":[30,45],"is_endless":false,"potions_floor_spawned":[7,11,16,19,20,27,37,39,41,48],"killed_by":"Time Eater","ascension_level":0}}