{"host":"ue7jlgf7uv134an9","time":1608619459,"event":{"mods":["BaseMod","Better Third Choice","Defuse TimeMaze Blight","Minty Spire (QoL Compilation)","Quick Restart","Rare Cards Sparkle","Relic Stats","StSLib","UnlockEverythingMod"],"gold_per_floor":[18,18,33,51,51,90,15,29,53,76,95,114,79,93,93,93,93],"floor_reached":16,"playtime":772,"items_purged":["Concentrate"],"score":212,"play_id":"bbf77d4d-466d-4198-bee4-c5c1e281c86b","local_time":"20201222014419","is_ascension_mode":true,"campfire_choices":[{"floor":15,"key":"REST"}],"circlet_count":0,"master_deck":["AscendersBane","Strike_G","Strike_G","Strike_G","Strike_G","Defend_G","Defend_G","Defend_G","Defend_G","Defend_G","Survivor","Neutralize","Predator","Masterful Stab","Sucker Punch","Bouncing Flask","Cloak And Dagger","Backflip","PiercingWail","Well Laid Plans"],"relics":["Ring of the Snake","CaptainsWheel","Golden Idol","Nunchaku","Anchor"],"acts_visited":["Exordium"],"potions_floor_usage":[6,6,11],"damage_taken":[{"damage":0,"enemies":"Jaw Worm","floor":1,"turns":5},{"damage":4,"enemies":"Cultist","floor":3,"turns":3},{"damage":4,"enemies":"Small Slimes","floor":4,"turns":3},{"damage":19,"enemies":"3 Sentries","floor":6,"turns":13},{"damage":1,"enemies":"Blue Slaver","floor":8,"turns":4},{"damage":2,"enemies":"3 Louse","floor":10,"turns":3},{"damage":1,"enemies":"Lots of Slimes","floor":11,"turns":4},{"damage":0,"enemies":"Exordium Wildlife","floor":12,"turns":4},{"damage":0,"enemies":"Gremlin Gang","floor":14,"turns":4},{"damage":43,"enemies":"Slime Boss","floor":16,"turns":8}],"seed_played":"-7751308555388501691","potions_obtained":[{"floor":1,"key":"SpeedPotion"},{"floor":3,"key":"Block Potion"},{"floor":6,"key":"AttackPotion"},{"floor":12,"key":"LiquidBronze"}],"is_trial":false,"path_per_floor":["M","?","M","M","?","E","$","M","T","M","M","M","?","M","R","B"],"character_chosen":"THE_SILENT","items_purchased":[],"campfire_rested":1,"item_purchase_floors":[],"current_hp_per_floor":[59,36,32,28,28,9,9,8,8,6,5,5,21,21,40,0,0],"gold":93,"neow_bonus":"ONE_RARE_RELIC","is_daily":false,"chose_seed":false,"campfire_upgraded":0,"win_rate":0.0,"timestamp":1608619459,"path_taken":["M","?","M","M","?","E","$","M","T","M","M","?","?","M","R","BOSS"],"items_purchased_type":[],"build_version":"2020-12-13","purchased_purges":1,"victory":false,"max_hp_per_floor":[66,66,66,66,66,66,66,66,66,66,66,66,66,66,66,66,66],"relic_stats":{"Nunchaku":[5],"counters":[10,51],"Golden Idol":34,"obtain_stats":[{"CaptainsWheel":0,"Nunchaku":6,"Anchor":9,"Golden Idol":2,"Ring of the Snake":0},{"CaptainsWheel":0,"Nunchaku":4,"Anchor":5,"Golden Idol":1,"Ring of the Snake":0},{"CaptainsWheel":0,"Nunchaku":24,"Anchor":28,"Golden Idol":5,"Ring of the Snake":0}],"Ring of the Snake":[20]},"card_choices":[{"not_picked":["Bouncing Flask","Blade Dance"],"picked":"Predator","floor":1},{"not_picked":["Endless Agony","Flying Knee"],"picked":"Masterful Stab","floor":3},{"not_picked":["Acrobatics","Prepared"],"picked":"Sucker Punch","floor":4},{"not_picked":["Infinite Blades","Underhanded Strike"],"picked":"Bouncing Flask","floor":6},{"not_picked":["Backflip","Deflect"],"picked":"Cloak And Dagger","floor":8},{"not_picked":["Dagger Throw","Blade Dance"],"picked":"Backflip","floor":10},{"not_picked":["Sucker Punch","Expertise","Grand Finale"],"picked":"SKIP","floor":11},{"not_picked":["Blade Dance","Outmaneuver"],"picked":"PiercingWail","floor":12},{"not_picked":["Dodge and Roll","Acrobatics"],"picked":"Well Laid Plans","floor":14}],"player_experience":20924,"relics_obtained":[{"floor":6,"key":"Nunchaku"},{"floor":9,"key":"Anchor"}],"event_choices":[{"damage_healed":0,"gold_gain":0,"player_choice":"Take Damage","damage_taken":23,"relics_obtained":["Golden Idol"],"max_hp_gain":0,"max_hp_loss":0,"event_name":"Golden Idol","floor":2,"gold_loss":0},{"damage_healed":0,"gold_gain":0,"cards_transformed":["Strike_G"],"player_choice":"Transformed","damage_taken":0,"max_hp_gain":0,"max_hp_loss":0,"event_name":"Transmorgrifier","floor":5,"gold_loss":0,"cards_obtained":["Concentrate"]},{"damage_healed":16,"gold_gain":0,"player_choice":"Healed","damage_taken":0,"max_hp_gain":0,"max_hp_loss":0,"event_name":"The Cleric","floor":13,"gold_loss":35}],"is_beta":false,"boss_relics":[],"items_purged_floors":[7],"is_endless":false,"potions_floor_spawned":[1,3,6,12],"killed_by":"Slime Boss","ascension_level":20}}