{"host":"684z1xpuwaoqmmh1","time":1608656525,"event":{"mods":["BaseMod","Downfall","Hermit","Jorbs\u0027s Wanderer Trilogy","Marisa????????","Minty Spire (QoL Compilation)","StSLib","The Hierophant","The Mystic"],"gold_per_floor":[114,114,114,126,138,168,168,195,241,241,261,261,293,313,313,417,417,430,442,442,442,462,462,492,512,512,512,512,525,204,234,234,339,339,366,392,404,450,476,476,503,503,550,550,550,261,261,273,273,273,273,273,18,83,83],"floor_reached":56,"playtime":3445,"items_purged":["hermit:Strike_Hermit"],"score":1542,"play_id":"def787ac-8540-4236-9f8e-f7f309d711e5","local_time":"20201222190204","is_ascension_mode":true,"campfire_choices":[{"floor":7,"key":"REST"},{"data":"hermit:Adapt","floor":12,"key":"SMITH"},{"data":"hermit:FatalDesire","floor":15,"key":"SMITH"},{"data":"hermit:FinalCanter","floor":23,"key":"SMITH"},{"data":"hermit:FinalCanter","floor":27,"key":"SMITH"},{"data":"hermit:Showdown","floor":32,"key":"SMITH"},{"floor":40,"key":"REST"},{"floor":42,"key":"REST"},{"floor":45,"key":"RECALL"},{"floor":49,"key":"REST"},{"floor":52,"key":"REST"}],"circlet_count":0,"master_deck":["hermit:Strike_Hermit","hermit:Strike_Hermit","hermit:Strike_Hermit","hermit:Defend_Hermit","hermit:Defend_Hermit","hermit:Defend_Hermit","hermit:Defend_Hermit","hermit:Snapshot","hermit:Covet+1","hermit:FatalDesire+1","hermit:Enervate","Regret","hermit:Showdown+1","hermit:Adapt+1","hermit:FinalCanter+1","Parasite","hermit:Ricochet","hermit:FinalCanter+1","hermit:Brawl+1","hermit:Quickdraw+1","hermit:GhostlyPresence","hermit:BodyArmor+1","hermit:SprayPray+1","hermit:BlackWind+1","hermit:DeadOrAlive+1","hermit:ShadowCloak+1","hermit:FromBeyond","hermit:TakeAim","expansioncontent:DonusPower","hermit:ShadowCloak","hermit:Deadeye+1","hermit:Combo","hermit:Grudge+1","hermit:OverwhelmingPower"],"relics":["hermit:Momento","Blue Candle","Pen Nib","Tiny Chest","hexamod:BolsterEngine","Pantograph","sneckomod:SneckoTalon","Boot","PreservedInsect","Guardian:PocketSentry","Shuriken","Molten Egg 2","Fusion Hammer","CatCart","Bronze Scales","Lee\u0027s Waffle","Oddly Smooth Stone","Anchor"],"acts_visited":["Exordium","TheCity","TheBeyond","TheEnding"],"potions_floor_usage":[6,11,24,31,36,38,50,55,55,55],"damage_taken":[{"damage":6,"enemies":"Cultist","floor":1,"turns":4},{"damage":0,"enemies":"Small Slimes","floor":4,"turns":3},{"damage":8,"enemies":"2 Louse","floor":5,"turns":3},{"damage":18,"enemies":"Gremlin Nob","floor":6,"turns":3},{"damage":5,"enemies":"Lagavulin","floor":8,"turns":7},{"damage":7,"enemies":"Exordium Wildlife","floor":11,"turns":3},{"damage":14,"enemies":"3 Sentries","floor":13,"turns":6},{"damage":0,"enemies":"2 Fungi Beasts","floor":14,"turns":2},{"damage":18,"enemies":"Slime Boss","floor":16,"turns":6},{"damage":1,"enemies":"Chosen","floor":18,"turns":3},{"damage":1,"enemies":"3 Byrds","floor":19,"turns":4},{"damage":1,"enemies":"Sentry and Sphere","floor":22,"turns":3},{"damage":2,"enemies":"Book of Stabbing","floor":24,"turns":4},{"damage":4,"enemies":"Centurion and Healer","floor":25,"turns":4},{"damage":0,"enemies":"Cultist and Chosen","floor":29,"turns":4},{"damage":15,"enemies":"Gremlin Leader","floor":31,"turns":4},{"damage":7,"enemies":"Collector","floor":33,"turns":10},{"damage":3,"enemies":"3 Darklings","floor":35,"turns":5},{"damage":20,"enemies":"3 Shapes","floor":36,"turns":4},{"damage":1,"enemies":"Transient","floor":37,"turns":5},{"damage":48,"enemies":"Orin","floor":38,"turns":9},{"damage":23,"enemies":"Sphere and 2 Shapes","floor":41,"turns":4},{"damage":25,"enemies":"Spire Growth","floor":48,"turns":5},{"damage":45,"enemies":"Donu and Deca","floor":50,"turns":7},{"damage":46,"enemies":"Shield and Spear","floor":54,"turns":6},{"damage":123,"enemies":"The Heart","floor":55,"turns":9}],"seed_played":"8977748550604606434","potions_obtained":[{"floor":4,"key":"Fire Potion"},{"floor":6,"key":"Explosive Potion"},{"floor":11,"key":"Dexterity Potion"},{"floor":13,"key":"sneckomod:MuddlingPotion"},{"floor":18,"key":"SteroidPotion"},{"floor":19,"key":"hermit:Tonic"},{"floor":29,"key":"EssenceOfSteel"},{"floor":31,"key":"Regen Potion"},{"floor":38,"key":"sneckomod:MuddlingPotion"},{"floor":41,"key":"Regen Potion"},{"floor":48,"key":"PowerPotion"},{"floor":54,"key":"GamblersBrew"}],"is_trial":false,"path_per_floor":["M","?","?","M","M","E","R","E","T","?","M","R","E","M","R","B",null,"M","M","?","T","M","R","E","M","T","R","?","M","$","E","R","B",null,"M","M","M","?","T","R","M","R","T","?","R","$","?","M","R","B",null,"R","$","E","B",null],"character_chosen":"HERMIT","items_purchased":["Shuriken","Lee\u0027s Waffle","hermit:ShadowCloak","hermit:Deadeye+1","Oddly Smooth Stone","hermit:Combo","hermit:Grudge+1"],"campfire_rested":5,"item_purchase_floors":[30,46,46,46,53,53,53],"current_hp_per_floor":[62,55,55,55,47,29,51,46,46,64,57,57,43,43,43,50,69,68,67,67,67,66,66,64,60,60,60,60,60,60,45,45,63,72,69,49,48,15,15,37,14,36,36,36,36,82,78,53,76,48,71,78,78,32,5],"gold":83,"neow_bonus":"THREE_RARE_CARDS","is_daily":false,"chose_seed":false,"campfire_upgraded":5,"win_rate":0.0,"timestamp":1608656524,"path_taken":["M","?","?","M","M","E","R","E","T","?","M","R","E","?","R","BOSS","M","M","?","?","M","R","E","M","T","R","?","?","$","E","R","BOSS","M","M","M","?","?","R","M","R","T","?","R","$","?","?","R","BOSS","R","$","E","BOSS"],"items_purchased_type":["Relic","Relic","Card","Card","Relic","Card","Card"],"build_version":"2020-12-13","purchased_purges":1,"victory":true,"max_hp_per_floor":[75,75,75,75,75,75,75,75,75,75,75,75,75,75,75,75,75,75,75,75,75,75,75,75,75,75,75,75,75,75,75,75,75,75,75,75,75,75,75,75,75,75,75,75,75,82,78,78,78,78,78,78,78,78,78],"card_choices":[{"not_picked":["hermit:Magnum","hermit:HighNoon"],"picked":"hermit:FatalDesire","floor":0},{"not_picked":["hermit:HighCaliber","hermit:Quickdraw"],"picked":"hermit:Enervate","floor":1},{"not_picked":["hermit:Horror","hermit:WideOpen"],"picked":"hermit:Showdown","floor":4},{"not_picked":["hermit:Coalescence","hermit:HighCaliber","hermit:BodyArmor"],"picked":"SKIP","floor":5},{"not_picked":["hermit:Malice","hermit:Determination"],"picked":"hermit:Adapt","floor":6},{"not_picked":["hermit:HoleUp","hermit:Vantage"],"picked":"hermit:FinalCanter","floor":8},{"not_picked":["hermit:LoneWolf","hermit:Roulette","hermit:Vantage"],"picked":"SKIP","floor":11},{"not_picked":["hermit:LuckOfTheDraw","hermit:Snipe"],"picked":"hermit:Ricochet","floor":13},{"not_picked":["hermit:Coalescence","hermit:Roulette","hermit:Desperado"],"picked":"SKIP","floor":14},{"not_picked":["hermit:HighNoon","hermit:HeroicBravado"],"picked":"hermit:FinalCanter","floor":16},{"not_picked":["hermit:Grudge","hermit:LowProfile+1"],"picked":"hermit:Brawl+1","floor":18},{"not_picked":["hermit:Desperado","hermit:Manifest"],"picked":"hermit:Quickdraw+1","floor":19},{"not_picked":["hermit:WideOpen","hermit:Roulette"],"picked":"hermit:BodyArmor+1","floor":22},{"not_picked":["hermit:Desperado+1","hermit:Headshot","hermit:Maintenance"],"picked":"SKIP","floor":24},{"not_picked":["hermit:NoHoldsBarred+1","hermit:Quickdraw"],"picked":"hermit:SprayPray+1","floor":25},{"not_picked":["hermit:Desperado","hermit:EternalForm","hermit:WideOpen"],"picked":"SKIP","floor":29},{"not_picked":["hermit:WideOpen+1","hermit:Virtue"],"picked":"hermit:BlackWind+1","floor":31},{"not_picked":["hermit:Purgatory+1","hermit:EternalForm"],"picked":"hermit:DeadOrAlive+1","floor":33},{"not_picked":["hermit:Vantage","hermit:LuckOfTheDraw","hermit:ItchyTrigger+1"],"picked":"SKIP","floor":35},{"not_picked":["hermit:Desperado+1","hermit:TakeAim"],"picked":"hermit:ShadowCloak+1","floor":36},{"not_picked":["hermit:Ricochet+1","hermit:HighCaliber+1","hermit:Horror"],"picked":"SKIP","floor":37},{"not_picked":["hermit:Ricochet+1","hermit:HoleUp+1"],"picked":"hermit:FromBeyond","floor":38},{"not_picked":["hermit:EyeOfTheStorm","hermit:Snipe+1"],"picked":"hermit:TakeAim","floor":41},{"not_picked":["Magnetism","Finesse"],"picked":"expansioncontent:DonusPower","floor":44},{"not_picked":["hermit:Cheat","hermit:BodyArmor","hermit:Feint+1"],"picked":"SKIP","floor":48},{"not_picked":["hermit:ItchyTrigger+1","hermit:BodyArmor+1"],"picked":"hermit:OverwhelmingPower","floor":54}],"player_experience":2373624,"relics_obtained":[{"floor":6,"key":"Pen Nib"},{"floor":8,"key":"Tiny Chest"},{"floor":9,"key":"hexamod:BolsterEngine"},{"floor":13,"key":"Pantograph"},{"floor":21,"key":"Boot"},{"floor":24,"key":"PreservedInsect"},{"floor":26,"key":"Guardian:PocketSentry"},{"floor":31,"key":"Molten Egg 2"},{"floor":38,"key":"CatCart"},{"floor":39,"key":"Bronze Scales"},{"floor":54,"key":"Anchor"}],"event_choices":[{"cards_removed":["Normality"],"damage_healed":0,"gold_gain":0,"player_choice":"Card Removal","damage_taken":7,"max_hp_gain":0,"max_hp_loss":0,"event_name":"Golden Wing","floor":2,"gold_loss":0},{"damage_healed":0,"gold_gain":0,"player_choice":"Box","damage_taken":0,"relics_obtained":["Blue Candle"],"max_hp_gain":0,"max_hp_loss":0,"event_name":"Big Fish","floor":3,"gold_loss":0,"cards_obtained":["Regret"]},{"damage_healed":18,"gold_gain":0,"player_choice":"Healed and dodged fight","damage_taken":0,"max_hp_gain":0,"max_hp_loss":0,"event_name":"Mushrooms","floor":10,"gold_loss":0,"cards_obtained":["Parasite"]},{"damage_healed":0,"gold_gain":0,"player_choice":"Read","damage_taken":0,"max_hp_gain":0,"max_hp_loss":0,"event_name":"The Library","floor":20,"gold_loss":0,"cards_obtained":["hermit:GhostlyPresence"]},{"damage_healed":0,"gold_gain":0,"player_choice":"Upgraded","damage_taken":0,"max_hp_gain":0,"max_hp_loss":0,"event_name":"Upgrade Shrine","floor":28,"gold_loss":0,"cards_upgraded":["hermit:Covet"]},{"damage_healed":0,"gold_gain":0,"player_choice":"Fight","damage_taken":0,"max_hp_gain":0,"max_hp_loss":0,"event_name":"OrinTheCat","floor":38,"gold_loss":0},{"damage_healed":0,"gold_gain":0,"player_choice":"Memory 1","damage_taken":0,"max_hp_gain":0,"max_hp_loss":0,"event_name":"SensoryStone","floor":44,"gold_loss":0},{"damage_healed":0,"gold_gain":0,"player_choice":"Max HP","damage_taken":0,"max_hp_gain":0,"max_hp_loss":4,"event_name":"Winding Halls","floor":47,"gold_loss":0}],"is_beta":false,"boss_relics":[{"not_picked":["hermit:DentedPlate","Runic Pyramid"],"picked":"sneckomod:SneckoTalon"},{"not_picked":["Velvet Choker","Coffee Dripper"],"picked":"Fusion Hammer"}],"items_purged_floors":[30],"is_endless":false,"potions_floor_spawned":[4,6,11,13,18,19,22,29,31,38,41,48,54],"ascension_level":8}}