{"host":"b4t5srwuttsyeojd","time":1608608139,"event":{"mods":["Act Like it!","BaseMod","Hallownest","Minty Spire (QoL Compilation)","StSLib","The Bug Knight","The Hierophant","everything is the same but u backflip on backflip","Åy?ï®?îvÅzREMEMod"],"gold_per_floor":[113,63,114,114,132,158,176,26,26,60,60,79,79,94,94,189,189,208,208,208,226,0,0,0],"floor_reached":23,"playtime":802,"items_purged":["HollowMod:QuickDashStart"],"score":224,"play_id":"ae321677-c4b7-411b-895c-905c495ee369","local_time":"20201221193539","is_ascension_mode":false,"campfire_choices":[{"data":"HollowMod:FocusHealStart","floor":11,"key":"SMITH"},{"data":"HollowMod:MothsMistake","floor":13,"key":"SMITH"},{"floor":15,"key":"REST"}],"circlet_count":0,"master_deck":["HollowMod:NailStrikeStart","HollowMod:NailStrikeStart","HollowMod:NailStrikeStart","HollowMod:NailStrikeStart","HollowMod:QuickDashStart","HollowMod:QuickDashStart","HollowMod:FocusHealStart+1","HollowMod:PogoStrike","HollowMod:InfectedCysts+1","HollowMod:CloakDash","HollowMod:HowlingWraiths","HollowMod:InfectedAttack","HollowMod:MothsMistake+1","Bandage Up","Finesse+1"],"relics":["HollowMod:VesselMask","REME_ComplimentaryCards","NeowsBlessing","HollowMod:StagPassRelic","Unceasing Top","REME_LowDesire","REME_HandOfSuture","Omamori","Nloth\u0027s Gift","Toolbox"],"acts_visited":["Exordium","TheCity"],"potions_floor_usage":[10,16],"damage_taken":[{"damage":0,"enemies":"Jaw Worm","floor":1,"turns":1},{"damage":0,"enemies":"Small Slimes","floor":5,"turns":1},{"damage":0,"enemies":"Lagavulin","floor":6,"turns":1},{"damage":2,"enemies":"Cultist","floor":7,"turns":2},{"damage":30,"enemies":"3 Sentries","floor":10,"turns":5},{"damage":12,"enemies":"Exordium Wildlife","floor":12,"turns":3},{"damage":6,"enemies":"Large Slime","floor":14,"turns":4},{"damage":61,"enemies":"HollowMod:FalseKnight","floor":16,"turns":6},{"damage":54,"enemies":"Spheric Guardian","floor":18,"turns":5},{"damage":19,"enemies":"3 Byrds","floor":21,"turns":4},{"damage":37,"enemies":"Slavers","floor":23,"turns":2}],"seed_played":"8277858312860923709","potions_obtained":[{"floor":5,"key":"ColorlessPotion"},{"floor":12,"key":"EssenceOfSteel"}],"is_trial":false,"path_per_floor":["M","?","?","?","M","E","M","?","T","E","R","M","R","M","R","B",null,"M","?","?","M","$","E"],"character_chosen":"THE_BUGKNIGHT","items_purchased":["Toolbox"],"campfire_rested":1,"item_purchase_floors":[22],"current_hp_per_floor":[75,75,75,75,75,75,73,73,73,49,49,43,43,43,65,10,75,31,31,31,16,16,0,0],"gold":0,"neow_bonus":"THREE_ENEMY_KILL","is_daily":false,"chose_seed":false,"campfire_upgraded":2,"win_rate":0.0,"timestamp":1608608139,"path_taken":["M","?","?","?","M","E","?","?","T","E","R","M","R","M","R","BOSS","M","?","?","M","$","E"],"items_purchased_type":["Relic"],"build_version":"2020-12-13","purchased_purges":1,"victory":false,"max_hp_per_floor":[75,75,75,75,75,75,75,75,75,75,75,75,75,75,75,75,75,75,75,75,75,75,75,75],"card_choices":[{"not_picked":["HollowMod:HowlingWraiths","HollowMod:BrokenVessel"],"picked":"HollowMod:InfectedCysts","floor":1},{"not_picked":["HollowMod:GoodIntentions","HollowMod:SoulSplash","HollowMod:CornifersMapStart"],"picked":"SKIP","floor":5},{"not_picked":["HollowMod:VengefulVoid","HollowMod:HeavyBlow"],"picked":"HollowMod:CloakDash","floor":6},{"not_picked":["HollowMod:DescendingDark","HollowMod:SoulStrike"],"picked":"HollowMod:HowlingWraiths","floor":7},{"not_picked":["HollowMod:GreatSlash","HollowMod:SlysStrikes"],"picked":"HollowMod:InfectedAttack","floor":10},{"not_picked":["HollowMod:WraithStrike","HollowMod:MonarchWings"],"picked":"HollowMod:MothsMistake","floor":12},{"not_picked":["HollowMod:DesolateDive","HollowMod:DescendingDark","HollowMod:CrystalDash"],"picked":"SKIP","floor":14},{"not_picked":["HollowMod:DungDefenderAura","HollowMod:FallenFury","HollowMod:InfectedAttack"],"picked":"Bandage Up","floor":18},{"not_picked":["HollowMod:HerrahsAnger","HollowMod:SoulSplash+1","HollowMod:SharpenedNail+1"],"picked":"Finesse+1","floor":21}],"player_experience":522308,"relics_obtained":[{"floor":6,"key":"Sundial"},{"floor":10,"key":"Unceasing Top"},{"floor":17,"key":"REME_HandOfSuture"},{"floor":17,"key":"Omamori"}],"event_choices":[{"cards_removed":["HollowMod:QuickDashStart"],"damage_healed":0,"gold_gain":0,"player_choice":"Card Removal","damage_taken":0,"max_hp_gain":0,"max_hp_loss":0,"event_name":"The Cleric","floor":2,"gold_loss":50},{"damage_healed":0,"gold_gain":51,"player_choice":"Gained Gold","damage_taken":0,"max_hp_gain":0,"max_hp_loss":0,"event_name":"Golden Wing","floor":3,"gold_loss":0},{"damage_healed":0,"gold_gain":0,"player_choice":"Upgraded","damage_taken":0,"max_hp_gain":0,"max_hp_loss":0,"event_name":"Upgrade Shrine","floor":4,"gold_loss":0,"cards_upgraded":["HollowMod:InfectedCysts"]},{"damage_healed":0,"gold_gain":0,"player_choice":"Ignored","damage_taken":0,"max_hp_gain":0,"max_hp_loss":0,"event_name":"Ghosts","floor":19,"gold_loss":0},{"damage_healed":0,"gold_gain":0,"player_choice":"Traded Relic","damage_taken":0,"relics_obtained":["Nloth\u0027s Gift"],"max_hp_gain":0,"max_hp_loss":0,"event_name":"N\u0027loth","floor":20,"relics_lost":["Sundial"],"gold_loss":0}],"is_beta":false,"boss_relics":[{"not_picked":["Astrolabe","Runic Pyramid"],"picked":"REME_LowDesire"}],"items_purged_floors":[22],"is_endless":false,"potions_floor_spawned":[5,12],"killed_by":"Slavers","ascension_level":0}}