{"host":"1a32ffxog1zcqoh0","time":1608624488,"event":{"mods":["BaseMod","Block Reminder","Colored Map","Colored Powertips","Googly Eyes","Minty Spire (QoL Compilation)","Quick Restart","Rare Cards Sparkle","Relic Stats","StSLib","Unceasing Turn Reminder","everything is the same but u backflip on backflip","slay the spire mod where everything is the same but ironclad has a cowboy hat"],"gold_per_floor":[119,119,219,235,410,441,441,406,486,499,499,499,540,554,554,677,677,692,692,717,717,741,777,777,72,118,152,177,177,220,235,235,355,355,374,389,452,512,845,845,863,863,943,943,971,971,971],"floor_reached":46,"playtime":2606,"items_purged":["Doubt"],"score":811,"play_id":"d38c0691-ce85-4e51-a55d-e060a95f4b05","local_time":"20201222030808","is_ascension_mode":true,"campfire_choices":[{"data":"Dagger Throw","floor":12,"key":"SMITH"},{"data":"Blade Dance","floor":15,"key":"SMITH"},{"floor":24,"key":"REST"},{"floor":32,"key":"REST"},{"floor":40,"key":"REST"},{"data":"Cloak And Dagger","floor":42,"key":"SMITH"}],"circlet_count":0,"master_deck":["Strike_G","Strike_G","Strike_G","Strike_G","Strike_G","Defend_G","Defend_G","Defend_G","Defend_G","Defend_G","Survivor","Neutralize","Finisher","Dagger Throw+1","Cloak And Dagger+1","Riddle With Holes","Blade Dance+1","Noxious Fumes","Phantasmal Killer","Poisoned Stab","Deadly Poison","Backflip","Footwork","Prepared","Predator","Footwork","Prepared+1","Flying Knee+1","Reflex","Blade Dance","Adrenaline","Underhanded Strike","Bane+1","Poisoned Stab","Blade Dance","Escape Plan","Reflex"],"relics":["Ring of the Snake","NeowsBlessing","Toy Ornithopter","Happy Flower","Ninja Scroll","Snake Skull","HoveringKite","MutagenicStrength","Bottled Lightning","Toolbox","Regal Pillow","Nunchaku","InkBottle","Bronze Scales","Black Star","Incense Burner","Peace Pipe","Molten Egg 2","Calipers"],"acts_visited":["Exordium","TheCity","TheBeyond"],"potions_floor_usage":[13,16,16,20,28,33,33,35,45,45,46],"damage_taken":[{"damage":0,"enemies":"Cultist","floor":1,"turns":1},{"damage":0,"enemies":"Jaw Worm","floor":4,"turns":1},{"damage":0,"enemies":"3 Sentries","floor":6,"turns":1},{"damage":0,"enemies":"Small Slimes","floor":10,"turns":3},{"damage":14,"enemies":"Lagavulin","floor":13,"turns":5},{"damage":0,"enemies":"3 Louse","floor":14,"turns":1},{"damage":12,"enemies":"The Guardian","floor":16,"turns":12},{"damage":0,"enemies":"3 Byrds","floor":18,"turns":5},{"damage":0,"enemies":"Shell Parasite","floor":20,"turns":2},{"damage":8,"enemies":"Snecko","floor":22,"turns":3},{"damage":39,"enemies":"Book of Stabbing","floor":23,"turns":4},{"damage":9,"enemies":"Slavers","floor":27,"turns":4},{"damage":0,"enemies":"Snake Plant","floor":28,"turns":1},{"damage":0,"enemies":"Gremlin Leader","floor":30,"turns":1},{"damage":0,"enemies":"Centurion and Healer","floor":31,"turns":1},{"damage":39,"enemies":"Champ","floor":33,"turns":7},{"damage":1,"enemies":"Orb Walker","floor":35,"turns":2},{"damage":10,"enemies":"3 Shapes","floor":36,"turns":1},{"damage":11,"enemies":"Mind Bloom Boss Battle","floor":37,"turns":3},{"damage":11,"enemies":"2 Orb Walkers","floor":38,"turns":4},{"damage":0,"enemies":"3 Darklings","floor":41,"turns":3},{"damage":37,"enemies":"Nemesis","floor":45,"turns":5},{"damage":57,"enemies":"Writhing Mass","floor":46,"turns":3}],"seed_played":"-5731733383708935518","potions_obtained":[{"floor":6,"key":"SneckoOil"},{"floor":10,"key":"SkillPotion"},{"floor":13,"key":"Swift Potion"},{"floor":18,"key":"DistilledChaos"},{"floor":22,"key":"Explosive Potion"},{"floor":31,"key":"SkillPotion"},{"floor":33,"key":"SteroidPotion"},{"floor":38,"key":"EssenceOfSteel"},{"floor":41,"key":"LiquidMemories"}],"is_trial":false,"path_per_floor":["M","?","?","M","?","E","?","?","T","M","?","R","E","M","R","B",null,"M","?","M","?","M","E","R","$","T","E","M","?","E","M","R","B",null,"M","M","?","?","?","R","M","R","T","?","E","M"],"character_chosen":"THE_SILENT","items_purchased":["Toolbox","Prepared","CultistPotion","DistilledChaos","Predator","Footwork","Regal Pillow"],"campfire_rested":3,"item_purchase_floors":[25,25,25,25,25,25,25],"current_hp_per_floor":[70,52,52,52,52,52,52,69,69,69,69,69,56,56,56,54,66,66,66,70,70,62,23,44,44,44,35,40,34,34,34,70,31,60,64,54,43,32,32,68,68,68,68,68,33,0,0],"gold":971,"neow_bonus":"THREE_ENEMY_KILL","is_daily":false,"chose_seed":false,"campfire_upgraded":3,"win_rate":0.0,"timestamp":1608624488,"path_taken":["M","?","?","?","?","E","?","?","T","M","?","R","E","M","R","BOSS","M","?","M","?","M","E","R","$","T","E","M","?","E","M","R","BOSS","M","?","?","?","?","R","M","R","T","?","E","M"],"items_purchased_type":["Relic","Card","Potion","Potion","Card","Card","Relic"],"build_version":"2020-12-13","purchased_purges":1,"victory":false,"max_hp_per_floor":[70,70,70,70,70,70,70,70,70,70,70,70,70,70,70,70,70,70,70,70,70,70,70,70,70,70,70,70,70,70,70,70,70,70,70,70,70,70,70,70,70,70,70,70,70,70,70],"relic_stats":{"Regal Pillow":30,"Happy Flower":[23],"counters":[23,73],"HoveringKite":[22],"Snake Skull":[38],"Peace Pipe":0,"Nunchaku":[18],"Bronze Scales":[70],"Black Star":1,"obtain_stats":[{"Regal Pillow":25,"Calipers":45,"NeowsBlessing":0,"Happy Flower":6,"Golden Idol":7,"HoveringKite":17,"Snake Skull":13,"Incense Burner":37,"Peace Pipe":38,"Nunchaku":26,"Ninja Scroll":9,"MutagenicStrength":19,"Bronze Scales":30,"Toolbox":25,"Molten Egg 2":45,"Black Star":34,"Bottled Lightning":23,"Toy Ornithopter":2,"InkBottle":27,"Ring of the Snake":0},{"Regal Pillow":11,"Calipers":22,"NeowsBlessing":0,"Happy Flower":3,"Golden Idol":3,"HoveringKite":7,"Snake Skull":5,"Incense Burner":19,"Peace Pipe":20,"Nunchaku":11,"Ninja Scroll":3,"MutagenicStrength":8,"Bronze Scales":14,"Toolbox":11,"Molten Egg 2":22,"Black Star":16,"Bottled Lightning":11,"Toy Ornithopter":1,"InkBottle":12,"Ring of the Snake":0},{"Regal Pillow":38,"Calipers":70,"NeowsBlessing":0,"Happy Flower":3,"Golden Idol":3,"HoveringKite":24,"Snake Skull":11,"Incense Burner":58,"Peace Pipe":62,"Nunchaku":38,"Ninja Scroll":3,"MutagenicStrength":29,"Bronze Scales":44,"Toolbox":38,"Molten Egg 2":70,"Black Star":52,"Bottled Lightning":38,"Toy Ornithopter":1,"InkBottle":42,"Ring of the Snake":0}],"Toy Ornithopter":32,"InkBottle":[25],"Ring of the Snake":[34]},"card_choices":[{"not_picked":["Deflect","Leg Sweep"],"picked":"Finisher","floor":1},{"not_picked":["PiercingWail","Slice"],"picked":"Dagger Throw","floor":4},{"not_picked":["Dagger Throw","Catalyst"],"picked":"Cloak And Dagger","floor":6},{"not_picked":["Outmaneuver","Crippling Poison"],"picked":"Riddle With Holes","floor":10},{"not_picked":["Flechettes","Backstab"],"picked":"Blade Dance","floor":13},{"not_picked":["Quick Slash","Distraction"],"picked":"Noxious Fumes","floor":14},{"not_picked":["Adrenaline","Glass Knife"],"picked":"Phantasmal Killer","floor":16},{"not_picked":["Deflect+1","Sucker Punch"],"picked":"Poisoned Stab","floor":18},{"not_picked":["Prepared","Slice+1"],"picked":"Deadly Poison","floor":20},{"not_picked":["Crippling Poison+1","Expertise"],"picked":"Backflip","floor":22},{"not_picked":["Deflect+1","Phantasmal Killer"],"picked":"Footwork","floor":23},{"not_picked":["Deflect","Footwork+1"],"picked":"Prepared+1","floor":27},{"not_picked":["Concentrate+1","Quick Slash"],"picked":"Flying Knee+1","floor":28},{"not_picked":["Cloak And Dagger","Deflect"],"picked":"Reflex","floor":30},{"not_picked":["Deadly Poison","Flying Knee"],"picked":"Blade Dance","floor":31},{"not_picked":["Night Terror","Corpse Explosion"],"picked":"Adrenaline","floor":33},{"not_picked":["Well Laid Plans+1","Expertise+1"],"picked":"Underhanded Strike","floor":35},{"not_picked":["Acrobatics","Flechettes+1"],"picked":"Bane+1","floor":36},{"not_picked":["Blade Dance","Backstab"],"picked":"Poisoned Stab","floor":37},{"not_picked":["Footwork","Deflect+1"],"picked":"Blade Dance","floor":38},{"not_picked":["Deadly Poison+1","Catalyst+1"],"picked":"Escape Plan","floor":41},{"not_picked":["Dash+1","Calculated Gamble+1"],"picked":"Reflex","floor":45}],"player_experience":248386,"relics_obtained":[{"floor":6,"key":"Happy Flower"},{"floor":9,"key":"Ninja Scroll"},{"floor":13,"key":"Snake Skull"},{"floor":23,"key":"Bottled Lightning"},{"floor":26,"key":"Nunchaku"},{"floor":27,"key":"InkBottle"},{"floor":30,"key":"Bronze Scales"},{"floor":37,"key":"Incense Burner"},{"floor":38,"key":"Peace Pipe"},{"floor":45,"key":"Molten Egg 2"},{"floor":45,"key":"Calipers"}],"event_choices":[{"damage_healed":0,"gold_gain":0,"player_choice":"Success","damage_taken":18,"relics_obtained":["Toy Ornithopter"],"max_hp_gain":0,"max_hp_loss":0,"event_name":"Scrap Ooze","floor":2,"gold_loss":0},{"damage_healed":0,"gold_gain":100,"player_choice":"Pray","damage_taken":0,"max_hp_gain":0,"max_hp_loss":0,"event_name":"Golden Shrine","floor":3,"gold_loss":0},{"damage_healed":0,"gold_gain":175,"player_choice":"AGREE","damage_taken":0,"max_hp_gain":0,"max_hp_loss":0,"event_name":"Liars Game","floor":5,"gold_loss":0,"cards_obtained":["Doubt"]},{"damage_healed":0,"gold_gain":0,"player_choice":"Take Wound","damage_taken":0,"relics_obtained":["Golden Idol"],"max_hp_gain":0,"max_hp_loss":0,"event_name":"Golden Idol","floor":7,"gold_loss":0,"cards_obtained":["Injury"]},{"damage_healed":17,"gold_gain":0,"player_choice":"Healed","damage_taken":0,"max_hp_gain":0,"max_hp_loss":0,"event_name":"The Cleric","floor":8,"gold_loss":35},{"damage_healed":0,"gold_gain":0,"player_choice":"Ignored","damage_taken":0,"max_hp_gain":0,"max_hp_loss":0,"event_name":"Shining Light","floor":11,"gold_loss":0},{"damage_healed":0,"gold_gain":0,"player_choice":"Inject Mutagens","damage_taken":0,"relics_obtained":["MutagenicStrength"],"max_hp_gain":0,"max_hp_loss":0,"event_name":"Drug Dealer","floor":19,"gold_loss":0},{"damage_healed":0,"gold_gain":0,"player_choice":"Ignored","damage_taken":0,"max_hp_gain":0,"max_hp_loss":0,"event_name":"Vampires","floor":21,"gold_loss":0},{"damage_healed":0,"gold_gain":0,"player_choice":"","damage_taken":6,"max_hp_gain":0,"max_hp_loss":0,"event_name":"Knowing Skull","floor":29,"potions_obtained":[],"gold_loss":0,"cards_obtained":[]},{"damage_healed":0,"gold_gain":0,"player_choice":"Fight","damage_taken":0,"max_hp_gain":0,"max_hp_loss":0,"event_name":"MindBloom","floor":37,"gold_loss":0},{"damage_healed":0,"gold_gain":0,"player_choice":"Fight","damage_taken":0,"max_hp_gain":0,"max_hp_loss":0,"event_name":"Mysterious Sphere","floor":38,"gold_loss":0},{"damage_healed":0,"gold_gain":333,"player_choice":"Gave Idol","damage_taken":0,"max_hp_gain":0,"max_hp_loss":0,"event_name":"The Moai Head","floor":39,"relics_lost":["Golden Idol"],"gold_loss":0},{"cards_removed":["Injury"],"damage_healed":0,"gold_gain":0,"player_choice":"Removed Curses","damage_taken":0,"max_hp_gain":0,"max_hp_loss":0,"event_name":"Fountain of Cleansing","floor":44,"gold_loss":0}],"is_beta":false,"boss_relics":[{"not_picked":["Ectoplasm","Fusion Hammer"],"picked":"HoveringKite"},{"not_picked":["Philosopher\u0027s Stone","SlaversCollar"],"picked":"Black Star"}],"items_purged_floors":[25],"is_endless":false,"potions_floor_spawned":[6,10,13,18,22,27,31,33,38,41],"killed_by":"Writhing Mass","ascension_level":5}}