{"host":"f0gpob8hq9vgebej","time":1608627238,"event":{"mods":["AchievementEnabler","BaseMod","Googly Eyes","Minty Spire (QoL Compilation)","Quick Restart","SuperFastMode"],"gold_per_floor":[115,131,131,141,155,155,170,186,234,275,299,311,201,227,239,251,251],"floor_reached":16,"playtime":495,"items_purged":[],"score":170,"play_id":"5ea6f0c7-a1b8-42ba-822b-f82f0ff83af7","local_time":"20201222175358","is_ascension_mode":true,"campfire_choices":[{"data":"Dagger Spray","floor":6.0,"key":"SMITH"},{"data":"Glass Knife","floor":15,"key":"SMITH"}],"circlet_count":0,"master_deck":["AscendersBane","Strike_G","Strike_G","Strike_G","Strike_G","Defend_G","Defend_G","Defend_G","Defend_G","Defend_G","Survivor","Neutralize","Dagger Spray+1","PiercingWail","Well Laid Plans","Glass Knife+1","Reflex","Crippling Poison","Prepared","Tactician"],"relics":["Ring of the Snake","Omamori","MawBank","Oddly Smooth Stone","Letter Opener"],"acts_visited":["Exordium"],"potions_floor_usage":[16],"damage_taken":[{"damage":0.0,"enemies":"Jaw Worm","floor":1.0,"turns":4.0},{"damage":1.0,"enemies":"2 Louse","floor":2.0,"turns":3.0},{"damage":3.0,"enemies":"Cultist","floor":4.0,"turns":4.0},{"damage":0.0,"enemies":"2 Fungi Beasts","floor":5.0,"turns":4.0},{"damage":11.0,"enemies":"Exordium Thugs","floor":7.0,"turns":6.0},{"damage":2.0,"enemies":"3 Louse","floor":8.0,"turns":2.0},{"damage":32.0,"enemies":"3 Sentries","floor":10.0,"turns":5.0},{"damage":0.0,"enemies":"Gremlin Gang","floor":11.0,"turns":3.0},{"damage":4,"enemies":"Exordium Thugs","floor":14,"turns":5},{"damage":33,"enemies":"Hexaghost","floor":16,"turns":13}],"seed_played":"-4149648858901723665","potions_obtained":[{"floor":1.0,"key":"DuplicationPotion"},{"floor":2.0,"key":"FairyPotion"},{"floor":10.0,"key":"ColorlessPotion"}],"is_trial":false,"path_per_floor":["M","M","?","M","M","R","M","M","T","E","M","?","?","M","R","B"],"character_chosen":"THE_SILENT","items_purchased":[],"campfire_rested":0,"item_purchase_floors":[],"current_hp_per_floor":[63,62,62,59,59,59,48,46,46,14,14,19,19,15,15,7,7],"gold":251,"neow_bonus":"RANDOM_COMMON_RELIC","is_daily":false,"chose_seed":false,"campfire_upgraded":2,"win_rate":0.0,"timestamp":1608627238,"path_taken":["M","M","?","M","M","R","M","M","T","E","M","?","?","M","R","BOSS"],"items_purchased_type":[],"build_version":"2020-12-13","purchased_purges":0,"victory":false,"max_hp_per_floor":[70,70,70,70,70,70,70,70,70,70,70,75,75,75,75,75,75],"card_choices":[{"not_picked":["Heel Hook","Quick Slash","Caltrops"],"picked":"SKIP","floor":1.0},{"not_picked":["Bouncing Flask","Acrobatics"],"picked":"Dagger Spray","floor":2.0},{"not_picked":["Underhanded Strike","Blur"],"picked":"PiercingWail","floor":4.0},{"not_picked":["Underhanded Strike","Bane"],"picked":"Well Laid Plans","floor":5.0},{"not_picked":["Well Laid Plans","PiercingWail"],"picked":"Glass Knife","floor":7.0},{"not_picked":["Quick Slash","Deadly Poison"],"picked":"Reflex","floor":8.0},{"not_picked":["Dagger Throw","Flying Knee"],"picked":"Crippling Poison","floor":10.0},{"not_picked":["Cloak And Dagger","Calculated Gamble"],"picked":"Prepared","floor":11.0},{"not_picked":["Bane","Underhanded Strike"],"picked":"Tactician","floor":14}],"player_experience":187977,"relics_obtained":[{"floor":9.0,"key":"MawBank"},{"floor":10.0,"key":"Oddly Smooth Stone"}],"event_choices":[{"cards_removed":["Strike_G"],"damage_healed":0.0,"max_hp_gain":0.0,"max_hp_loss":0.0,"gold_gain":0.0,"event_name":"Living Wall","player_choice":"Forget","floor":3.0,"gold_loss":0.0,"damage_taken":0.0},{"damage_healed":0.0,"max_hp_gain":5.0,"max_hp_loss":0.0,"gold_gain":0.0,"event_name":"Big Fish","player_choice":"Donut","floor":12.0,"gold_loss":0.0,"damage_taken":0.0},{"damage_healed":0.0,"max_hp_gain":0.0,"max_hp_loss":0.0,"gold_gain":0.0,"event_name":"WeMeetAgain","player_choice":"Paid Gold","floor":13.0,"gold_loss":122.0,"damage_taken":0.0,"relics_obtained":["Letter Opener"]}],"is_beta":false,"boss_relics":[],"items_purged_floors":[],"is_endless":false,"potions_floor_spawned":[1,2,4,10,14],"killed_by":"Hexaghost","ascension_level":12}}