{"host":"y94psiiulyl24n05","time":1608624406,"event":{"mods":["AchievementEnabler","Aspiration","BaseMod","Better Altar","Better Match","Better Note","Better Sensory Stone","Better Skull","Better Third Choice","BetterRewards","Colored Map","Colored Powertips","Downfall","GifTheSpireLib","Googly Eyes","Halation","Highlight Path","Hubris","Mimic Mod","Minty Spire (QoL Compilation)","Replay The Spire","Shop Mod","Spicy Shops","StSLib","Stuff the Spire","Unceasing Turn Reminder","everything is the same but u backflip on backflip","slay the spire mod where everything is the same but ironclad has a cowboy hat"],"gold_per_floor":[117,0,13,13,26,52,52,78,109,126,153,169,194,216,216,317,317,337,361,378,378,378,391,391],"floor_reached":23,"playtime":1206,"items_purged":[],"score":298,"play_id":"8a551c8c-dfd3-4895-bf49-81082cda0986","local_time":"20201222090646","is_ascension_mode":false,"campfire_choices":[{"floor":15,"key":"REST"}],"circlet_count":0,"master_deck":["Strike_P","Strike_P","Strike_P","Strike_P","Defend_P","Defend_P","Defend_P","Eruption+1","Vigilance","CutThroughFate","Enlightenment","ThirdEye","ReplayTheSpireMod:Trickstab","WreathOfFlame","BattleHymn","Replay:Cycle","Wallop","Swivel","EmptyBody","Replay:Hum","Ragnarok","Replay:ManipulateFuture","Halt+1","Sanctity+1"],"relics":["HolyWater","Omamori","Simple Rune","StuffTheSpire:HeavyRock","Shovel","halation:IllGainedPizza","GremlinMask"],"acts_visited":["Exordium","TheCity"],"potions_floor_usage":[11,13,16,16,19,23],"damage_taken":[{"damage":5,"enemies":"Jaw Worm","floor":1,"turns":6},{"damage":0,"enemies":"Small Slimes","floor":3,"turns":2},{"damage":0,"enemies":"2 Louse","floor":5,"turns":2},{"damage":2,"enemies":"Replay:BlueRogue","floor":6,"turns":4},{"damage":33,"enemies":"3 Sentries","floor":8,"turns":5},{"damage":4,"enemies":"Blue Slaver","floor":9,"turns":6},{"damage":4,"enemies":"Blue Slaver","floor":10,"turns":3},{"damage":0,"enemies":"Gremlin Nob","floor":11,"turns":2},{"damage":4,"enemies":"3 Louse","floor":12,"turns":3},{"damage":11,"enemies":"3 Sentries","floor":13,"turns":6},{"damage":0,"enemies":"Looter","floor":14,"turns":3},{"damage":0,"enemies":"Slime Boss","floor":16,"turns":4},{"damage":14,"enemies":"Shell Parasite","floor":18,"turns":4},{"damage":14,"enemies":"2 Thieves","floor":19,"turns":3},{"damage":27,"enemies":"Centurion and Healer","floor":20,"turns":5},{"damage":24,"enemies":"Book of Stabbing","floor":23,"turns":5}],"seed_played":"-7342676128277455806","potions_obtained":[{"floor":6,"key":"SpeedPotion"},{"floor":10,"key":"AttackPotion"},{"floor":11,"key":"CultistPotion"},{"floor":12,"key":"FearPotion"},{"floor":13,"key":"Milkshake"},{"floor":16,"key":"GamblersBrew"},{"floor":19,"key":"StancePotion"}],"is_trial":false,"path_per_floor":["M","?","M","?","M","E","?","E","MIM","M","E","M","E","M","R","B",null,"M","M","M","?","?","E"],"character_chosen":"WATCHER","items_purchased":[],"campfire_rested":1,"item_purchase_floors":[],"current_hp_per_floor":[67,73,73,73,73,71,64,31,27,23,23,19,8,8,31,31,78,64,50,23,23,23,0,0],"gold":391,"neow_bonus":"UPGRADE_CARD","is_daily":false,"chose_seed":false,"campfire_upgraded":0,"win_rate":0.0,"timestamp":1608624406,"path_taken":["M","?","M","?","M","E","?","E","MIM","M","E","M","E","M","R","BOSS","M","M","M","?","?","E"],"items_purchased_type":[],"build_version":"2020-12-13","purchased_purges":0,"victory":false,"max_hp_per_floor":[72,78,78,78,78,78,78,78,78,78,78,78,78,78,78,78,78,78,78,78,78,78,78,78],"card_choices":[{"not_picked":["FlurryOfBlows","Replay:Battleflow"],"picked":"CutThroughFate","floor":1},{"not_picked":["SignatureMove","InnerPeace"],"picked":"ThirdEye","floor":3},{"not_picked":["ReplayTheSpireMod:Necrogeddon","expansioncontent:AwakenDeath"],"picked":"ReplayTheSpireMod:Trickstab","floor":4},{"not_picked":["Worship","WheelKick"],"picked":"WreathOfFlame","floor":5},{"not_picked":["Weave","Replay:Vibes"],"picked":"BattleHymn","floor":6},{"not_picked":["WindmillStrike","Adaptation"],"picked":"Replay:Cycle","floor":8},{"not_picked":["ForeignInfluence","Nirvana"],"picked":"Wallop","floor":10},{"not_picked":["BowlingBash","CrushJoints","SashWhip"],"picked":"SKIP","floor":11},{"not_picked":["BowlingBash","CrushJoints","SashWhip"],"picked":"SKIP","floor":11},{"not_picked":["Wireheading","Replay:BluntJabs"],"picked":"Swivel","floor":12},{"not_picked":["SashWhip","Crescendo"],"picked":"EmptyBody","floor":13},{"not_picked":["FollowUp","BowlingBash"],"picked":"Replay:Hum","floor":14},{"not_picked":["Blasphemy","SpiritShield"],"picked":"Ragnarok","floor":16},{"not_picked":["ClearTheMind+1","Evaluate+1"],"picked":"Replay:ManipulateFuture","floor":18},{"not_picked":["Replay:AtTheReady+1","PathToVictory"],"picked":"Halt+1","floor":19},{"not_picked":["SashWhip","CrushJoints"],"picked":"Sanctity+1","floor":20}],"player_experience":159949,"relics_obtained":[{"floor":6,"key":"Omamori"},{"floor":8,"key":"Simple Rune"},{"floor":9,"key":"StuffTheSpire:HeavyRock"},{"floor":11,"key":"Shovel"},{"floor":13,"key":"halation:IllGainedPizza"}],"event_choices":[{"damage_healed":0,"gold_gain":0,"player_choice":"RENOUNCE","damage_taken":117,"max_hp_gain":0,"max_hp_loss":0,"event_name":"betterThird:BetterSerpent","floor":2,"gold_loss":117,"cards_obtained":["Enlightenment"]},{"damage_healed":0,"gold_gain":1,"player_choice":"1","damage_taken":0,"max_hp_gain":0,"max_hp_loss":0,"event_name":"betterStone:BetterStone","floor":4,"gold_loss":0},{"cards_removed":["Defend_P"],"damage_healed":0,"gold_gain":0,"player_choice":"Card Removal","damage_taken":7,"max_hp_gain":0,"max_hp_loss":0,"event_name":"Golden Wing","floor":7,"gold_loss":0},{"damage_healed":0,"gold_gain":0,"player_choice":"Trade","damage_taken":0,"relics_obtained":["GremlinMask"],"max_hp_gain":0,"max_hp_loss":0,"event_name":"FaceTrader","floor":21,"gold_loss":0},{"damage_healed":0,"gold_gain":0,"player_choice":"Bought 0 Potions","damage_taken":0,"max_hp_gain":0,"max_hp_loss":0,"event_name":"The Woman in Blue","floor":22,"gold_loss":0}],"is_beta":false,"boss_relics":[{"not_picked":["halation:HeavySnake","hubris:VirtuousBlindfold"],"picked":"HolyWater"}],"items_purged_floors":[],"is_endless":false,"potions_floor_spawned":[6,10,11,12,13,14,16,19],"killed_by":"Book of Stabbing","ascension_level":0}}