{"host":"9h1qbmp5h1ch7u4r","time":1608667540,"event":{"mods":["BaseMod","Downfall","Minty Spire (QoL Compilation)","StSLib"],"gold_per_floor":[99,119,138,155,173,14,14,14,27,27,56,66,92,77,90,189,189,189,205,220,238,256,284,284,297,297,45,60,74,86,6,17,113,113,113,128,55,55,40,90,90,103,103,153,153,187,187,202,212,212,212,212],"floor_reached":50,"playtime":4041,"items_purged":["hexamod:Strike"],"score":535,"play_id":"7f5e6049-b8ba-4b60-a85e-b2f2825ebc50","local_time":"20201222150540","is_ascension_mode":false,"campfire_choices":[{"data":"hexamod:SpectralSpark","floor":1.0,"key":"SMITH"},{"data":"hexamod:Float","floor":10.0,"key":"SMITH"},{"data":"hexamod:ExtraCrispy","floor":18.0,"key":"SMITH"},{"floor":26.0,"key":"REST"},{"data":"hexamod:PhantomCloak","floor":35.0,"key":"SMITH"},{"floor":45.0,"key":"REST"},{"floor":47.0,"key":"RECALL"}],"circlet_count":0,"master_deck":["hexamod:Strike","hexamod:Strike","hexamod:Defend","hexamod:Defend","hexamod:Defend","hexamod:Defend","hexamod:Sear","hexamod:Float+1","hexamod:SpectralSpark+1","hexamod:Again","hexamod:PhantomCloak+1","hexamod:GhostOfSpirePast","hexamod:WildfireWeapon","hexamod:SkipABeat","hexamod:VolcanoVisage","hexamod:ThermalTransfer","hexamod:SoulSteal","hexamod:ExtraCrispy+1","hexamod:EmpoweringStance","hexamod:EmpoweredFlame+1","hexamod:EmpoweringStance","hexamod:HexaLevel","hexamod:GhostflameBarrier","hexamod:SkipABeat","hexamod:Again","hexamod:PhantomFireball","hexamod:Hexaguard+1","hexamod:TimeWarp","hexamod:HeatCrush","hexamod:HeatShield","expansioncontent:DefensiveMode","hexamod:ExtraCrispy","hexamod:GhostOfSpireFuture+1","hexamod:Incineration+1"],"relics":["hexamod:SpiritBrand","Darkstone Periapt","StoneCalendar","White Beast Statue","SlaversCollar","Happy Flower","The Courier","Oddly Smooth Stone","Anchor","Runic Pyramid","Calipers","CaptainsWheel","Turnip","Centennial Puzzle"],"acts_visited":["Exordium","TheCity","TheBeyond"],"potions_floor_usage":[48,49,49],"damage_taken":[{"damage":0.0,"enemies":"Cultist","floor":2.0,"turns":3.0},{"damage":0.0,"enemies":"Small Slimes","floor":3.0,"turns":3.0},{"damage":0.0,"enemies":"2 Louse","floor":4.0,"turns":3.0},{"damage":0.0,"enemies":"Large Slime","floor":5.0,"turns":3.0},{"damage":0.0,"enemies":"downfall:FleeingMerchant","floor":6.0,"turns":4.0},{"damage":0.0,"enemies":"Blue Slaver","floor":9.0,"turns":3.0},{"damage":17.0,"enemies":"3 Sentries","floor":11.0,"turns":10.0},{"damage":0.0,"enemies":"2 Fungi Beasts","floor":12.0,"turns":5.0},{"damage":9.0,"enemies":"Gremlin Nob","floor":13.0,"turns":3.0},{"damage":9.0,"enemies":"downfall:FleeingMerchant","floor":14.0,"turns":4.0},{"damage":9.0,"enemies":"Exordium Thugs","floor":15.0,"turns":3.0},{"damage":26.0,"enemies":"downfall:Defect","floor":16.0,"turns":6.0},{"damage":0.0,"enemies":"Chosen","floor":19.0,"turns":3.0},{"damage":3.0,"enemies":"Sentry and Sphere","floor":20.0,"turns":3.0},{"damage":13.0,"enemies":"Snecko","floor":21.0,"turns":6.0},{"damage":5.0,"enemies":"Chosen and Byrds","floor":22.0,"turns":7.0},{"damage":26.0,"enemies":"Slavers","floor":23.0,"turns":4.0},{"damage":10.0,"enemies":"Snake Plant","floor":25.0,"turns":3.0},{"damage":0.0,"enemies":"downfall:FleeingMerchant","floor":27.0,"turns":4.0},{"damage":6.0,"enemies":"Shelled Parasite and Fungi","floor":28.0,"turns":7.0},{"damage":0.0,"enemies":"Centurion and Healer","floor":29.0,"turns":6.0},{"damage":0.0,"enemies":"Snecko","floor":30.0,"turns":6.0},{"damage":1.0,"enemies":"downfall:FleeingMerchant","floor":31.0,"turns":4.0},{"damage":0.0,"enemies":"Shelled Parasite and Fungi","floor":32.0,"turns":7.0},{"damage":12.0,"enemies":"downfall:Ironclad","floor":33.0,"turns":8.0},{"damage":7.0,"enemies":"Orb Walker","floor":36.0,"turns":5.0},{"damage":2.0,"enemies":"downfall:FleeingMerchant","floor":37.0,"turns":4.0},{"damage":0.0,"enemies":"downfall:FleeingMerchant","floor":39.0,"turns":4.0},{"damage":4.0,"enemies":"Mind Bloom Boss Battle","floor":40.0,"turns":5.0},{"damage":6.0,"enemies":"3 Shapes","floor":42.0,"turns":3.0},{"damage":22.0,"enemies":"2 Orb Walkers","floor":44.0,"turns":6.0},{"damage":3.0,"enemies":"Nemesis","floor":46.0,"turns":7.0},{"damage":25,"enemies":"Jaw Worm Horde","floor":48,"turns":3},{"damage":0,"enemies":"Transient","floor":49,"turns":5},{"damage":22,"enemies":"downfall:Silent","floor":50,"turns":3}],"seed_played":"1797631925624675158","potions_obtained":[{"floor":4.0,"key":"SteroidPotion"},{"floor":8.0,"key":"Regen Potion"},{"floor":8.0,"key":"AttackPotion"},{"floor":11.0,"key":"Fire Potion"},{"floor":13.0,"key":"Slimebound:ThreeZeroPotion"},{"floor":14.0,"key":"hexamod:InfernoChargePotion"},{"floor":15.0,"key":"champ:CounterPotion"},{"floor":16.0,"key":"DuplicationPotion"},{"floor":20.0,"key":"Swift Potion"},{"floor":21.0,"key":"BlessingOfTheForge"},{"floor":22.0,"key":"Energy Potion"},{"floor":23.0,"key":"Regen Potion"},{"floor":25.0,"key":"SpeedPotion"},{"floor":28.0,"key":"Guardian:BlockOnCardUsePotion"},{"floor":32.0,"key":"EssenceOfSteel"},{"floor":33.0,"key":"BlessingOfTheForge"},{"floor":36.0,"key":"Dexterity Potion"},{"floor":37.0,"key":"EntropicBrew"},{"floor":39.0,"key":"Slimebound:ThreeZeroPotion"},{"floor":40.0,"key":"FearPotion"},{"floor":42.0,"key":"SpeedPotion"},{"floor":44.0,"key":"BlessingOfTheForge"},{"floor":46.0,"key":"LiquidBronze"},{"floor":48,"key":"DuplicationPotion"},{"floor":49,"key":"DuplicationPotion"}],"is_trial":false,"path_per_floor":["R","M","M","M","M","$","T","?","M","R","E","M","E","$","M","B",null,"R","M","M","M","M","E","T","M","R","$","M","M","M","$","M","B",null,"R","M","$","?","$","?","T","M","T","?","R","E","R","M","M","B"],"character_chosen":"THE_SPIRIT","items_purchased":["hexamod:SkipABeat","Oddly Smooth Stone","Anchor","hexamod:PhantomFireball","hexamod:HeatShield"],"campfire_rested":2,"item_purchase_floors":[6,27,27,31,37],"current_hp_per_floor":[70,70,70,70,70,70,70,70,70,70,53,53,44,35,26,9,70,70,70,67,54,49,23,23,25,46,46,40,40,40,39,39,27,70,70,63,61,61,61,57,57,51,51,29,50,47,47,22,22,0,0,0],"gold":212,"neow_bonus":"TRANSFORM_CARD","is_daily":false,"chose_seed":false,"campfire_upgraded":4,"win_rate":0.0,"timestamp":1608667540,"path_taken":["R","M","M","?","M","?","T","?","M","R","E","?","E","$","M","BOSS","R","M","M","M","M","E","T","?","R","$","M","M","M","?","M","BOSS","R","M","$","?","$","?","T","M","?","?","R","E","R","M","M","BOSS"],"items_purchased_type":["Card","Relic","Relic","Card","Card"],"build_version":"2020-12-13","purchased_purges":1,"victory":false,"max_hp_per_floor":[70,70,70,70,70,70,70,70,70,70,70,70,70,70,70,70,70,70,70,70,70,70,70,70,70,70,70,70,70,70,70,70,70,70,70,70,70,70,70,70,70,70,70,70,70,70,70,70,70,70,70,70],"card_choices":[{"not_picked":["hexamod:FastForward","hexamod:NightmareGuise","hexamod:ShieldOfDarkness"],"picked":"SKIP","floor":2.0},{"not_picked":["hexamod:NightmareStrike","hexamod:Firestarter"],"picked":"hexamod:Again","floor":3.0},{"not_picked":["hexamod:ChargedBarrage","hexamod:HauntingEcho"],"picked":"hexamod:PhantomCloak","floor":4.0},{"not_picked":["hexamod:Hexaguard","hexamod:SpectersWail"],"picked":"hexamod:GhostOfSpirePast","floor":5.0},{"not_picked":["hexamod:SecondSeal","hexamod:EtherealExpedition"],"picked":"hexamod:WildfireWeapon","floor":6.0},{"not_picked":["hexamod:Hexaguard","hexamod:Firestarter","hexamod:GhostLash"],"picked":"SKIP","floor":9.0},{"not_picked":["hexamod:Again","hexamod:InspiringFlames"],"picked":"hexamod:VolcanoVisage","floor":11.0},{"not_picked":["hexamod:ShieldOfDarkness","hexamod:RainOfEmbers"],"picked":"hexamod:ThermalTransfer","floor":12.0},{"not_picked":["hexamod:ShieldOfDarkness","hexamod:NightmareGuise","hexamod:FifthSeal"],"picked":"SKIP","floor":13.0},{"not_picked":["hexamod:SpectersWail","hexamod:HauntingEcho"],"picked":"hexamod:SoulSteal","floor":14.0},{"not_picked":["hexamod:StepThrough","hexamod:Hexaguard"],"picked":"hexamod:ExtraCrispy","floor":15.0},{"not_picked":["hexamod:GhostflameInferno","hexamod:Toasty"],"picked":"hexamod:EmpoweringStance","floor":16.0},{"not_picked":["hexamod:BacktrackSmack","hexamod:GhostShield","hexamod:SpectersWail"],"picked":"SKIP","floor":19.0},{"not_picked":["hexamod:NightmareGuise+1","hexamod:RainOfEmbers+1"],"picked":"hexamod:EmpoweredFlame+1","floor":20.0},{"not_picked":["hexamod:SpectersWail","hexamod:GhostShield+1"],"picked":"hexamod:EmpoweringStance","floor":21.0},{"not_picked":["hexamod:NightmareStrike","hexamod:BacktrackSmack","hexamod:GhostOfSpirePresent"],"picked":"SKIP","floor":22.0},{"not_picked":["hexamod:NightmareGuise","hexamod:HeatShield+1"],"picked":"hexamod:HexaLevel","floor":23.0},{"not_picked":["hexamod:InspiringFlames","hexamod:DynamicBlow","hexamod:NightmareGuise"],"picked":"SKIP","floor":25.0},{"not_picked":["hexamod:GhostOfSpirePresent","hexamod:Firestarter"],"picked":"hexamod:GhostflameBarrier","floor":27.0},{"not_picked":["hexamod:Hexaguard","hexamod:BacktrackSmack","hexamod:NightmareStrike"],"picked":"SKIP","floor":28.0},{"not_picked":["hexamod:GhostLash","hexamod:NightmareStrike","hexamod:HauntingEcho"],"picked":"SKIP","floor":29.0},{"not_picked":["hexamod:GhostShield","hexamod:Firestarter"],"picked":"hexamod:SkipABeat","floor":30.0},{"not_picked":["hexamod:GhostLash+1","hexamod:SwordOfDarkness+1"],"picked":"hexamod:Again","floor":31.0},{"not_picked":["hexamod:RainOfEmbers","hexamod:FastForward"],"picked":"hexamod:Hexaguard+1","floor":32.0},{"not_picked":["hexamod:UnleashSpirits","hexamod:HexaLevel"],"picked":"hexamod:TimeWarp","floor":33.0},{"not_picked":["hexamod:SwordOfDarkness+1","hexamod:Firestarter"],"picked":"hexamod:HeatCrush","floor":36.0},{"not_picked":["hexamod:HauntingEcho+1","hexamod:SecondSeal","hexamod:SpectersWail"],"picked":"SKIP","floor":37.0},{"not_picked":["expansioncontent:Torchfire","expansioncontent:HyperBeam"],"picked":"expansioncontent:DefensiveMode","floor":38.0},{"not_picked":["hexamod:BacktrackSmack+1","hexamod:Hexaguard+1","hexamod:SpectersWail+1"],"picked":"SKIP","floor":39.0},{"not_picked":["hexamod:EtherealExpedition","hexamod:HauntingEcho"],"picked":"hexamod:ExtraCrispy","floor":42.0},{"not_picked":["hexamod:InspiringFlames","hexamod:FirstSeal","hexamod:AdvancingGuard+1"],"picked":"SKIP","floor":46.0},{"not_picked":["hexamod:StepThrough","hexamod:FourthSeal"],"picked":"hexamod:GhostOfSpireFuture+1","floor":48},{"not_picked":["hexamod:NightmareGuise","hexamod:Firestarter"],"picked":"hexamod:Incineration+1","floor":49}],"player_experience":924075,"relics_obtained":[{"floor":7.0,"key":"Darkstone Periapt"},{"floor":11.0,"key":"StoneCalendar"},{"floor":13.0,"key":"White Beast Statue"},{"floor":23.0,"key":"Happy Flower"},{"floor":24.0,"key":"The Courier"},{"floor":40.0,"key":"Calipers"},{"floor":43.0,"key":"CaptainsWheel"},{"floor":44.0,"key":"Turnip"},{"floor":46.0,"key":"Centennial Puzzle"}],"event_choices":[{"damage_healed":0.0,"max_hp_gain":0.0,"max_hp_loss":0.0,"gold_gain":0.0,"event_name":"Lab","player_choice":"Got Potions","floor":8.0,"gold_loss":0.0,"damage_taken":0.0},{"damage_healed":0.0,"max_hp_gain":0.0,"max_hp_loss":0.0,"gold_gain":0.0,"event_name":"Mysterious Sphere","player_choice":"Fight","floor":44.0,"gold_loss":0.0,"damage_taken":0.0}],"is_beta":false,"boss_relics":[{"not_picked":["SacredBark","Busted Crown"],"picked":"SlaversCollar"},{"not_picked":["hexamod:IceCube","Pandora\u0027s Box"],"picked":"Runic Pyramid"}],"items_purged_floors":[6],"is_endless":false,"potions_floor_spawned":[4,11,13,14,15,16,19,20,21,22,23,25,27,28,29,30,31,32,33,36,37,39,40,42,44,46,48,49],"killed_by":"downfall:Silent","ascension_level":0}}