{"host":"odz7g4gpgch153rb","time":1608611123,"event":{"mods":["AchievementEnabler","BaseMod","Better Match","Better Third Choice","BetterRewards","GifTheSpireLib","Infinite Spire","Jedi Mod","Minty Spire (QoL Compilation)","Quick Restart","Replay The Spire","Spikes Relics","StSLib","Stuff the Spire","The Blue Laboratory","Trackpad"],"gold_per_floor":[117,117,117,42,53,53,83,83,83,125,145,181,28,51,51,130,130,150,192,226,226,226,226,252,252,328,372,372,44,76,104,104,185,185,216,70,70,100,0,8,8],"floor_reached":40,"playtime":2218,"items_purged":["Strike_G","Strike_G","Strike_G"],"score":826,"play_id":"c8b1fd09-570d-457a-b728-678c52c332d4","local_time":"20201221232523","is_ascension_mode":true,"campfire_choices":[{"data":"jedi:pocketpoison","floor":6,"key":"SMITH"},{"data":"Neutralize","floor":8,"key":"SMITH"},{"data":"jedi:pocketpoison","floor":15,"key":"SMITH"},{"data":"jedi:brewingpoison","floor":23,"key":"SMITH"},{"floor":25,"key":"REST"},{"data":"Bane","floor":28,"key":"SMITH"},{"data":"jedi:pocketpoison","floor":32,"key":"SMITH"}],"circlet_count":0,"master_deck":["AscendersBane","Defend_G","Defend_G","Defend_G","Defend_G","Defend_G","Survivor","Neutralize+1","jedi:pocketpoison+1","Deadly Poison+1","Deadly Poison","jedi:pocketpoison+1","jedi:brewingpoison+1","Bane+1","Bane+1","Bane","jedi:pocketpoison+1","Unload+1","infinitespire:SevenWalls"],"relics":["Ring of the Serpent","NeowsBlessing","Durian","Replay:Bandana","trackpad:ByrdBGone","RollingBoulder","trackpad:ByrdCharm","Letter Opener","StuffTheSpire:PointBlank","Lee\u0027s Waffle","Guide Book","Red Mask"],"acts_visited":["Exordium","TheCity","TheBeyond"],"potions_floor_usage":[12,12,24,31],"damage_taken":[{"damage":0,"enemies":"2 Louse","floor":1,"turns":1},{"damage":0,"enemies":"Jaw Worm","floor":5,"turns":1},{"damage":0,"enemies":"Gremlin Nob","floor":7,"turns":1},{"damage":24,"enemies":"Lagavulin","floor":10,"turns":7},{"damage":2,"enemies":"Cultist","floor":11,"turns":4},{"damage":2,"enemies":"3 Sentries","floor":12,"turns":9},{"damage":2,"enemies":"Blue Slaver","floor":14,"turns":3},{"damage":26,"enemies":"The Guardian","floor":16,"turns":8},{"damage":3,"enemies":"Spheric Guardian","floor":18,"turns":3},{"damage":1,"enemies":"Chosen","floor":20,"turns":4},{"damage":5,"enemies":"Snecko","floor":24,"turns":5},{"damage":0,"enemies":"Replay:Snechameleon","floor":27,"turns":4},{"damage":0,"enemies":"Shelled Parasite and Fungi","floor":30,"turns":3},{"damage":0,"enemies":"Sentry and Sphere","floor":31,"turns":2},{"damage":36,"enemies":"Automaton","floor":33,"turns":11},{"damage":12,"enemies":"3 Darklings","floor":35,"turns":6},{"damage":1,"enemies":"3 Shapes","floor":38,"turns":4},{"damage":42,"enemies":"Nemesis","floor":40,"turns":4}],"seed_played":"-5321866027107671769","potions_obtained":[{"floor":5,"key":"blueLaboratory:HorrorPotion"},{"floor":10,"key":"FearPotion"},{"floor":11,"key":"blueLaboratory:ImpenetrablePotion"},{"floor":16,"key":"Block Potion"},{"floor":18,"key":"Weak Potion"},{"floor":38,"key":"blueLaboratory:LouseDecoction"}],"is_trial":false,"path_per_floor":["M","?","T","$","M","R","E","R","T","E","M","E","$","M","R","B",null,"M","?","M","?","?","R","M","R","T","E","R","$","M","M","R","B",null,"M","$","?","M","?","E"],"character_chosen":"THE_SILENT","items_purchased":["jedi:pocketpoison","Lee\u0027s Waffle","Bane","Guide Book"],"campfire_rested":1,"item_purchase_floors":[13,29,29,36],"current_hp_per_floor":[59,64,69,69,69,69,69,69,69,45,43,41,41,39,39,13,60,57,32,31,31,31,31,26,48,48,48,48,83,83,83,83,47,74,62,62,43,42,42,0,0],"gold":8,"neow_bonus":"THREE_ENEMY_KILL","is_daily":false,"chose_seed":false,"campfire_upgraded":6,"win_rate":0.0,"timestamp":1608611123,"path_taken":["M","?","?","$","M","R","E","R","T","E","?","E","$","M","R","BOSS","M","?","?","?","?","R","?","R","T","E","R","?","M","M","R","BOSS","M","$","?","M","?","E"],"items_purchased_type":["Card","Relic","Card","Relic"],"build_version":"2020-12-13","purchased_purges":3,"victory":false,"max_hp_per_floor":[66,71,76,76,76,76,76,76,76,76,76,76,76,76,76,76,76,76,76,76,76,76,76,76,76,76,76,76,83,83,83,83,83,83,83,83,83,83,83,83,83],"card_choices":[{"not_picked":["Reflex","Prepared"],"picked":"jedi:pocketpoison","floor":1},{"not_picked":["StuffTheSpire:Repulse","Blade Dance","Expertise"],"picked":"SKIP","floor":5},{"not_picked":["Well Laid Plans","ReplayTheSpireMod:Shiv Toss"],"picked":"Deadly Poison","floor":7},{"not_picked":["Deflect","Adrenaline","PiercingWail"],"picked":"SKIP","floor":10},{"not_picked":["Cloak And Dagger","Sucker Punch"],"picked":"Deadly Poison","floor":11},{"not_picked":["StuffTheSpire:ClusterCrunch","Quick Slash","Blade Dance"],"picked":"SKIP","floor":12},{"not_picked":["StuffTheSpire:ClusterCrunch","Quick Slash","Blade Dance"],"picked":"SKIP","floor":12},{"not_picked":["Flying Knee","StuffTheSpire:ClusterCrunch","Backflip"],"picked":"SKIP","floor":14},{"not_picked":["Poison Darts","Grand Finale"],"picked":"jedi:brewingpoison","floor":16},{"not_picked":["StuffTheSpire:BumpUp","Dagger Throw+1"],"picked":"Bane","floor":18},{"not_picked":["Choke","Hidden Blade+1"],"picked":"Bane+1","floor":19},{"not_picked":["Atom Bomb","Riddle With Holes","Distraction"],"picked":"SKIP","floor":20},{"not_picked":["StuffTheSpire:ClusterCrunch","StuffTheSpire:Injection","Dagger Spray"],"picked":"SKIP","floor":24},{"not_picked":["Predator","jedi:unstablefumes","StuffTheSpire:Injection"],"picked":"SKIP","floor":27},{"not_picked":["Eviscerate+1","StuffTheSpire:Incursion","Flying Knee"],"picked":"SKIP","floor":30},{"not_picked":["Blur","StuffTheSpire:Fury"],"picked":"jedi:pocketpoison","floor":31},{"not_picked":["jedi:studyshivs","ReplayTheSpireMod:From All Sides"],"picked":"Unload","floor":33},{"not_picked":["Backflip","StuffTheSpire:Shiver","ReplayTheSpireMod:Shiv Toss"],"picked":"SKIP","floor":35},{"not_picked":["ReplayTheSpireMod:Echoes of Time","infinitespire:Menacing"],"picked":"infinitespire:SevenWalls","floor":37},{"not_picked":["StuffTheSpire:Python","Underhanded Strike","Finisher"],"picked":"SKIP","floor":38}],"player_experience":924039,"relics_obtained":[{"floor":3,"key":"Durian"},{"floor":9,"key":"Replay:Bandana"},{"floor":10,"key":"trackpad:ByrdBGone"},{"floor":12,"key":"RollingBoulder"},{"floor":19,"key":"trackpad:ByrdCharm"},{"floor":26,"key":"Letter Opener"},{"floor":27,"key":"StuffTheSpire:PointBlank"}],"event_choices":[{"damage_healed":0,"gold_gain":0,"player_choice":"Donut","damage_taken":0,"max_hp_gain":5,"max_hp_loss":0,"event_name":"Big Fish","floor":2,"gold_loss":0},{"cards_removed":["Strike_G"],"damage_healed":0,"gold_gain":0,"player_choice":"Elegance","damage_taken":0,"max_hp_gain":0,"max_hp_loss":0,"event_name":"betterThird:BetterWriting","floor":21,"gold_loss":0},{"cards_removed":["Strike_G"],"damage_healed":0,"gold_gain":0,"player_choice":"Purged","damage_taken":0,"max_hp_gain":0,"max_hp_loss":0,"event_name":"Purifier","floor":22,"gold_loss":0},{"damage_healed":0,"gold_gain":0,"player_choice":"Paid","damage_taken":0,"relics_obtained":["Red Mask"],"max_hp_gain":0,"max_hp_loss":0,"event_name":"Tomb of Lord Red Mask","floor":39,"gold_loss":100}],"is_beta":false,"boss_relics":[{"not_picked":["Fusion Hammer","Sandwich","StuffTheSpire:Kangaroo"]},{"not_picked":["Kintsugi","infinitespire:Cupcake"],"picked":"Ring of the Serpent"}],"items_purged_floors":[4,13,29],"is_endless":false,"potions_floor_spawned":[5,10,11,16,18,30,38],"killed_by":"Nemesis","ascension_level":15}}