{"host":"usrgk25etjl0nf5i","time":1608604573,"event":{"mods":["2.2 Compatiblity","BaseMod","Downfall","Hubris","Minty Spire (QoL Compilation)","StSLib","SuperFastMode"],"gold_per_floor":[119,99,110,121,139,172,15,15,15,15,44,44,62,80,80,185,185,203,218,218,218,218,218,246,246,273,198,214,214,214,214,214],"floor_reached":31,"playtime":1304,"items_purged":[],"score":394,"play_id":"fd137791-afed-4e5c-9074-f9d80ac97882","local_time":"20201221183613","is_ascension_mode":true,"campfire_choices":[{"floor":8,"key":"REST"},{"floor":15,"key":"REST"},{"data":"Fasting2","floor":23,"key":"SMITH"},{"floor":25,"key":"REST"},{"floor":29,"key":"REST"}],"circlet_count":0,"master_deck":["Strike_P","Strike_P","Strike_P","Strike_P+1","Defend_P","Defend_P","Defend_P","Eruption","Vigilance","Prostrate","Protect","EmptyBody","DevaForm","Ragnarok+1","Fasting2+1","LessonLearned","Devotion+1","CurseOfTheBell","Indignation","FlurryOfBlows"],"relics":["PureWater","hubris:BundleOfHerbs","CaptainsWheel","hubris:BottledRain","Thread and Needle","Pen Nib","Calling Bell","Ancient Tea Set","Matryoshka","FossilizedHelix","hubris:DeckOfHolding","TeardropLocket","Art of War"],"acts_visited":["Exordium","TheCity"],"potions_floor_usage":[4,4,4,6,6,13,16,19,28,30],"damage_taken":[{"damage":0,"enemies":"2 Louse","floor":1,"turns":3},{"damage":7,"enemies":"Cultist","floor":3,"turns":4},{"damage":3,"enemies":"Jaw Worm","floor":4,"turns":4},{"damage":1,"enemies":"Large Slime","floor":5,"turns":5},{"damage":22,"enemies":"3 Sentries","floor":6,"turns":21},{"damage":16,"enemies":"Lagavulin","floor":11,"turns":11},{"damage":4,"enemies":"Lots of Slimes","floor":13,"turns":4},{"damage":1,"enemies":"Exordium Wildlife","floor":14,"turns":4},{"damage":0,"enemies":"Slime Boss","floor":16,"turns":5},{"damage":0,"enemies":"Spheric Guardian","floor":18,"turns":7},{"damage":24,"enemies":"3 Byrds","floor":19,"turns":6},{"damage":68,"enemies":"Gremlin Leader","floor":24,"turns":6},{"damage":0,"enemies":"Snake Plant","floor":28,"turns":2},{"damage":0,"enemies":"Cultist and Chosen","floor":30,"turns":4},{"damage":45,"enemies":"Masked Bandits","floor":31,"turns":4}],"seed_played":"-4872462543579816279","potions_obtained":[{"floor":1,"key":"Explosive Potion"},{"floor":2,"key":"EntropicBrew"},{"floor":4,"key":"SkillPotion"},{"floor":14,"key":"AttackPotion"},{"floor":16,"key":"PowerPotion"},{"floor":24,"key":"EssenceOfSteel"},{"floor":28,"key":"SmokeBomb"}],"is_trial":false,"path_per_floor":["M","?","M","M","M","E","$","R","T","?","E","$","M","M","R","B",null,"M","M","?","?","?","R","E","R","T","?","M","R","M","?"],"character_chosen":"WATCHER","items_purchased":["Ragnarok"],"campfire_rested":4,"item_purchase_floors":[7],"current_hp_per_floor":[51,51,44,41,40,18,18,39,39,39,44,44,40,39,60,60,69,69,45,69,69,69,69,1,22,22,22,22,43,43,0,0],"gold":214,"neow_bonus":"ONE_RARE_RELIC","is_daily":false,"chose_seed":false,"campfire_upgraded":1,"win_rate":0.0,"timestamp":1608604573,"path_taken":["M","?","M","M","?","E","?","R","T","?","E","$","?","M","R","BOSS","M","M","?","?","?","R","E","R","T","?","?","R","M","?"],"items_purchased_type":["Card"],"build_version":"2020-12-13","purchased_purges":0,"victory":false,"max_hp_per_floor":[72,72,72,72,72,72,72,72,72,72,72,72,72,72,72,72,72,72,72,72,72,72,72,72,72,72,72,72,72,72,72,72],"card_choices":[{"not_picked":["WheelKick","CarveReality"],"picked":"Prostrate","floor":1},{"not_picked":["Sanctity","Study"],"picked":"Protect","floor":3},{"not_picked":["BattleHymn","Crescendo"],"picked":"Perseverance","floor":4},{"not_picked":["CutThroughFate","ClearTheMind"],"picked":"EmptyBody","floor":5},{"not_picked":["ClearTheMind","Collect"],"picked":"DevaForm","floor":6},{"not_picked":["WreathOfFlame","FlurryOfBlows"],"picked":"Fasting2","floor":11},{"not_picked":["SashWhip","EmptyBody","BattleHymn"],"picked":"SKIP","floor":13},{"not_picked":["CutThroughFate","FollowUp"],"picked":"LessonLearned","floor":14},{"not_picked":["DevaForm","SpiritShield"],"picked":"Devotion","floor":16},{"not_picked":["CutThroughFate","SashWhip","ClearTheMind"],"picked":"SKIP","floor":18},{"not_picked":["PathToVictory+1","CutThroughFate"],"picked":"Indignation","floor":19},{"not_picked":["BowlingBash","Wireheading","Nirvana"],"picked":"SKIP","floor":24},{"not_picked":["CutThroughFate","EmptyFist+1"],"picked":"FlurryOfBlows","floor":28}],"player_experience":595471,"relics_obtained":[{"floor":6,"key":"CaptainsWheel"},{"floor":9,"key":"hubris:BottledRain"},{"floor":11,"key":"Pen Nib"},{"floor":17,"key":"Ancient Tea Set"},{"floor":17,"key":"Matryoshka"},{"floor":17,"key":"FossilizedHelix"},{"floor":24,"key":"hubris:DeckOfHolding"},{"floor":26,"key":"TeardropLocket"},{"floor":26,"key":"Art of War"}],"event_choices":[{"damage_healed":0,"gold_gain":0,"player_choice":"Bought 1 Potion","damage_taken":0,"max_hp_gain":0,"max_hp_loss":0,"event_name":"The Woman in Blue","floor":2,"gold_loss":0},{"cards_removed":["Perseverance"],"damage_healed":0,"gold_gain":0,"player_choice":"Gave Card","damage_taken":0,"relics_obtained":["Thread and Needle"],"max_hp_gain":0,"max_hp_loss":0,"event_name":"WeMeetAgain","floor":10,"gold_loss":0},{"damage_healed":24,"gold_gain":0,"player_choice":"Heal","damage_taken":0,"max_hp_gain":0,"max_hp_loss":0,"event_name":"The Library","floor":20,"gold_loss":0},{"cards_removed":["Defend_P"],"damage_healed":0,"gold_gain":0,"player_choice":"Gave Gold","damage_taken":0,"max_hp_gain":0,"max_hp_loss":0,"event_name":"Beggar","floor":27,"gold_loss":75},{"damage_healed":0,"gold_gain":0,"player_choice":"Fought Bandits","damage_taken":0,"max_hp_gain":0,"max_hp_loss":0,"event_name":"Masked Bandits","floor":31,"gold_loss":0}],"is_beta":false,"boss_relics":[{"not_picked":["Tiny House","hubris:Stopwatch"],"picked":"Calling Bell"}],"items_purged_floors":[],"is_endless":false,"potions_floor_spawned":[1,4,5,14,16,24,28],"killed_by":"Masked Bandits","ascension_level":5}}