{"host":"newqdrzxfhh2im9e","time":1608657116,"event":{"mods":["AchievementEnabler","BaseMod","BetterRewards","Block Reminder","Colored Map","Jorbs\u0027s Wanderer Trilogy","Minty Spire (QoL Compilation)","Rare Cards Sparkle","Shop Mod","StSLib"],"gold_per_floor":[115,115,115,115,4,4,37,61,86,109,36,36,67,86,86,86,86],"floor_reached":16,"playtime":494,"items_purged":[],"score":119,"play_id":"4645ccb8-b2d0-458f-b790-4e3a32634965","local_time":"20201222091156","is_ascension_mode":true,"campfire_choices":[{"floor":6,"key":"REST"},{"floor":12,"key":"REST"},{"floor":15,"key":"REST"}],"circlet_count":0,"master_deck":["Strike_B","Strike_B","Strike_B","Strike_B","Defend_B","Defend_B","Defend_B","Defend_B","Zap","Dualcast+1","Defragment","Lockon","Reprogram","Force Field","Heatsinks","Reboot","Double Energy","Echo Form"],"relics":["Cracked Core","Dream Catcher","Golden Idol","Happy Flower","Calipers","PreservedInsect","Kunai"],"acts_visited":["Exordium"],"potions_floor_usage":[13,14],"damage_taken":[{"damage":0,"enemies":"2 Louse","floor":1,"turns":1},{"damage":42,"enemies":"3 Sentries","floor":7,"turns":11},{"damage":11,"enemies":"Small Slimes","floor":8,"turns":3},{"damage":2,"enemies":"Jaw Worm","floor":10,"turns":2},{"damage":12,"enemies":"Gremlin Nob","floor":13,"turns":4},{"damage":22,"enemies":"Exordium Wildlife","floor":14,"turns":5},{"damage":49,"enemies":"Slime Boss","floor":16,"turns":7}],"seed_played":"1290194714598743495","potions_obtained":[{"floor":7,"key":"SteroidPotion"},{"floor":13,"key":"Regen Potion"}],"is_trial":false,"path_per_floor":["M","?","?","?","$","R","E","M","T","M","$","R","E","M","R","B"],"character_chosen":"DEFECT","items_purchased":["Defragment","Lockon","Reboot"],"campfire_rested":3,"item_purchase_floors":[5,5,11],"current_hp_per_floor":[75,75,57,50,50,72,30,19,19,17,17,39,27,19,41,0,0],"gold":86,"neow_bonus":"RANDOM_COMMON_RELIC","is_daily":false,"chose_seed":false,"campfire_upgraded":0,"win_rate":0.0,"timestamp":1608657116,"path_taken":["M","?","?","?","?","R","E","M","T","M","$","R","E","?","R","BOSS"],"items_purchased_type":["Card","Card","Card"],"build_version":"2020-12-13","purchased_purges":0,"victory":false,"max_hp_per_floor":[75,75,75,75,75,75,75,75,75,75,75,75,75,75,75,75,75],"card_choices":[{"not_picked":["Redo","Gash","Steam"],"picked":"SKIP","floor":1},{"not_picked":["Sweeping Beam","Chaos"],"picked":"Reprogram","floor":6},{"not_picked":["Leap","Recycle","Rebound"],"picked":"SKIP","floor":7},{"not_picked":["Gash","Redo"],"picked":"Force Field","floor":8},{"not_picked":["Stack","Barrage"],"picked":"Heatsinks","floor":10},{"not_picked":["Stack","Cold Snap"],"picked":"Double Energy","floor":12},{"not_picked":["Turbo","Chaos"],"picked":"Echo Form","floor":13},{"not_picked":["Barrage","Stack","Go for the Eyes"],"picked":"SKIP","floor":14}],"player_experience":632077,"relics_obtained":[{"floor":7,"key":"Calipers"},{"floor":9,"key":"PreservedInsect"},{"floor":13,"key":"Kunai"}],"event_choices":[{"damage_healed":0,"gold_gain":0,"player_choice":"Grow","damage_taken":0,"max_hp_gain":0,"max_hp_loss":0,"event_name":"Living Wall","floor":2,"gold_loss":0,"cards_upgraded":["Dualcast"]},{"damage_healed":0,"gold_gain":0,"player_choice":"Take Damage","damage_taken":18,"relics_obtained":["Golden Idol"],"max_hp_gain":0,"max_hp_loss":0,"event_name":"Golden Idol","floor":3,"gold_loss":0},{"damage_healed":0,"gold_gain":0,"player_choice":"Success","damage_taken":7,"relics_obtained":["Happy Flower"],"max_hp_gain":0,"max_hp_loss":0,"event_name":"Scrap Ooze","floor":4,"gold_loss":0}],"is_beta":false,"boss_relics":[],"items_purged_floors":[],"is_endless":false,"potions_floor_spawned":[7,13],"killed_by":"Slime Boss","ascension_level":2}}