{"host":"zig6x0mxqzam82fb","time":1608653130,"event":{"mods":["BaseMod","Block Reminder","Colored Map","Colored Powertips","Minty Spire (QoL Compilation)","Relic Stats"],"gold_per_floor":[119,133,143,162,162,162,178,178,201,201,233,254,269,298,298,393,393,404,404,404,404,26,52,52,52,78,78,94,124,124,158,158,260,260,271,271,271,271],"floor_reached":37,"playtime":2164,"items_purged":["Strike_R"],"score":476,"play_id":"f078e9e6-1f86-4fa4-a4ac-700d6ffa5671","local_time":"20201222110530","is_ascension_mode":true,"campfire_choices":[{"floor":6,"key":"REST"},{"data":"Whirlwind","floor":8,"key":"SMITH"},{"data":"Uppercut","floor":10,"key":"SMITH"},{"floor":15,"key":"REST"},{"floor":25,"key":"REST"},{"data":"J.A.X.","floor":27,"key":"SMITH"},{"floor":30,"key":"REST"},{"floor":32,"key":"REST"}],"circlet_count":0,"master_deck":["Strike_R+1","Strike_R","Strike_R","Defend_R","Defend_R","Defend_R","Bash","Decay","Corruption","Dropkick+1","Pommel Strike","Whirlwind+1","Pommel Strike","Uppercut+1","Shockwave","Sentinel","Reaper","Inflame","Exhume","Dual Wield","Dual Wield","Iron Wave","J.A.X.+1","Rage","Uppercut","Reaper","Headbutt+1"],"relics":["Burning Blood","Lantern","Bag of Preparation","Odd Mushroom","Happy Flower","Cursed Key","Omamori","Question Card","Pantograph","Art of War","Pear","Anchor","Calling Bell","Nunchaku","Frozen Egg 2","Prayer Wheel"],"acts_visited":["Exordium","TheCity","TheBeyond"],"potions_floor_usage":[13,14,16,16,16,23,33],"damage_taken":[{"damage":11,"enemies":"Jaw Worm","floor":1,"turns":4},{"damage":5,"enemies":"2 Louse","floor":2,"turns":2},{"damage":7,"enemies":"Small Slimes","floor":3,"turns":3},{"damage":8,"enemies":"Exordium Thugs","floor":4,"turns":3},{"damage":5,"enemies":"Red Slaver","floor":7,"turns":2},{"damage":9,"enemies":"3 Sentries","floor":11,"turns":3},{"damage":14,"enemies":"The Mushroom Lair","floor":12,"turns":3},{"damage":12,"enemies":"3 Louse","floor":13,"turns":3},{"damage":28,"enemies":"Lagavulin","floor":14,"turns":4},{"damage":22,"enemies":"Slime Boss","floor":16,"turns":6},{"damage":13,"enemies":"Spheric Guardian","floor":18,"turns":3},{"damage":58,"enemies":"Slavers","floor":23,"turns":5},{"damage":27,"enemies":"Shell Parasite","floor":28,"turns":4},{"damage":46,"enemies":"Book of Stabbing","floor":29,"turns":5},{"damage":54,"enemies":"Slavers","floor":31,"turns":3},{"damage":76,"enemies":"Automaton","floor":33,"turns":8},{"damage":3,"enemies":"3 Shapes","floor":35,"turns":2},{"damage":108,"enemies":"Time Eater","floor":37,"turns":10}],"seed_played":"-886407957276168550","potions_obtained":[{"floor":1,"key":"FearPotion"},{"floor":4,"key":"FearPotion"},{"floor":12,"key":"ColorlessPotion"},{"floor":13,"key":"Explosive Potion"},{"floor":14,"key":"Explosive Potion"},{"floor":18,"key":"Swift Potion"},{"floor":28,"key":"BloodPotion"}],"is_trial":false,"path_per_floor":["M","M","M","M","?","R","M","R","T","R","E","?","M","E","R","B",null,"M","?","?","?","$","E","?","R","T","R","M","E","R","E","R","B",null,"M","?","B"],"character_chosen":"IRONCLAD","items_purchased":["Iron Wave","Question Card"],"campfire_rested":5,"item_purchase_floors":[22,22],"current_hp_per_floor":[75,76,75,73,57,80,80,80,80,80,77,69,71,58,80,64,80,79,79,79,79,79,49,49,73,73,73,74,50,77,29,56,45,90,90,90,0,0],"gold":271,"neow_bonus":"TRANSFORM_TWO_CARDS","is_daily":false,"chose_seed":false,"campfire_upgraded":3,"win_rate":0.0,"timestamp":1608653130,"path_taken":["M","M","M","M","?","R","M","R","T","R","E","?","M","E","R","BOSS","M","?","?","?","$","E","?","R","T","R","M","E","R","E","R","BOSS","M","?","BOSS"],"items_purchased_type":["Card","Relic"],"build_version":"2020-12-13","purchased_purges":1,"victory":false,"max_hp_per_floor":[80,80,80,80,80,80,80,80,80,80,80,80,80,80,80,80,80,80,80,80,80,80,80,80,80,80,80,80,90,90,90,90,90,90,90,90,90,90],"relic_stats":{"Nunchaku":[2],"Happy Flower":[15],"counters":[18,73],"Pantograph":25,"Prayer Wheel":1,"Bag of Preparation":[24],"Art of War":[2],"Cursed Key":1,"Question Card":8,"obtain_stats":[{"Lantern":9,"Pear":29,"Happy Flower":14,"Bag of Preparation":11,"Omamori":19,"Odd Mushroom":12,"Frozen Egg 2":34,"Cursed Key":17,"Question Card":22,"Burning Blood":0,"Calling Bell":34,"Anchor":31,"Nunchaku":34,"Pantograph":23,"Prayer Wheel":34,"Art of War":26},{"Lantern":5,"Pear":14,"Happy Flower":9,"Bag of Preparation":6,"Omamori":11,"Odd Mushroom":7,"Frozen Egg 2":16,"Cursed Key":10,"Question Card":11,"Burning Blood":0,"Calling Bell":16,"Anchor":15,"Nunchaku":16,"Pantograph":12,"Prayer Wheel":16,"Art of War":12},{"Lantern":14,"Pear":50,"Happy Flower":27,"Bag of Preparation":17,"Omamori":36,"Odd Mushroom":20,"Frozen Egg 2":61,"Cursed Key":33,"Question Card":36,"Burning Blood":0,"Calling Bell":61,"Anchor":53,"Nunchaku":61,"Pantograph":41,"Prayer Wheel":61,"Art of War":41}],"Burning Blood":95},"card_choices":[{"not_picked":["Searing Blow","Sentinel"],"picked":"Pommel Strike","floor":1},{"not_picked":["Spot Weakness","True Grit"],"picked":"Whirlwind","floor":2},{"not_picked":["Armaments","Sever Soul"],"picked":"Pommel Strike","floor":3},{"not_picked":["Rupture","Rage"],"picked":"Uppercut","floor":4},{"not_picked":["Wild Strike","Warcry"],"picked":"Shockwave","floor":7},{"not_picked":["Evolve","Wild Strike"],"picked":"Sentinel","floor":11},{"not_picked":["Heavy Blade","Shockwave"],"picked":"Reaper","floor":12},{"not_picked":["Feel No Pain","Wild Strike"],"picked":"Inflame","floor":13},{"not_picked":["Clash","Searing Blow","Heavy Blade"],"picked":"SKIP","floor":14},{"not_picked":["Corruption","Juggernaut"],"picked":"Exhume","floor":16},{"not_picked":["Carnage","Perfected Strike"],"picked":"Dual Wield","floor":18},{"not_picked":["Entrench","Ghostly Armor","Rupture","Havoc"],"picked":"SKIP","floor":23},{"not_picked":["Iron Wave","Thunderclap+1","Rupture+1"],"picked":"Rage","floor":28},{"not_picked":["Flex","Wild Strike","Havoc+1","Twin Strike+1"],"picked":"SKIP","floor":29},{"not_picked":["Hemokinesis","Evolve","Anger"],"picked":"Uppercut","floor":31},{"not_picked":["Fiend Fire","Berserk","Feed"],"picked":"Reaper","floor":33},{"not_picked":["Feed","Body Slam+1","Infernal Blade"],"picked":"Headbutt+1","floor":35},{"not_picked":["Sword Boomerang","Clash+1","Wild Strike","Twin Strike+1"],"picked":"SKIP","floor":35}],"player_experience":299586,"relics_obtained":[{"floor":9,"key":"Lantern"},{"floor":11,"key":"Bag of Preparation"},{"floor":12,"key":"Odd Mushroom"},{"floor":14,"key":"Happy Flower"},{"floor":23,"key":"Pantograph"},{"floor":26,"key":"Art of War"},{"floor":29,"key":"Pear"},{"floor":31,"key":"Anchor"},{"floor":34,"key":"Nunchaku"},{"floor":34,"key":"Frozen Egg 2"},{"floor":34,"key":"Prayer Wheel"}],"event_choices":[{"damage_healed":0,"gold_gain":0,"player_choice":"Entered Light","damage_taken":16,"max_hp_gain":0,"max_hp_loss":0,"event_name":"Shining Light","floor":5,"gold_loss":0,"cards_upgraded":["Dropkick","Strike_R"]},{"damage_healed":0,"gold_gain":0,"player_choice":"Fought Mushrooms","damage_taken":0,"max_hp_gain":0,"max_hp_loss":0,"event_name":"Mushrooms","floor":12,"gold_loss":0},{"damage_healed":0,"gold_gain":0,"player_choice":"Opened","damage_taken":0,"relics_obtained":["Omamori"],"max_hp_gain":0,"max_hp_loss":0,"event_name":"The Mausoleum","floor":19,"gold_loss":0},{"damage_healed":0,"gold_gain":0,"player_choice":"Read","damage_taken":0,"max_hp_gain":0,"max_hp_loss":0,"event_name":"The Library","floor":20,"gold_loss":0,"cards_obtained":["Dual Wield"]},{"damage_healed":0,"gold_gain":0,"player_choice":"Ignored","damage_taken":0,"max_hp_gain":0,"max_hp_loss":0,"event_name":"Ghosts","floor":21,"gold_loss":0},{"damage_healed":0,"gold_gain":0,"player_choice":"Obtain J.A.X.","damage_taken":0,"max_hp_gain":0,"max_hp_loss":0,"event_name":"Drug Dealer","floor":24,"gold_loss":0,"cards_obtained":["J.A.X."]},{"damage_healed":0,"gold_gain":0,"player_choice":"Took Portal","damage_taken":0,"max_hp_gain":0,"max_hp_loss":0,"event_name":"SecretPortal","floor":36,"gold_loss":0}],"is_beta":false,"boss_relics":[{"not_picked":["Black Blood","SlaversCollar"],"picked":"Cursed Key"},{"not_picked":["Astrolabe","Sozu"],"picked":"Calling Bell"}],"items_purged_floors":[22],"is_endless":false,"potions_floor_spawned":[1,4,12,13,14,18,28],"killed_by":"Time Eater","ascension_level":2}}