{"host":"wft71y6k5l1g7d5f","time":1608618220,"event":{"mods":["AchievementEnabler","Aspiration","Bard","BaseMod","Beaked The Cultist","Better Altar","Better Match","Better Note","Better Sensory Stone","Better Skull","BetterRewards","CCEM","Clawfect","Colored Map","Conspire","Downfall","Friendly Minions","GifTheSpireLib","Halation","Hermit","Highlight Path","Hubris","Hunter ??","Infinite Spire","Jedi Mod","Jorbs\u0027s Wanderer Trilogy","Mad Scientist","Marisa????????","Mimic Mod","Minty Spire (QoL Compilation)","Permanent Neow","Replay The Spire","Shade Mod","Shop Mod","Spicy Shops","StSLib","Stuff the Spire","The Administrix","The Blackbeard","The Bug Knight","The Construct","The Cursed","The Disciple","The Gatherer","The Hierophant","The IronCluck","The Jungle","The Mystic","The Necromancer","The Problem Sleuth","The Runesmith","The Servant 0.9.4","The Spell Scribe","The Witch","Unceasing Turn Reminder","[IsaacMod]????","everything is the same but u backflip on backflip","slay the spire mod where everything is the same but ironclad has a cowboy hat"],"gold_per_floor":[99,111,111,111,126,142,174,186,212,224,149,74,86,101,115,216,216,216,235,235,235,246,258,258,258,278,310,235,254,268,285,305,402,402,327,347,359,373,428,444,444,470,470,470,470,470,482,493,510,613,613,613,630,649,649,663,693,717,717,736,736,736,99,99,99,119,327,344,344,344],"floor_reached":69,"playtime":13595,"items_purged":["Shade:AblativeArmor","Parasite"],"score":996,"play_id":"3d6eaf2a-b5c9-4ce1-80cb-a77466a2d06b","local_time":"20201221222340","is_ascension_mode":false,"campfire_choices":[{"data":"Shade:AnimateDead","floor":1,"key":"SMITH"},{"data":"Shade:LichForm","floor":12,"key":"SMITH"},{"data":"Shade:SensePrey","floor":18,"key":"SMITH"},{"data":"Shade:FreshBones","floor":25,"key":"SMITH"},{"floor":28,"key":"RECALL"},{"data":"Shade:CommandSoldier","floor":35,"key":"SMITH"},{"data":"Shade:Putrefaction","floor":43,"key":"SMITH"},{"floor":46,"key":"REST"},{"data":"Shade:LichForm","floor":52,"key":"SMITH"},{"floor":65,"key":"REST"}],"circlet_count":0,"master_deck":["Shade:Defend_Shade","Shade:Defend_Shade","Shade:Defend_Shade","Shade:Defend_Shade","Shade:AnimateDead+1","Shade:CarefulCut","Shade:LastGasp","Shade:Bonestorm","Shade:OpenGraves","Shade:FreshBones+1","Shade:GraveStillness","Shade:ClawBack","Shade:GreaterAnimation+1","Shade:WallOfFlesh","Shade:LichForm+1","Shade:SensePrey+1","Shade:Brains","Shade:BoneShards","Shade:Trample","Shade:ScuttlingHand+1","ReplayTheSpireMod:Echoes of Time","Shade:ExtraLimbs","Shade:SkeletonHug+1","Shade:Premonition+1","Shade:CommandSoldier+1","Shade:SoulPierce","Shade:FingerOfDeath+1","Shade:LichForm+1","Shade:CoffinDance","infinitespire:UltimateForm+1","Shade:Putrefaction+1","Shade:CoffinDance","Shade:OpenGraves","Shade:AncientSpear","Shade:FingerOfDeath","Shade:PoundOfFlesh","Shade:Excise","Shade:Bite_Shade","Shade:Premonition+1","Gatherer:ScentOfRosmari","Backflip Giant"],"relics":["Shade:YorickSkull","HushsDoor","KeepersGift","MawBank","downfall:HeartBlessingBlue","MagicMushroom","StuffTheSpire:Experiment12","Replay:Rubber Ducky","halation:PrussianBluePaint","downfall:HeartBlessingGreen","Empty Cage","downfall:HeartBlessingRed","hubris:Teleporter","Replay:Ringing Soul","Incense Burner","Replay:Bottled Eggs","Runic Pyramid","RottenBaby","Strawberry","hubris:Icosahedron","StuffTheSpire:Mouthbags","halation:Toothbrush","PrismaticShard","Toxic Egg 2"],"acts_visited":["Exordium","TheCity","TheBeyond","Exordium"],"potions_floor_usage":[],"damage_taken":[{"damage":0,"enemies":"Cultist","floor":2,"turns":4},{"damage":0,"enemies":"2 Louse","floor":5,"turns":2},{"damage":0,"enemies":"Small Slimes","floor":6,"turns":3},{"damage":0,"enemies":"2 Fungi Beasts","floor":7,"turns":6},{"damage":0,"enemies":"2 Fungi Beasts","floor":8,"turns":3},{"damage":0,"enemies":"HollowMod:MossKnight","floor":9,"turns":9},{"damage":0,"enemies":"downfall:FleeingMerchant","floor":11,"turns":4},{"damage":4,"enemies":"Exordium Thugs","floor":13,"turns":4},{"damage":0,"enemies":"Red Slaver","floor":14,"turns":3},{"damage":1,"enemies":"Gremlin Gang","floor":15,"turns":4},{"damage":18,"enemies":"downfall:Ironclad","floor":16,"turns":6},{"damage":0,"enemies":"Spheric Guardian","floor":19,"turns":4},{"damage":0,"enemies":"3 Byrds","floor":22,"turns":2},{"damage":0,"enemies":"3 Cultists","floor":23,"turns":3},{"damage":0,"enemies":"Centurion and Healer","floor":26,"turns":6},{"damage":0,"enemies":"Nightmare","floor":27,"turns":10},{"damage":0,"enemies":"Cultist and Chosen","floor":29,"turns":3},{"damage":0,"enemies":"3 Cultists","floor":30,"turns":2},{"damage":0,"enemies":"Snecko","floor":31,"turns":5},{"damage":0,"enemies":"Snake Plant","floor":32,"turns":4},{"damage":2,"enemies":"downfall:Silent","floor":33,"turns":7},{"damage":0,"enemies":"3 Darklings","floor":36,"turns":4},{"damage":0,"enemies":"Orb Walker","floor":37,"turns":4},{"damage":0,"enemies":"Maw","floor":38,"turns":6},{"damage":0,"enemies":"2 Orb Walkers","floor":39,"turns":4},{"damage":7,"enemies":"Spire Growth","floor":40,"turns":5},{"damage":16,"enemies":"Nightmare","floor":42,"turns":8},{"damage":0,"enemies":"Jaw Worm Horde","floor":47,"turns":1},{"damage":0,"enemies":"Maw","floor":48,"turns":5},{"damage":0,"enemies":"Writhing Mass","floor":49,"turns":6},{"damage":0,"enemies":"downfall:Watcher","floor":50,"turns":7},{"damage":0,"enemies":"Cultist","floor":53,"turns":3},{"damage":0,"enemies":"Small Slimes","floor":54,"turns":2},{"damage":0,"enemies":"2 Louse","floor":56,"turns":1},{"damage":75,"enemies":"Nightmare","floor":57,"turns":9},{"damage":0,"enemies":"Large Slime","floor":60,"turns":3},{"damage":0,"enemies":"downfall:FleeingMerchant","floor":63,"turns":4},{"damage":0,"enemies":"Lots of Slimes","floor":66,"turns":2},{"damage":0,"enemies":"downfall:FleeingMerchant","floor":67,"turns":4},{"damage":0,"enemies":"2 Fungi Beasts","floor":68,"turns":2},{"damage":110,"enemies":"Delirium","floor":69,"turns":7}],"seed_played":"-8331186978200591976","potions_obtained":[{"floor":2,"key":"Venom Potion"},{"floor":8,"key":"Fire Potion"},{"floor":15,"key":"SkillPotion"},{"floor":16,"key":"Fire Potion"},{"floor":50,"key":"Flashbang"},{"floor":53,"key":"champ:CounterPotion"}],"is_trial":false,"path_per_floor":["R_BF","M","?","?","M","M","MIM","M","E","?","$","R","M","M","M","B",null,"R","M","?","?","M","M","T","R","M","NM","R","M","M","M","M","B",null,"R","M","M","M","?","M","T","NM","R","?","AVR","R","M","M","M","B",null,"R","M","M","?","M","NM","T","?","M","PTL","PTL","$","?","R","M","$","M","B"],"character_chosen":"SHADE","items_purchased":["Shade:LichForm","RottenBaby","Shade:Bite_Shade","StuffTheSpire:Mouthbags","halation:Toothbrush","PrismaticShard","Toxic Egg 2"],"campfire_rested":2,"item_purchase_floors":[11,51,63,63,63,63,67],"current_hp_per_floor":[47,47,47,47,47,47,47,47,47,47,47,57,53,53,52,34,82,82,82,82,82,82,82,82,82,82,82,82,82,82,82,82,80,82,82,82,82,82,82,75,75,63,63,63,66,88,88,91,94,94,78,78,78,81,81,84,12,19,19,20,20,20,27,59,88,94,100,103,0,0],"gold":344,"neow_bonus":"THREE_RARE_CARDS","is_daily":false,"chose_seed":false,"campfire_upgraded":7,"win_rate":0.0,"timestamp":1608618220,"path_taken":["R_BF","M","?","?","?","M","MIM","?","E","?","?","R","?","M","M","BOSS","R","M","?","?","M","M","T","R","?","NM","R","M","M","M","M","BOSS","R","M","M","M","?","M","T","NM","R","?","AVR","R","M","?","M","BOSS","R","M","?","?","?","NM","T","?","M","PTL","PTL","$","?","R","?","?","M","BOSS"],"items_purchased_type":["Card","Relic","Card","Relic","Relic","Relic","Relic"],"build_version":"2020-12-13","purchased_purges":2,"victory":false,"max_hp_per_floor":[65,65,65,65,65,65,65,65,65,65,65,75,75,75,75,75,82,82,82,82,82,82,82,82,82,82,82,82,82,82,82,82,82,82,82,82,82,82,82,82,82,85,85,85,88,88,88,91,94,94,78,78,78,81,81,84,87,94,94,94,94,94,97,97,97,100,103,103,103,103],"card_choices":[{"not_picked":["Shade:Putrefaction","Shade:OfferingToTheBeyond"],"picked":"Shade:LastGasp","floor":0},{"not_picked":["Shade:CommandSoldier","Shade:TouchOfTheGrave"],"picked":"Shade:Bonestorm","floor":2},{"not_picked":["Shade:SkeletonHug","Shade:CommandSoldier"],"picked":"Shade:Brains","floor":5},{"not_picked":["Shade:Brains","Shade:RitualOffering"],"picked":"Shade:OpenGraves","floor":6},{"not_picked":["Shade:FleshToFlesh","Shade:Putrefaction"],"picked":"Shade:FreshBones","floor":7},{"not_picked":["Shade:Brains","Shade:ExtraLimbs"],"picked":"Shade:GraveStillness","floor":8},{"not_picked":["Shade:Brains","Shade:SpectralStrikes"],"picked":"Shade:ClawBack","floor":9},{"not_picked":["Shade:PoundOfFlesh","Shade:SkeletonArmy"],"picked":"Shade:WallOfFlesh","floor":11},{"not_picked":["Shade:FeralStrike","Shade:Haruspicy","Shade:GreyBargain"],"picked":"SKIP","floor":13},{"not_picked":["Shade:GreaterAnimation","Shade:PotionOfRestlessness"],"picked":"Shade:SensePrey","floor":14},{"not_picked":["Shade:CommandSoldier","Shade:PoundOfFlesh"],"picked":"Shade:Brains","floor":15},{"not_picked":["Shade:Frenzy","Shade:Bonestorm"],"picked":"Shade:BoneShards","floor":19},{"not_picked":["Shade:SpontaneousRitual+1","Shade:AncientSpear"],"picked":"Shade:Trample","floor":22},{"not_picked":["Shade:SanguineRitual","Shade:BoneShards"],"picked":"Shade:ScuttlingHand+1","floor":23},{"not_picked":["Shade:WallOfFlesh+1","Shade:OpenGraves","Shade:Premonition+1"],"picked":"SKIP","floor":26},{"not_picked":["infinitespire:UltimateForm","infinitespire:Execution"],"picked":"ReplayTheSpireMod:Echoes of Time","floor":27},{"not_picked":["Shade:OneIsEnough","Shade:LyeBath"],"picked":"Shade:ExtraLimbs","floor":27},{"not_picked":["Shade:CallWraith","Shade:FreshBones"],"picked":"Shade:SkeletonHug+1","floor":29},{"not_picked":["Shade:FeralStrike","Shade:Carnophage"],"picked":"Shade:AblativeArmor","floor":30},{"not_picked":["Shade:Doomsay","Shade:CallWraith"],"picked":"Shade:Premonition","floor":31},{"not_picked":["Shade:WallOfFlesh+1","Shade:Doomsay"],"picked":"Shade:CommandSoldier","floor":32},{"not_picked":["Shade:DarkOfNight","Shade:LoseControl"],"picked":"Shade:SoulPierce","floor":33},{"not_picked":["Shade:BoneShards+1","Shade:Bite_Shade+1"],"picked":"Shade:FingerOfDeath+1","floor":36},{"not_picked":["Shade:GreyBargain","Shade:Frenzy"],"picked":"Shade:Premonition+1","floor":37},{"not_picked":["Shade:ExtraLimbs+1","Shade:SkeletonHug+1","Shade:GreyBargain"],"picked":"SKIP","floor":38},{"not_picked":["Shade:CoffinDance+1","Shade:PotionOfRestlessness+1"],"picked":"Shade:LichForm","floor":39},{"not_picked":["Shade:Trample+1","Shade:SanguineRitual"],"picked":"Shade:CoffinDance","floor":40},{"not_picked":["ReplayTheSpireMod:Haul","infinitespire:FinalStrike"],"picked":"infinitespire:UltimateForm","floor":42},{"not_picked":["Shade:GraveStillness","Shade:Frenzy"],"picked":"Shade:Putrefaction","floor":42},{"not_picked":["Shade:Trample","Shade:GraveStillness+1","Shade:SpectralStrikes+1"],"picked":"SKIP","floor":47},{"not_picked":["Shade:Trample+1","Shade:SkeletonHug+1"],"picked":"Shade:CoffinDance","floor":48},{"not_picked":["Shade:FreshBones+1","Shade:Carnophage+1"],"picked":"Shade:OpenGraves","floor":49},{"not_picked":["Shade:Trample","Shade:Asphyxiate","Shade:Frenzy"],"picked":"SKIP","floor":53},{"not_picked":["Shade:SpontaneousRitual","Shade:ExtraLimbs"],"picked":"Shade:AncientSpear","floor":54},{"not_picked":["Shade:FleshToFlesh","Shade:Brains"],"picked":"Shade:FingerOfDeath","floor":56},{"not_picked":["Shade:FleshToFlesh","Shade:BoneShards"],"picked":"Shade:PoundOfFlesh","floor":57},{"not_picked":["Shade:Carnophage","Shade:FingerOfDeath","Shade:Trample"],"picked":"SKIP","floor":60},{"not_picked":["Shade:FleshOffering","Shade:FeralStrike"],"picked":"Shade:Excise","floor":63},{"not_picked":["bard:Shout","Chill"],"picked":"Gatherer:ScentOfRosmari","floor":66},{"not_picked":["hermit:Shortfuse","Shade:RavenousHorde"],"picked":"Backflip Giant","floor":67},{"not_picked":["Hidden Blade+1","theScribe:Overcharge","Fanatic Cultist+1"],"picked":"SKIP","floor":68}],"player_experience":136767,"relics_obtained":[{"floor":9,"key":"MawBank"},{"floor":21,"key":"StuffTheSpire:Experiment12"},{"floor":24,"key":"Replay:Rubber Ducky"},{"floor":27,"key":"halation:PrussianBluePaint"},{"floor":39,"key":"hubris:Teleporter"},{"floor":41,"key":"Replay:Ringing Soul"},{"floor":42,"key":"Incense Burner"},{"floor":58,"key":"Strawberry"}],"event_choices":[{"cards_removed":["Shade:Strike_Shade"],"damage_healed":0,"gold_gain":0,"player_choice":"Card Removal","damage_taken":0,"max_hp_gain":0,"max_hp_loss":0,"event_name":"The Cleric","floor":3,"gold_loss":0},{"damage_healed":0,"gold_gain":0,"player_choice":"Fight","damage_taken":0,"max_hp_gain":0,"max_hp_loss":0,"event_name":"Mysterious Sphere","floor":39,"gold_loss":0},{"damage_healed":0,"gold_gain":0,"player_choice":"Forge","damage_taken":0,"max_hp_gain":0,"max_hp_loss":0,"event_name":"Accursed Blacksmith","floor":55,"gold_loss":0,"cards_upgraded":["Shade:Premonition"]},{"damage_healed":32,"gold_gain":0,"player_choice":"Banana","damage_taken":0,"max_hp_gain":0,"max_hp_loss":0,"event_name":"Big Fish","floor":64,"gold_loss":0}],"is_beta":false,"boss_relics":[{"not_picked":["hubris:Backtick","Black Star"],"picked":"MagicMushroom"},{"not_picked":[]},{"not_picked":["halation:PlatinumPhoenix","Ring of Chaos"],"picked":"Empty Cage"},{"not_picked":[]},{"not_picked":["aspiration:RitualDagger","ChampionBelt"],"picked":"Runic Pyramid"},{"not_picked":[]}],"items_purged_floors":[45,63],"is_endless":true,"potions_floor_spawned":[2,8,15,16,23,26,29,30,47,48,49,50,53,56,57,66],"killed_by":"Delirium","ascension_level":0}}