{"host":"5gc11emcm5chfr5t","time":1608619751,"event":{"mods":["2.2 Compatiblity","AchievementEnabler","BaseMod","Bestiary","Better Note","Colored Map","Colored Powertips","Downfall","Googly Eyes","Minty Spire (QoL Compilation)","Rare Cards Sparkle","StSLib"],"gold_per_floor":[349,366,18,18,68,68,94,108,208,133,163,175,193,226,241,241,241],"floor_reached":16,"playtime":537,"items_purged":[],"score":200,"play_id":"90e4cae1-7715-4476-b047-f54f43a678c7","local_time":"20201222014911","is_ascension_mode":true,"campfire_choices":[{"floor":1,"key":"RECALL"},{"data":"sneckomod:DangerNoodle","floor":6,"key":"SMITH"},{"data":"sneckomod:UnknownRareAttack","floor":10,"key":"SMITH"}],"circlet_count":0,"master_deck":["AscendersBane","sneckomod:Strike","sneckomod:Strike","sneckomod:Strike","sneckomod:Defend","sneckomod:Defend","sneckomod:Defend","sneckomod:TailWhip","sneckomod:SnekBite","sneckomod:Unknown","sneckomod:Unknown","sneckomod:QuickMove","sneckomod:DangerNoodle+1","sneckomod:UnknownRareAttack+1","sneckomod:UnknownRareSkill","sneckomod:UnknownRarePower","sneckomod:UnknownUncommonAttack","sneckomod:SnekBeam","sneckomod:QuickMove","sneckomod:Unknown1Cost","sneckomod:UnknownColorless","sneckomod:QuickMove","sneckomod:UnknownDexterity","sneckomod:UnknownUncommonPower"],"relics":["sneckomod:SneckoSoul","sneckomod:RareBoosterPack","downfall:BrokenWingStatue","Juzu Bracelet","downfall:HeartBlessingRed","Odd Mushroom","Incense Burner"],"acts_visited":["Exordium"],"potions_floor_usage":[3,13,13,16],"damage_taken":[{"damage":4,"enemies":"Jaw Worm","floor":2,"turns":3},{"damage":0,"enemies":"downfall:FleeingMerchant","floor":3,"turns":4},{"damage":4,"enemies":"Small Slimes","floor":8,"turns":4},{"damage":0,"enemies":"The Mushroom Lair","floor":11,"turns":1},{"damage":1,"enemies":"2 Louse","floor":12,"turns":2},{"damage":21,"enemies":"2 Fungi Beasts","floor":13,"turns":4},{"damage":17,"enemies":"3 Sentries","floor":14,"turns":7},{"damage":4,"enemies":"Large Slime","floor":15,"turns":4},{"damage":33,"enemies":"downfall:Ironclad","floor":16,"turns":9}],"seed_played":"4726763750636940637","potions_obtained":[{"floor":2,"key":"ColorlessPotion"},{"floor":11,"key":"FearPotion"},{"floor":12,"key":"ColorlessPotion"}],"is_trial":false,"path_per_floor":["R","M","$","?","?","R","T","M","?","R","?","M","M","E","M","B"],"character_chosen":"THE_SNECKO","items_purchased":["sneckomod:RareBoosterPack","sneckomod:UnknownUncommonAttack","sneckomod:SnekBeam"],"campfire_rested":0,"item_purchase_floors":[3,3,3],"current_hp_per_floor":[75,71,75,75,75,75,75,71,71,71,72,72,51,35,32,0,0],"gold":241,"neow_bonus":"TWO_FIFTY_GOLD","is_daily":false,"chose_seed":false,"campfire_upgraded":2,"win_rate":0.0,"timestamp":1608619751,"path_taken":["R","M","$","?","?","R","T","M","?","R","?","M","M","E","M","BOSS"],"items_purchased_type":["Relic","Card","Card"],"build_version":"2020-12-13","purchased_purges":0,"victory":false,"max_hp_per_floor":[75,75,79,79,79,79,79,79,79,79,80,81,81,82,83,83,83],"card_choices":[{"not_picked":["sneckomod:UnknownClassSLIMEBOUND","sneckomod:SoulDraw"],"picked":"sneckomod:QuickMove","floor":2},{"not_picked":["sneckomod:UnknownWeak","sneckomod:Unknown0Cost"],"picked":"sneckomod:DangerNoodle","floor":3},{"not_picked":["sneckomod:IronFang","sneckomod:UnknownX"],"picked":"sneckomod:QuickMove","floor":8},{"not_picked":["sneckomod:DefensiveFlair","sneckomod:UnknownClassTHE_CHAMP_GRAY"],"picked":"sneckomod:Unknown1Cost","floor":11},{"not_picked":["sneckomod:WideSting","sneckomod:QuickMove"],"picked":"sneckomod:UnknownColorless","floor":12},{"not_picked":["sneckomod:UnknownClassPURPLE","sneckomod:UnknownWeak"],"picked":"sneckomod:QuickMove","floor":13},{"not_picked":["sneckomod:RainOfDice","sneckomod:UnknownExhaust"],"picked":"sneckomod:UnknownDexterity","floor":14},{"not_picked":["sneckomod:UnknownClassGUARDIAN","sneckomod:WideSting"],"picked":"sneckomod:UnknownUncommonPower","floor":15}],"player_experience":470117,"relics_obtained":[{"floor":7,"key":"Juzu Bracelet"},{"floor":11,"key":"Odd Mushroom"},{"floor":14,"key":"Incense Burner"}],"event_choices":[{"damage_healed":0,"gold_gain":0,"player_choice":"Fought Mushrooms","damage_taken":0,"max_hp_gain":0,"max_hp_loss":0,"event_name":"Mushrooms","floor":11,"gold_loss":0}],"is_beta":false,"boss_relics":[],"items_purged_floors":[],"is_endless":false,"potions_floor_spawned":[2,11,12],"killed_by":"downfall:Ironclad","ascension_level":20}}