{"host":"wppa8gky53tnknhf","time":1608676238,"event":{"mods":["AchievementEnabler","Act Like it!","BaseMod","Better Third Choice","BetterRewards","Card Forge","Colored Powertips","Energized Spire","Hubris","Infinite Spire","Marked Mod","Minty Spire (QoL Compilation)","Permanent Neow","Quick Restart","Rare Cards Sparkle","Relic Stats","Remove Card Discount Mod","Replay The Spire","Spikes Relics","Spire Birthday Party","StSLib"],"gold_per_floor":[111,131,131,148,168,199,199,228,228,259,277,289,302,313,313,410,410,430,444,128,128,128,154,154,154,154,181,181,181],"floor_reached":28,"playtime":846,"items_purged":[],"score":345,"play_id":"0a38a86b-d0fd-4d07-961b-39dea106425a","local_time":"20201222223038","is_ascension_mode":true,"campfire_choices":[{"floor":7,"key":"RECALL"},{"floor":15,"key":"REST"},{"floor":25,"key":"REST"}],"circlet_count":0,"master_deck":["Strike_G+1","Strike_G+1","Strike_G+1","Strike_G+1","Strike_G+1","Defend_G+1","Defend_G+1","Defend_G+1","Defend_G+1","Defend_G+1","Survivor+1","Neutralize+1","Deadly Poison+1","Heel Hook+1","PiercingWail+1","Poisoned Stab+1","Backstab+1","Flying Knee+1","Slice+1","PiercingWail+1","Phantasmal Killer+1","Caltrops","Slice+1","Dagger Spray","Necronomicurse","Flying Knee+1","Skewer+1"],"relics":["Hammer of Thor","Seething Fire","Anvil of the Gods","ChewingGum","hubris:Towel","hubris:CuriousFeather","Blood Vial","LugNut","infinitespire:Broken Mirror","Replay:Bronze Core","Mango","Necronomicon","Oddly Smooth Stone"],"acts_visited":["Exordium","TheCity"],"potions_floor_usage":[6,16,16,16,23],"damage_taken":[{"damage":0,"enemies":"2 Louse","floor":1,"turns":2},{"damage":0,"enemies":"Jaw Worm","floor":2,"turns":3},{"damage":0,"enemies":"Small Slimes","floor":4,"turns":2},{"damage":0,"enemies":"3 Louse","floor":5,"turns":4},{"damage":0,"enemies":"Lagavulin","floor":6,"turns":7},{"damage":24,"enemies":"Gremlin Nob","floor":8,"turns":6},{"damage":3,"enemies":"3 Sentries","floor":10,"turns":10},{"damage":4,"enemies":"Blue Slaver","floor":11,"turns":2},{"damage":0,"enemies":"Red Slaver","floor":12,"turns":2},{"damage":0,"enemies":"Looter","floor":13,"turns":2},{"damage":6,"enemies":"3 Louse","floor":14,"turns":3},{"damage":18,"enemies":"The Guardian","floor":16,"turns":10},{"damage":8,"enemies":"Spheric Guardian","floor":18,"turns":4},{"damage":7,"enemies":"Shell Parasite","floor":19,"turns":3},{"damage":9,"enemies":"Book of Stabbing","floor":23,"turns":5},{"damage":56,"enemies":"Gremlin Leader","floor":27,"turns":5},{"damage":12,"enemies":"Centurion and Healer","floor":28,"turns":1}],"seed_played":"-6047201738649320375","potions_obtained":[{"floor":4,"key":"LiquidBronze"},{"floor":5,"key":"Fruit Juice"},{"floor":10,"key":"Dexterity Potion"},{"floor":11,"key":"Weak Potion"},{"floor":18,"key":"Energy Potion"},{"floor":19,"key":"Weak Potion"}],"is_trial":false,"path_per_floor":["M","M","?","M","M","E","R","E","T","E","M","M","M","M","R","B",null,"M","M","$","?","?","E","?","R","T","E","M"],"character_chosen":"THE_SILENT","items_purchased":["Mango","Dagger Spray"],"campfire_rested":2,"item_purchase_floors":[20,20],"current_hp_per_floor":[70,70,70,70,70,75,75,51,51,50,48,50,52,48,70,54,75,67,62,76,59,43,36,36,64,64,10,0,0],"gold":181,"neow_bonus":"BOSS_RELIC","is_daily":false,"chose_seed":false,"campfire_upgraded":0,"win_rate":0.0,"timestamp":1608676238,"path_taken":["M","M","?","M","M","E","R","E","T","E","M","M","M","M","R","BOSS","M","M","$","?","?","E","?","R","T","E","M"],"items_purchased_type":["Relic","Card"],"build_version":"2020-12-13","purchased_purges":0,"victory":false,"max_hp_per_floor":[70,70,70,70,70,75,75,75,75,75,75,75,75,75,75,75,75,75,75,89,94,94,94,94,94,94,94,94,94],"relic_stats":{"Blood Vial":20,"counters":[17,71],"Necronomicon":[0],"obtain_stats":[{"Oddly Smooth Stone":23,"Mango":20,"Hammer of Thor":0,"Seething Fire":0,"hubris:Towel":3,"Blood Vial":8,"Anvil of the Gods":0,"infinitespire:Broken Mirror":10,"Replay:Bronze Core":17,"ChewingGum":0,"hubris:CuriousFeather":6,"Necronomicon":22,"LugNut":9,"Ring of the Snake":0},{"Oddly Smooth Stone":15,"Mango":14,"Hammer of Thor":0,"Seething Fire":0,"hubris:Towel":2,"Blood Vial":6,"Anvil of the Gods":0,"infinitespire:Broken Mirror":7,"Replay:Bronze Core":12,"ChewingGum":0,"hubris:CuriousFeather":5,"Necronomicon":14,"LugNut":6,"Ring of the Snake":0},{"Oddly Smooth Stone":65,"Mango":60,"Hammer of Thor":0,"Seething Fire":0,"hubris:Towel":5,"Blood Vial":24,"Anvil of the Gods":0,"infinitespire:Broken Mirror":34,"Replay:Bronze Core":53,"ChewingGum":0,"hubris:CuriousFeather":18,"Necronomicon":60,"LugNut":24,"Ring of the Snake":0}]},"card_choices":[{"not_picked":["Outmaneuver","Backflip"],"picked":"Deadly Poison","floor":1},{"not_picked":["Leg Sweep","Accuracy"],"picked":"Heel Hook","floor":2},{"not_picked":["All Out Attack","Underhanded Strike"],"picked":"PiercingWail","floor":4},{"not_picked":["Tools of the Trade","hubris:TrickCloak","Catalyst"],"picked":"SKIP","floor":5},{"not_picked":["Backstab","Heel Hook"],"picked":"hubris:SlightOfHand","floor":6},{"not_picked":["Dodge and Roll","hubris:Counter"],"picked":"Poisoned Stab","floor":8},{"not_picked":["ReplayTheSpireMod:Speed Training","Skewer"],"picked":"Backstab","floor":10},{"not_picked":["Grand Finale","Deflect"],"picked":"Flying Knee","floor":11},{"not_picked":["Calculated Gamble","Dagger Throw"],"picked":"Slice","floor":12},{"not_picked":["ReplayTheSpireMod:Speed Training","Predator","Backflip"],"picked":"SKIP","floor":13},{"not_picked":["Acrobatics","ReplayTheSpireMod:Exploit Weakness"],"picked":"PiercingWail","floor":14},{"not_picked":["Glass Knife","Night Terror"],"picked":"Phantasmal Killer","floor":16},{"not_picked":["Dodge and Roll","Setup+1"],"picked":"Caltrops","floor":18},{"not_picked":["Underhanded Strike","Backflip"],"picked":"Slice+1","floor":19},{"not_picked":["Reflex","Sucker Punch+1"],"picked":"Flying Knee+1","floor":23},{"not_picked":["Blade Dance","Cloak And Dagger+1"],"picked":"Skewer+1","floor":27}],"player_experience":681391,"relics_obtained":[{"floor":6,"key":"hubris:CuriousFeather"},{"floor":8,"key":"Blood Vial"},{"floor":9,"key":"LugNut"},{"floor":10,"key":"infinitespire:Broken Mirror"},{"floor":22,"key":"Necronomicon"},{"floor":23,"key":"Oddly Smooth Stone"}],"event_choices":[{"damage_healed":0,"gold_gain":0,"player_choice":"Shed Blood","damage_taken":22,"max_hp_gain":5,"max_hp_loss":0,"event_name":"Forgotten Altar","floor":21,"gold_loss":0},{"damage_healed":0,"gold_gain":0,"player_choice":"Obtained Book","damage_taken":16,"max_hp_gain":0,"max_hp_loss":0,"event_name":"Cursed Tome","floor":22,"gold_loss":0},{"damage_healed":0,"gold_gain":0,"player_choice":"Ignored","damage_taken":0,"max_hp_gain":0,"max_hp_loss":0,"event_name":"NoteForYourself","floor":24,"gold_loss":0}],"is_beta":false,"boss_relics":[{"not_picked":["Busted Crown","Philosopher\u0027s Stone"],"picked":"Replay:Bronze Core"}],"items_purged_floors":[],"is_endless":false,"potions_floor_spawned":[4,5,10,11,12,18,19],"killed_by":"Centurion and Healer","ascension_level":1}}