{"host":"dwyzfvnzfcqffr30","time":1608670228,"event":{"mods":["2.2 Compatiblity","Act Like it!","BaseMod","Beaked The Cultist","Better Altar","Better Match","Better Note","Better Sensory Stone","Better Skull","Better Third Choice","Clockwork Mod","Colored Map","Colored Powertips","Conspire","Downfall","Elementarium","GifTheSpireLib","Halation","Hermit","Hubris","Infinite Spire","Ironclad Rager","Jedi Mod","Menagerie","Mimic Mod","Minty Spire (QoL Compilation)","Permanent Neow","Random Character Button","Replay The Spire","Spicy Shops","StSLib","Stuff the Spire","The Construct","The Disciple","The Druid","The Marked","TheFirefly","Trackpad","vexMod"],"gold_per_floor":[417,417,430,443,459,563,576,680,703,71,85,205,205,205,205,302,302,317,337,337,337,337,337],"floor_reached":22,"playtime":7792,"items_purged":[],"score":291,"play_id":"b40f5d51-a454-43d6-94ce-a66fb3dfed8b","local_time":"20201222125028","is_ascension_mode":true,"campfire_choices":[{"floor":15,"key":"RECALL"}],"circlet_count":0,"master_deck":["AscendersBane","beaked:Strike_Y","beaked:Strike_Y","beaked:Strike_Y","beaked:Strike_Y","beaked:Strike_Y","beaked:Defend_Y","beaked:Defend_Y","beaked:Defend_Y","beaked:Defend_Y","beaked:Ceremony+1","beaked:Ceremony+1","beaked:Ceremony+1","MasterReality+1","beaked:BloodRitual+1","beaked:RitualOfBody+1","beaked:CrazyRituals+1","beaked:Tweet+1","beaked:DigDeep+1","beaked:MaddeningMurmurs+1","conspire:Banana+1","beaked:Overexert+1","beaked:Hexing+1","beaked:BraceForImpact+1","Elementarium:WindblessedBlade+1"],"relics":["beaked:MendingPlumage","Bottled Tornado","Quantum Egg","Frozen Egg 2","Toxic Egg 2","Molten Egg 2","Juzu Bracelet","StuffTheSpire:TintedRock","hubris:EvacipatedBox","hubris:FruitBowl","hubris:Towel","trackpad:ToughGloves","Happy Flower","StuffTheSpire:Experiment12","trackpad:CultistFigurine","Onion Ring","Omamori","Boot","Simple Rune","ReplayTheSpireMod:Ring of Collecting","Ring of Misfortune","halation:Prosthetics","Bronze Scales"],"acts_visited":["Menagerie:Menagerie","Elementarium:Elementarium"],"potions_floor_usage":[8,16,16,19],"damage_taken":[{"damage":2,"enemies":"Menagerie:StygianBoar","floor":1,"turns":3},{"damage":15,"enemies":"Menagerie:2_RABBITS","floor":3,"turns":6},{"damage":22,"enemies":"Menagerie:WhisperingWraith","floor":4,"turns":6},{"damage":37,"enemies":"Menagerie:MaskedSummoner","floor":6,"turns":8},{"damage":20,"enemies":"Menagerie:BEAST_MAGE_AND_PROWLING_AMALGAM","floor":7,"turns":5},{"damage":40,"enemies":"Menagerie:VoidReaper","floor":8,"turns":5},{"damage":6,"enemies":"Menagerie:STYGIAN_BOAR_AND_RABBIT","floor":11,"turns":4},{"damage":30,"enemies":"Menagerie:MaskedSummoner","floor":12,"turns":6},{"damage":39,"enemies":"Menagerie:Chimera","floor":16,"turns":6},{"damage":4,"enemies":"Elementarium:2_ELEMENTALS","floor":18,"turns":6},{"damage":4,"enemies":"Elementarium:MUD_AND_TAR_GOLEMS","floor":19,"turns":7},{"damage":16,"enemies":"Elementarium:RubyGolem","floor":22,"turns":1}],"seed_played":"8095828658376465800","potions_obtained":[{"floor":1,"key":"SpeedPotion"},{"floor":6,"key":"Energy Potion"},{"floor":8,"key":"PowerPotion"},{"floor":12,"key":"jedi:StrikingPotion"},{"floor":16,"key":"hexamod:EctoCoolerPotion"},{"floor":18,"key":"Ancient Potion"}],"is_trial":false,"path_per_floor":["M","?","M","M","?","E","M","E","T","$","M","E","?","?","R","B",null,"M","M","?","?","M"],"character_chosen":"BEAKED_THE_CULTIST","items_purchased":["conspire:Banana+1","Onion Ring","Omamori","Boot"],"campfire_rested":0,"item_purchase_floors":[10,10,10,10],"current_hp_per_floor":[50,50,48,39,39,32,30,50,50,50,53,51,51,51,51,42,7,9,13,13,5,0,0],"gold":337,"neow_bonus":"REMOVE_CARD","is_daily":false,"chose_seed":false,"campfire_upgraded":0,"win_rate":0.0,"timestamp":1608670228,"path_taken":["M","?","M","M","?","E","M","E","T","$","M","E","?","?","R","BOSS","M","M","?","?","M"],"items_purchased_type":["Card","Relic","Relic","Relic"],"build_version":"2020-12-13","purchased_purges":0,"victory":false,"max_hp_per_floor":[50,50,50,50,50,50,50,50,50,50,53,56,56,56,56,59,7,10,13,13,13,13,13],"card_choices":[{"not_picked":["beaked:Devastation+1","beaked:Tradeoff+1"],"picked":"beaked:BloodRitual+1","floor":1},{"not_picked":["beaked:Foresight+1","beaked:Windmill+1"],"picked":"beaked:RitualOfBody+1","floor":3},{"not_picked":["beaked:MimicWarrior+1","beaked:Negation+1"],"picked":"beaked:CrazyRituals+1","floor":4},{"not_picked":["beaked:Redirect+1","beaked:Pecker+1"],"picked":"beaked:Tweet+1","floor":5},{"not_picked":["beaked:Pecker+1","beaked:BloodRitual+1","beaked:Redirect+1"],"picked":"SKIP","floor":6},{"not_picked":["ReplayTheSpireMod:Wings of Steel+1","beaked:BloodRitual+1"],"picked":"beaked:DigDeep+1","floor":7},{"not_picked":["beaked:Brainwash+1","beaked:Flinch+1"],"picked":"beaked:MaddeningMurmurs+1","floor":8},{"not_picked":["beaked:RuinSticks+1","beaked:VolatileMisfortune+1"],"picked":"beaked:Overexert+1","floor":11},{"not_picked":["beaked:Molting+1","beaked:Evade+1"],"picked":"beaked:Hexing+1","floor":12},{"not_picked":["beaked:Insight+1","beaked:FeelMyPain+1"],"picked":"beaked:BraceForImpact+1","floor":18},{"not_picked":["beaked:DigDeep+1","beaked:SurvivalInstinct+1","beaked:Tradeoff+1"],"picked":"SKIP","floor":19}],"player_experience":2329660,"relics_obtained":[{"floor":5,"key":"trackpad:ToughGloves"},{"floor":6,"key":"Happy Flower"},{"floor":8,"key":"StuffTheSpire:Experiment12"},{"floor":9,"key":"trackpad:CultistFigurine"},{"floor":12,"key":"Simple Rune"},{"floor":14,"key":"ReplayTheSpireMod:Ring of Collecting"},{"floor":14,"key":"Ring of Misfortune"}],"event_choices":[{"damage_healed":0,"gold_gain":0,"player_choice":"Simplicity","damage_taken":0,"max_hp_gain":0,"max_hp_loss":9,"event_name":"betterThird:BetterWriting","floor":0,"gold_loss":0},{"damage_healed":0,"gold_gain":0,"player_choice":"3","damage_taken":0,"max_hp_gain":0,"max_hp_loss":0,"event_name":"betterMatch:BetterMatch","floor":13,"gold_loss":0,"cards_obtained":[]},{"damage_healed":0,"gold_gain":0,"player_choice":"Take","damage_taken":0,"max_hp_gain":0,"max_hp_loss":0,"event_name":"Elementarium:BladeSeller","floor":20,"gold_loss":0,"cards_obtained":["Elementarium:WindblessedBlade"]},{"damage_healed":0,"gold_gain":0,"player_choice":"RE ","damage_taken":10,"relics_obtained":["Bronze Scales"],"max_hp_gain":0,"max_hp_loss":0,"event_name":"betterSkull:BetterSkull","floor":21,"gold_loss":0,"cards_upgraded":[]}],"is_beta":false,"boss_relics":[{"not_picked":["halation:HeavySnake","halation:CatFaceCupcake","Replay:Grab Bag"],"picked":"halation:Prosthetics"}],"items_purged_floors":[],"is_endless":false,"potions_floor_spawned":[1,6,8,12,16,18],"killed_by":"Elementarium:RubyGolem","ascension_level":10}}