{"host":"rmsq46plbpwfbxcc","time":1608676097,"event":{"mods":["AchievementEnabler","BaseMod","Colored Map","DeckTracker","Minty Spire (QoL Compilation)","Permanent Neow","SuperFastMode"],"gold_per_floor":[119,130,130,143,68,96,96,427,427,427,427,427,445,459,459,538,538,549,563,574,375,375,375,410,410,410,427,427,438,353,366,366,440,440,458,475,187,187,200,200,200,233,233,280,66,99,115,131,131,131],"floor_reached":51,"playtime":1705,"items_purged":["Strike_G","Strike_G","Strike_G"],"score":1312,"play_id":"af5781da-e739-4412-8202-50a6154145a3","local_time":"20201223072817","is_ascension_mode":true,"campfire_choices":[{"data":"Cloak And Dagger","floor":7.0,"key":"SMITH"},{"data":"Blade Dance","floor":10.0,"key":"SMITH"},{"data":"Footwork","floor":12.0,"key":"SMITH"},{"data":"Accuracy","floor":15.0,"key":"SMITH"},{"data":"Envenom","floor":23.0,"key":"SMITH"},{"data":"Cloak And Dagger","floor":25.0,"key":"SMITH"},{"data":"Footwork","floor":28.0,"key":"SMITH"},{"data":"Neutralize","floor":32.0,"key":"SMITH"},{"data":"Phantasmal Killer","floor":40.0,"key":"SMITH"},{"data":"After Image","floor":49.0,"key":"SMITH"}],"circlet_count":0,"master_deck":["AscendersBane","Strike_G","Strike_G","Defend_G","Defend_G+1","Defend_G","Defend_G","Survivor","Neutralize+1","Cloak And Dagger+1","Cloak And Dagger+1","Footwork+1","PiercingWail","Blade Dance+1","Neutralize","Footwork+1","Accuracy+1","Envenom+1","Bane+1","Trip+1","Blur+1","Bullet Time","Phantasmal Killer+1","CurseOfTheBell","Dash","Cloak And Dagger+1","After Image+1","Backflip+1","Finisher"],"relics":["WristBlade","Potion Belt","Old Coin","Mummified Hand","Coffee Dripper","Bird Faced Urn","Ornamental Fan","Nunchaku","Calling Bell","War Paint","Pear","Prayer Wheel","Lee\u0027s Waffle","Juzu Bracelet","Bottled Flame","Tough Bandages","Strawberry","Shuriken"],"acts_visited":["Exordium","TheCity","TheBeyond"],"potions_floor_usage":[50],"damage_taken":[{"damage":5.0,"enemies":"2 Louse","floor":1.0,"turns":4.0},{"damage":0.0,"enemies":"Small Slimes","floor":2.0,"turns":3.0},{"damage":0.0,"enemies":"Cultist","floor":4.0,"turns":4.0},{"damage":26.0,"enemies":"Gremlin Nob","floor":6.0,"turns":5.0},{"damage":6.0,"enemies":"3 Sentries","floor":8.0,"turns":8.0},{"damage":0.0,"enemies":"Looter","floor":13.0,"turns":1.0},{"damage":0.0,"enemies":"Large Slime","floor":14.0,"turns":5.0},{"damage":18.0,"enemies":"Slime Boss","floor":16.0,"turns":5.0},{"damage":0.0,"enemies":"Spheric Guardian","floor":18.0,"turns":3.0},{"damage":0.0,"enemies":"2 Thieves","floor":19.0,"turns":4.0},{"damage":19.0,"enemies":"Cultist and Chosen","floor":20.0,"turns":6.0},{"damage":18.0,"enemies":"Book of Stabbing","floor":24.0,"turns":5.0},{"damage":0.0,"enemies":"Centurion and Healer","floor":27.0,"turns":4.0},{"damage":22.0,"enemies":"Snake Plant","floor":29.0,"turns":5.0},{"damage":0.0,"enemies":"Snecko","floor":31.0,"turns":4.0},{"damage":8.0,"enemies":"Champ","floor":33.0,"turns":10.0},{"damage":3.0,"enemies":"Orb Walker","floor":35.0,"turns":3.0},{"damage":38.0,"enemies":"3 Shapes","floor":36.0,"turns":4.0},{"damage":42.0,"enemies":"Transient","floor":39.0,"turns":5.0},{"damage":10.0,"enemies":"Giant Head","floor":42.0,"turns":8.0},{"damage":23.0,"enemies":"2 Orb Walkers","floor":44.0,"turns":6.0},{"damage":42.0,"enemies":"Nemesis","floor":46.0,"turns":5.0},{"damage":0.0,"enemies":"Writhing Mass","floor":47.0,"turns":4.0},{"damage":7.0,"enemies":"Sphere and 2 Shapes","floor":48.0,"turns":6.0},{"damage":27,"enemies":"Awakened One","floor":50,"turns":10}],"seed_played":"-7839772136932436075","potions_obtained":[{"floor":2.0,"key":"Block Potion"},{"floor":4.0,"key":"BlessingOfTheForge"},{"floor":6.0,"key":"FearPotion"},{"floor":13.0,"key":"Block Potion"},{"floor":19.0,"key":"Dexterity Potion"},{"floor":20.0,"key":"Energy Potion"},{"floor":29.0,"key":"AttackPotion"},{"floor":31.0,"key":"ColorlessPotion"},{"floor":33.0,"key":"Ancient Potion"},{"floor":39.0,"key":"AttackPotion"},{"floor":46.0,"key":"Swift Potion"},{"floor":47.0,"key":"SpeedPotion"}],"is_trial":false,"path_per_floor":["M","M","?","M","$","E","R","E","T","R","?","R","M","M","R","B",null,"M","M","M","$","?","R","E","R","T","M","R","M","?","M","R","B",null,"M","M","$","?","M","R","?","E","T","?","$","E","M","M","R","B",null],"character_chosen":"THE_SILENT","items_purchased":["Trip","Lee\u0027s Waffle","Strawberry","Block Potion"],"campfire_rested":0,"item_purchase_floors":[21,37,45,45],"current_hp_per_floor":[54,54,54,54,54,28,28,22,22,22,22,22,22,22,22,4,51,51,51,32,32,32,32,14,14,14,22,22,8,8,16,16,16,64,67,37,83,83,49,49,49,47,47,32,39,7,15,18,18,1],"gold":131,"neow_bonus":"BOSS_RELIC","is_daily":false,"chose_seed":false,"campfire_upgraded":10,"win_rate":0.0,"timestamp":1608676097,"path_taken":["M","M","?","M","$","E","R","E","T","R","?","R","?","M","R","BOSS","M","M","M","$","?","R","E","R","T","M","R","M","?","M","R","BOSS","M","M","$","?","?","R","?","E","T","?","?","E","M","M","R","BOSS"],"items_purchased_type":["Card","Relic","Relic","Potion"],"build_version":"2020-12-13","purchased_purges":3,"victory":true,"max_hp_per_floor":[66,66,66,66,66,66,66,66,66,66,66,66,66,66,66,66,66,66,66,66,66,66,66,66,66,66,66,66,66,66,66,66,66,76,76,76,83,83,83,83,83,83,83,83,90,90,90,90,90,90],"card_choices":[{"not_picked":["Sucker Punch","Noxious Fumes"],"picked":"Cloak And Dagger","floor":1.0},{"not_picked":["Expertise","Flying Knee"],"picked":"Cloak And Dagger","floor":2.0},{"not_picked":["Setup","Bane"],"picked":"Footwork","floor":4.0},{"not_picked":["Backflip","Tactician"],"picked":"PiercingWail","floor":6.0},{"not_picked":["Catalyst","Choke"],"picked":"Blade Dance","floor":8.0},{"not_picked":["Deadly Poison","PiercingWail"],"picked":"Footwork","floor":13.0},{"not_picked":["Doppelganger","Eviscerate"],"picked":"Accuracy","floor":14.0},{"not_picked":["A Thousand Cuts","Doppelganger"],"picked":"Envenom","floor":16.0},{"not_picked":["Sucker Punch","Heel Hook+1"],"picked":"Bane+1","floor":18.0},{"not_picked":["Setup","Cloak And Dagger","Dagger Spray"],"picked":"SKIP","floor":19.0},{"not_picked":["Heel Hook","Prepared","Quick Slash"],"picked":"SKIP","floor":20.0},{"not_picked":["PiercingWail","Deadly Poison"],"picked":"Blur","floor":24.0},{"not_picked":["Flying Knee","Outmaneuver"],"picked":"Bullet Time","floor":27.0},{"not_picked":["Cloak And Dagger","Dodge and Roll","Prepared"],"picked":"SKIP","floor":29.0},{"not_picked":["Sucker Punch","Masterful Stab","Predator"],"picked":"SKIP","floor":31.0},{"not_picked":["Envenom","Bullet Time"],"picked":"Phantasmal Killer","floor":33.0},{"not_picked":["Dagger Throw","Calculated Gamble"],"picked":"Dash","floor":35.0},{"not_picked":["Cloak And Dagger","Tactician","All Out Attack+1"],"picked":"SKIP","floor":35.0},{"not_picked":["Dodge and Roll","Skewer","Quick Slash+1"],"picked":"SKIP","floor":36.0},{"not_picked":["Dagger Throw+1","Predator","Cloak And Dagger"],"picked":"SKIP","floor":36.0},{"not_picked":["Blade Dance","Flying Knee"],"picked":"Cloak And Dagger+1","floor":39.0},{"not_picked":["Concentrate","Outmaneuver","Deadly Poison"],"picked":"SKIP","floor":39.0},{"not_picked":["Quick Slash+1","Dagger Throw+1","Flying Knee"],"picked":"SKIP","floor":42.0},{"not_picked":["Flechettes","Prepared+1"],"picked":"After Image","floor":44.0},{"not_picked":["Eviscerate+1","Dagger Throw","Sucker Punch"],"picked":"SKIP","floor":46.0},{"not_picked":["Slice","Cloak And Dagger+1"],"picked":"Backflip+1","floor":47.0},{"not_picked":["Footwork","Blade Dance","Dagger Throw+1"],"picked":"SKIP","floor":47.0},{"not_picked":["Bouncing Flask","Blade Dance"],"picked":"Finisher","floor":48.0},{"not_picked":["Poisoned Stab+1","Crippling Poison","Infinite Blades"],"picked":"SKIP","floor":48.0}],"player_experience":1360300,"relics_obtained":[{"floor":6.0,"key":"Potion Belt"},{"floor":8.0,"key":"Old Coin"},{"floor":9.0,"key":"Mummified Hand"},{"floor":24.0,"key":"Bird Faced Urn"},{"floor":26.0,"key":"Ornamental Fan"},{"floor":34.0,"key":"War Paint"},{"floor":34.0,"key":"Pear"},{"floor":34.0,"key":"Prayer Wheel"},{"floor":42.0,"key":"Juzu Bracelet"},{"floor":43.0,"key":"Bottled Flame"},{"floor":44.0,"key":"Tough Bandages"},{"floor":46.0,"key":"Shuriken"}],"event_choices":[{"cards_removed":["Defend_G"],"damage_healed":0.0,"max_hp_gain":0.0,"max_hp_loss":0.0,"gold_gain":0.0,"event_name":"Living Wall","player_choice":"Forget","floor":3.0,"gold_loss":0.0,"damage_taken":0.0},{"damage_healed":0.0,"max_hp_gain":0.0,"max_hp_loss":0.0,"gold_gain":0.0,"event_name":"Match and Keep!","player_choice":"1 cards matched","floor":11.0,"gold_loss":0.0,"damage_taken":0.0,"cards_obtained":["Neutralize"]},{"damage_healed":0.0,"max_hp_gain":0.0,"max_hp_loss":0.0,"gold_gain":0.0,"event_name":"Ghosts","player_choice":"Ignored","floor":22.0,"gold_loss":0.0,"damage_taken":0.0},{"damage_healed":0.0,"max_hp_gain":0.0,"max_hp_loss":0.0,"gold_gain":0.0,"event_name":"Addict","player_choice":"Obtained Relic","floor":30.0,"gold_loss":85.0,"damage_taken":0.0,"relics_obtained":["Nunchaku"]},{"damage_healed":0.0,"max_hp_gain":0.0,"max_hp_loss":0.0,"gold_gain":0.0,"event_name":"Accursed Blacksmith","player_choice":"Forge","floor":38.0,"gold_loss":0.0,"damage_taken":0.0,"cards_upgraded":["Trip"]},{"damage_healed":0.0,"max_hp_gain":0.0,"max_hp_loss":0.0,"gold_gain":0.0,"event_name":"Tomb of Lord Red Mask","player_choice":"Ignored","floor":41.0,"gold_loss":0.0,"damage_taken":0.0},{"damage_healed":0.0,"max_hp_gain":0.0,"max_hp_loss":0.0,"gold_gain":0.0,"event_name":"Mysterious Sphere","player_choice":"Fight","floor":44.0,"gold_loss":0.0,"damage_taken":0.0}],"is_beta":false,"boss_relics":[{"not_picked":["Pandora\u0027s Box","Busted Crown"],"picked":"Coffee Dripper"},{"not_picked":["Fusion Hammer","Tiny House"],"picked":"Calling Bell"}],"items_purged_floors":[5,21,37],"is_endless":false,"potions_floor_spawned":[2,4,6,13,19,20,29,31,33,39,46,47],"ascension_level":16}}