{"host":"2qv44oxt58ptq59r","time":1608666498,"event":{"mods":["AchievementEnabler","BaseMod","Colored Powertips","Highlight Path","Minty Spire (QoL Compilation)","Permanent Neow","StSLib"],"gold_per_floor":[116,133,151,151,1,26,26,39,62,75,75,75,75,89,89,208,208,233,148,167,23,23,23,23,23,73,73,87,35,49,72,72,193,193,217,217,231,23,41,75,75,0,0,25,0,0,0,21,21,21,21],"floor_reached":50,"playtime":12509,"items_purged":["Strike_R"],"score":524,"play_id":"43913ff3-c8b8-4eb3-934b-6f51ca94ae58","local_time":"20201222194818","is_ascension_mode":false,"campfire_choices":[{"data":"Bash","floor":7.0,"key":"SMITH"},{"floor":11.0,"key":"REST"},{"data":"Armaments","floor":13.0,"key":"SMITH"},{"data":"Fire Breathing","floor":15.0,"key":"SMITH"},{"data":"Inflame","floor":24,"key":"SMITH"},{"floor":32,"key":"REST"},{"floor":41,"key":"REST"},{"floor":49,"key":"REST"}],"circlet_count":0,"master_deck":["Strike_R","Defend_R","Defend_R","Defend_R","Defend_R","Bash+1","Disarm","Clothesline","Intimidate","Armaments+1","Inflame+1","Fire Breathing+1","Headbutt","Uppercut","Limit Break","Double Tap+1","Limit Break+1","Flame Barrier+1","Body Slam+1","Pommel Strike+1","Metallicize","Feed","CurseOfTheBell","Metallicize","Seeing Red+1","Whirlwind","Clothesline"],"relics":["Burning Blood","Bag of Preparation","Regal Pillow","Vajra","Golden Idol","Astrolabe","Gambling Chip","Bronze Scales","Singing Bowl","Boot","Calling Bell","MealTicket","Darkstone Periapt","Torii","DollysMirror","StrikeDummy","Red Mask","Thread and Needle"],"acts_visited":["Exordium","TheCity","TheBeyond"],"potions_floor_usage":[28,30,30,30,33,39,47,48,50],"damage_taken":[{"damage":9.0,"enemies":"Cultist","floor":1.0,"turns":4.0},{"damage":0.0,"enemies":"2 Louse","floor":2.0,"turns":5.0},{"damage":4.0,"enemies":"Jaw Worm","floor":3.0,"turns":4.0},{"damage":21.0,"enemies":"Lagavulin","floor":6.0,"turns":6.0},{"damage":13.0,"enemies":"3 Louse","floor":8.0,"turns":6.0},{"damage":21.0,"enemies":"Gremlin Gang","floor":10.0,"turns":6.0},{"damage":0.0,"enemies":"Exordium Thugs","floor":14.0,"turns":5.0},{"damage":20.0,"enemies":"Hexaghost","floor":16.0,"turns":11.0},{"damage":7.0,"enemies":"Shell Parasite","floor":18.0,"turns":6.0},{"damage":4,"enemies":"Chosen","floor":20,"turns":5},{"damage":24,"enemies":"Snake Plant","floor":28,"turns":4},{"damage":84,"enemies":"3 Cultists","floor":30,"turns":7},{"damage":4,"enemies":"Chosen and Byrds","floor":31,"turns":5},{"damage":45,"enemies":"Champ","floor":33,"turns":10},{"damage":29,"enemies":"Orb Walker","floor":35,"turns":5},{"damage":12,"enemies":"3 Shapes","floor":37,"turns":9},{"damage":29,"enemies":"Jaw Worm Horde","floor":39,"turns":6},{"damage":55,"enemies":"Reptomancer","floor":40,"turns":9},{"damage":25,"enemies":"Writhing Mass","floor":44,"turns":6},{"damage":0,"enemies":"4 Shapes","floor":47,"turns":1},{"damage":30,"enemies":"Maw","floor":48,"turns":8},{"damage":82,"enemies":"Awakened One","floor":50,"turns":13}],"seed_played":"3086600387134752566","potions_obtained":[{"floor":1.0,"key":"BloodPotion"},{"floor":3.0,"key":"AttackPotion"},{"floor":10.0,"key":"DistilledChaos"},{"floor":14.0,"key":"Block Potion"},{"floor":20,"key":"SkillPotion"},{"floor":25,"key":"ColorlessPotion"},{"floor":31,"key":"HeartOfIron"},{"floor":33,"key":"SmokeBomb"},{"floor":37,"key":"FearPotion"},{"floor":48,"key":"EssenceOfSteel"}],"is_trial":false,"path_per_floor":["M","M","M","?","$","E","R","M","T","M","R","?","R","M","R","B",null,"M","?","M","$","?","?","R","?","T","$","M","$","M","M","R","B",null,"M","?","M","$","M","E","R","?","T","M","$","?","M","M","R","B"],"character_chosen":"IRONCLAD","items_purchased":["AttackPotion","Armaments","Bronze Scales","BloodPotion","DollysMirror","SkillPotion","Clothesline"],"campfire_rested":4,"item_purchase_floors":[5,5,21,29,38,38,45],"current_hp_per_floor":[77,80,80,80,80,65,65,58,58,43,80,60,60,66,66,52,80,79,79,80,80,80,80,80,80,80,80,64,64,20,22,62,23,84,63,65,61,76,56,9,52,52,52,33,48,48,54,32,76,0,0],"gold":21,"neow_bonus":"RANDOM_COMMON_RELIC","is_daily":false,"chose_seed":false,"campfire_upgraded":4,"win_rate":0.0,"timestamp":1608666498,"path_taken":["M","M","M","?","$","E","R","M","T","?","R","?","R","M","R","BOSS","M","?","M","$","?","?","R","?","T","$","?","?","?","M","R","BOSS","M","?","M","$","M","E","R","?","T","M","$","?","?","M","R","BOSS"],"items_purchased_type":["Potion","Card","Relic","Potion","Relic","Potion","Card"],"build_version":"2020-12-13","purchased_purges":1,"victory":false,"max_hp_per_floor":[80,80,80,80,80,80,80,80,80,80,80,80,80,80,80,80,80,80,80,80,80,80,80,80,80,80,80,82,82,84,84,84,84,84,86,88,90,90,93,95,95,95,95,95,95,95,95,97,97,97,97],"card_choices":[{"not_picked":["Dark Embrace","Iron Wave"],"picked":"Disarm","floor":1.0},{"not_picked":["Sword Boomerang","Battle Trance"],"picked":"Clothesline","floor":2.0},{"not_picked":["Armaments","True Grit"],"picked":"Intimidate","floor":3.0},{"not_picked":["Limit Break","Clothesline"],"picked":"Inflame","floor":6.0},{"not_picked":["Warcry","Clash"],"picked":"Fire Breathing","floor":8.0},{"not_picked":["Armaments","Clash"],"picked":"Headbutt","floor":10.0},{"not_picked":["Double Tap","Rampage"],"picked":"Uppercut","floor":14.0},{"not_picked":["Double Tap","Bludgeon"],"picked":"Limit Break","floor":16.0},{"not_picked":["Anger","Inflame"],"picked":"Body Slam+1","floor":18.0},{"not_picked":["Warcry","Inflame"],"picked":"Pommel Strike+1","floor":20},{"not_picked":["Battle Trance","Clothesline+1","Corruption"],"picked":"Singing Bowl","floor":28},{"not_picked":["Iron Wave","Dark Embrace","Power Through+1"],"picked":"Singing Bowl","floor":30},{"not_picked":["Pummel","Flex+1"],"picked":"Metallicize","floor":31},{"not_picked":["Berserk","Fiend Fire"],"picked":"Feed","floor":33},{"not_picked":["Spot Weakness+1","Clash","Body Slam"],"picked":"Singing Bowl","floor":35},{"not_picked":["Mayhem","Mind Blast","Secret Weapon"],"picked":"Singing Bowl","floor":36},{"not_picked":["Iron Wave+1","Havoc+1","Armaments+1"],"picked":"Singing Bowl","floor":37},{"not_picked":["Second Wind","Disarm+1"],"picked":"Seeing Red+1","floor":39},{"not_picked":["Dropkick","Sever Soul","Shrug It Off"],"picked":"Singing Bowl","floor":40},{"not_picked":["Power Through+1","Body Slam"],"picked":"Whirlwind","floor":44},{"not_picked":["Thunderclap","Twin Strike+1","Flex"],"picked":"Singing Bowl","floor":48}],"player_experience":4976838,"relics_obtained":[{"floor":6.0,"key":"Vajra"},{"floor":26,"key":"Boot"},{"floor":34,"key":"MealTicket"},{"floor":34,"key":"Darkstone Periapt"},{"floor":34,"key":"Torii"},{"floor":40,"key":"StrikeDummy"},{"floor":43,"key":"Thread and Needle"}],"event_choices":[{"damage_healed":0.0,"max_hp_gain":0.0,"max_hp_loss":0.0,"gold_gain":0.0,"event_name":"WeMeetAgain","player_choice":"Gave Potion","floor":4.0,"gold_loss":0.0,"damage_taken":0.0,"relics_obtained":["Regal Pillow"]},{"damage_healed":0.0,"max_hp_gain":0.0,"max_hp_loss":0.0,"gold_gain":0.0,"event_name":"Golden Idol","player_choice":"Take Damage","floor":12.0,"gold_loss":0.0,"damage_taken":20.0,"relics_obtained":["Golden Idol"]},{"damage_healed":0.0,"max_hp_gain":0.0,"max_hp_loss":0.0,"gold_gain":0.0,"event_name":"Addict","player_choice":"Obtained Relic","floor":19.0,"gold_loss":85.0,"damage_taken":0.0,"relics_obtained":["Gambling Chip"]},{"damage_healed":0,"gold_gain":0,"player_choice":"Ignored","damage_taken":0,"max_hp_gain":0,"max_hp_loss":0,"event_name":"Ghosts","floor":22,"gold_loss":0},{"damage_healed":0,"gold_gain":0,"player_choice":"Opened","damage_taken":0,"relics_obtained":["Singing Bowl"],"max_hp_gain":0,"max_hp_loss":0,"event_name":"The Mausoleum","floor":23,"gold_loss":0},{"damage_healed":0,"gold_gain":0,"player_choice":"Got Potions","damage_taken":0,"max_hp_gain":0,"max_hp_loss":0,"event_name":"Lab","floor":25,"gold_loss":0},{"damage_healed":0,"gold_gain":0,"player_choice":"Memory 1","damage_taken":0,"max_hp_gain":0,"max_hp_loss":0,"event_name":"SensoryStone","floor":36,"gold_loss":0},{"damage_healed":0,"gold_gain":0,"player_choice":"Paid","damage_taken":0,"relics_obtained":["Red Mask"],"max_hp_gain":0,"max_hp_loss":0,"event_name":"Tomb of Lord Red Mask","floor":42,"gold_loss":75},{"damage_healed":0,"gold_gain":0,"player_choice":"Ignored","damage_taken":0,"max_hp_gain":0,"max_hp_loss":0,"event_name":"The Moai Head","floor":46,"gold_loss":0}],"is_beta":false,"boss_relics":[{"not_picked":["Empty Cage","Philosopher\u0027s Stone"],"picked":"Astrolabe"},{"not_picked":["Cursed Key","Fusion Hammer"],"picked":"Calling Bell"}],"items_purged_floors":[5],"is_endless":false,"potions_floor_spawned":[1,3,10,14,20,31,33,37,48],"killed_by":"Awakened One","ascension_level":0}}