{"host":"30jsp143e4v19aze","time":1608659219,"event":{"mods":["BaseMod","Colored Map","Colored Powertips","Curses Come First","DeckTracker","Highlight Path","Minty Spire (QoL Compilation)","Quick Restart","Relic Stats","StSLib"],"gold_per_floor":[114,128,140,140,140,140,166,166,166,182,208,208,242,259,259,336,336,336,336,336,336,336,336,336,31,31,31,31,31,31,31,31,31,31,31,31,31,31,31,31,31,31,31,31,31,31,31,31,31,31,31,31,31,31,31],"floor_reached":56,"playtime":3971,"items_purged":[],"score":2346,"play_id":"4d160653-f971-48c5-a576-7a4ff1465034","local_time":"20201222184659","is_ascension_mode":true,"campfire_choices":[{"data":"Predator","floor":6,"key":"SMITH"},{"data":"Doppelganger","floor":8,"key":"SMITH"},{"data":"After Image","floor":12,"key":"SMITH"},{"data":"Choke","floor":15,"key":"SMITH"},{"data":"Adrenaline","floor":24,"key":"SMITH"},{"floor":27,"key":"REST"},{"floor":29,"key":"REST"},{"data":"Die Die Die","floor":32,"key":"SMITH"},{"floor":45,"key":"RECALL"},{"floor":47,"key":"REST"},{"floor":49,"key":"REST"},{"floor":52,"key":"REST"}],"circlet_count":0,"master_deck":["AscendersBane","Survivor","Neutralize","Venomology","After Image+1","Venomology","Backflip","Blade Dance","Expertise","Outmaneuver","Predator+1","Doppelganger+1","Dagger Throw","Leg Sweep","Backflip","Adrenaline+1","Cloak And Dagger+1","Die Die Die+1","Acrobatics+1","PiercingWail+1","PiercingWail+1","Tactician+1","Leg Sweep+1","Concentrate+1","Blur+1","Adrenaline+1","Cloak And Dagger+1","PiercingWail+1","Dodge and Roll+1","Skewer+1","Backflip+1","Secret Technique+1","Panacea+1","Cloak And Dagger+1","Leg Sweep+1","Concentrate+1","Night Terror+1"],"relics":["Pandora\u0027s Box","Bottled Lightning","Lantern","Darkstone Periapt","Toxic Egg 2","Torii","Ectoplasm","Red Mask","Ice Cream","Shuriken","Dream Catcher","Tough Bandages","Matryoshka","Empty Cage","Bottled Tornado","Calipers","Boot","Mango"],"acts_visited":["Exordium","TheCity","TheBeyond","TheEnding"],"potions_floor_usage":[2,2,3,7,7,10,10,11,11,13,13,14,16,16,18,20,21,21,22,23,23,23,28,33,33,38,40,40,41,41,41,42,50,50,50,54,55,55,55],"damage_taken":[{"damage":2,"enemies":"Small Slimes","floor":1,"turns":3},{"damage":0,"enemies":"Jaw Worm","floor":2,"turns":2},{"damage":1,"enemies":"Cultist","floor":3,"turns":4},{"damage":17,"enemies":"Gremlin Nob","floor":7,"turns":3},{"damage":0,"enemies":"Blue Slaver","floor":10,"turns":3},{"damage":0,"enemies":"Lagavulin","floor":11,"turns":4},{"damage":0,"enemies":"3 Sentries","floor":13,"turns":7},{"damage":1,"enemies":"Gremlin Gang","floor":14,"turns":3},{"damage":0,"enemies":"Slime Boss","floor":16,"turns":2},{"damage":0,"enemies":"Spheric Guardian","floor":18,"turns":3},{"damage":19,"enemies":"Shell Parasite","floor":20,"turns":4},{"damage":8,"enemies":"Cultist and Chosen","floor":21,"turns":5},{"damage":1,"enemies":"Masked Bandits","floor":22,"turns":3},{"damage":11,"enemies":"Gremlin Leader","floor":23,"turns":6},{"damage":3,"enemies":"Book of Stabbing","floor":28,"turns":5},{"damage":0,"enemies":"Slavers","floor":31,"turns":3},{"damage":1,"enemies":"Collector","floor":33,"turns":7},{"damage":0,"enemies":"Orb Walker","floor":35,"turns":2},{"damage":0,"enemies":"3 Shapes","floor":38,"turns":2},{"damage":2,"enemies":"Nemesis","floor":40,"turns":7},{"damage":0,"enemies":"Jaw Worm Horde","floor":41,"turns":4},{"damage":17,"enemies":"Reptomancer","floor":42,"turns":8},{"damage":0,"enemies":"Transient","floor":44,"turns":6},{"damage":0,"enemies":"Maw","floor":48,"turns":10},{"damage":8,"enemies":"Time Eater","floor":50,"turns":12},{"damage":7,"enemies":"Shield and Spear","floor":54,"turns":9},{"damage":4,"enemies":"The Heart","floor":55,"turns":12}],"seed_played":"4297109614926905181","potions_obtained":[{"floor":3,"key":"Fire Potion"},{"floor":7,"key":"Fire Potion"},{"floor":14,"key":"DuplicationPotion"},{"floor":21,"key":"GhostInAJar"},{"floor":28,"key":"DuplicationPotion"},{"floor":41,"key":"Fruit Juice"}],"is_trial":false,"path_per_floor":["M","M","M","?","T","R","E","R","T","M","E","R","E","M","R","B",null,"M","?","M","M","?","E","R","$","T","R","E","R","$","E","R","B",null,"M","?","?","M","?","E","M","E","T","M","R","?","R","M","R","B",null,"R","$","E","B",null],"character_chosen":"THE_SILENT","items_purchased":["Tactician+1","Shuriken"],"campfire_rested":5,"item_purchase_floors":[25,25],"current_hp_per_floor":[57,57,56,56,56,56,39,39,39,39,39,39,39,38,38,38,59,59,65,46,38,37,26,26,26,26,47,44,65,65,65,65,64,70,70,70,68,68,68,66,66,54,54,54,54,44,65,65,73,65,71,73,73,80,76],"gold":31,"neow_bonus":"BOSS_RELIC","is_daily":false,"chose_seed":false,"campfire_upgraded":6,"win_rate":0.0,"timestamp":1608659219,"path_taken":["M","M","M","?","?","R","E","R","T","?","E","R","E","M","R","BOSS","M","?","M","?","?","E","R","$","T","R","E","R","$","E","R","BOSS","M","?","?","M","?","E","M","E","T","M","R","?","R","M","R","BOSS","R","$","E","BOSS"],"items_purchased_type":["Card","Relic"],"build_version":"2020-12-13","purchased_purges":0,"victory":true,"max_hp_per_floor":[66,66,66,66,66,66,66,66,66,66,66,66,66,66,66,66,66,66,72,72,72,72,72,72,72,72,72,72,72,72,72,72,72,72,72,72,68,68,68,68,68,73,73,73,73,73,73,73,73,73,73,73,73,87,87],"relic_stats":{"Darkstone Periapt":6,"Dream Catcher":5,"Tough Bandages":[303],"Torii":28,"counters":[27,139],"Shuriken":[81],"Pandora\u0027s Box":["Venomology","Concentrate","After Image","Venomology","Backflip","Blade Dance","Expertise","Outmaneuver","Predator","Doppelganger"],"Ectoplasm":647,"Boot":[33],"obtain_stats":[{"Darkstone Periapt":9,"Ice Cream":23,"Lantern":7,"Calipers":42,"Torii":13,"Mango":54,"Bottled Tornado":40,"Empty Cage":34,"Boot":43,"Dream Catcher":26,"Tough Bandages":28,"Matryoshka":31,"Shuriken":25,"Pandora\u0027s Box":0,"Ectoplasm":17,"Red Mask":22,"Bottled Lightning":5,"Toxic Egg 2":11,"Ring of the Snake":0},{"Darkstone Periapt":4,"Ice Cream":14,"Lantern":4,"Calipers":22,"Torii":7,"Mango":26,"Bottled Tornado":20,"Empty Cage":17,"Boot":22,"Dream Catcher":14,"Tough Bandages":15,"Matryoshka":16,"Shuriken":14,"Pandora\u0027s Box":0,"Ectoplasm":9,"Red Mask":13,"Bottled Lightning":3,"Toxic Egg 2":6,"Ring of the Snake":0},{"Darkstone Periapt":12,"Ice Cream":52,"Lantern":12,"Calipers":90,"Torii":26,"Mango":127,"Bottled Tornado":78,"Empty Cage":67,"Boot":90,"Dream Catcher":52,"Tough Bandages":57,"Matryoshka":60,"Shuriken":52,"Pandora\u0027s Box":0,"Ectoplasm":31,"Red Mask":46,"Bottled Lightning":9,"Toxic Egg 2":19,"Ring of the Snake":0}]},"card_choices":[{"not_picked":["Prepared","PiercingWail"],"picked":"Dagger Throw","floor":1},{"not_picked":["Poisoned Stab","Outmaneuver","Deflect"],"picked":"SKIP","floor":2},{"not_picked":["PiercingWail","Noxious Fumes"],"picked":"Quick Slash","floor":3},{"not_picked":["Deadly Poison","Caltrops"],"picked":"Backflip","floor":7},{"not_picked":["Deadly Poison","Escape Plan"],"picked":"Adrenaline","floor":10},{"not_picked":["Flechettes","Outmaneuver+1","Poisoned Stab"],"picked":"SKIP","floor":11},{"not_picked":["Blur+1","Prepared+1"],"picked":"Cloak And Dagger+1","floor":13},{"not_picked":["Masterful Stab","Sucker Punch"],"picked":"Choke","floor":14},{"not_picked":["Venomology+1","Tools of the Trade"],"picked":"Die Die Die","floor":16},{"not_picked":["Noxious Fumes","Flechettes"],"picked":"Acrobatics+1","floor":18},{"not_picked":["Deadly Poison+1","Dagger Throw","Sucker Punch"],"picked":"SKIP","floor":20},{"not_picked":["Masterful Stab","Slice"],"picked":"PiercingWail+1","floor":21},{"not_picked":["Expertise+1","Eviscerate"],"picked":"PiercingWail+1","floor":22},{"not_picked":["Bane","Flying Knee","Poisoned Stab"],"picked":"SKIP","floor":23},{"not_picked":["Sucker Punch","Underhanded Strike"],"picked":"Leg Sweep+1","floor":27},{"not_picked":["Skewer","Bouncing Flask+1"],"picked":"Concentrate+1","floor":28},{"not_picked":["Flying Knee","Predator"],"picked":"Blur+1","floor":29},{"not_picked":["Concentrate+1","Tactician+1","Dash"],"picked":"SKIP","floor":31},{"not_picked":["A Thousand Cuts","Phantasmal Killer+1"],"picked":"Adrenaline+1","floor":33},{"not_picked":["Masterful Stab","Tactician+1"],"picked":"Cloak And Dagger+1","floor":35},{"not_picked":["Endless Agony+1","Escape Plan+1","All Out Attack"],"picked":"SKIP","floor":38},{"not_picked":["Quick Slash+1","Heel Hook"],"picked":"PiercingWail+1","floor":40},{"not_picked":["Deadly Poison+1","Sucker Punch"],"picked":"Dodge and Roll+1","floor":41},{"not_picked":["Crippling Poison+1","Poisoned Stab"],"picked":"Skewer+1","floor":42},{"not_picked":["Dash+1","Reflex+1"],"picked":"Backflip+1","floor":44},{"not_picked":["Mind Blast","Magnetism"],"picked":"Secret Technique+1","floor":46},{"not_picked":["Good Instincts+1","PanicButton+1"],"picked":"Panacea+1","floor":46},{"not_picked":["Dagger Spray","Dodge and Roll+1"],"picked":"Cloak And Dagger+1","floor":47},{"not_picked":["Dodge and Roll+1","Cloak And Dagger+1","Poisoned Stab"],"picked":"SKIP","floor":48},{"not_picked":["Dagger Throw","Sucker Punch"],"picked":"Leg Sweep+1","floor":49},{"not_picked":["Escape Plan+1","Flechettes"],"picked":"Concentrate+1","floor":52},{"not_picked":["PiercingWail+1","Cloak And Dagger+1"],"picked":"Night Terror+1","floor":54}],"player_experience":3053158,"relics_obtained":[{"floor":5,"key":"Bottled Lightning"},{"floor":7,"key":"Lantern"},{"floor":9,"key":"Darkstone Periapt"},{"floor":11,"key":"Toxic Egg 2"},{"floor":13,"key":"Torii"},{"floor":22,"key":"Red Mask"},{"floor":23,"key":"Ice Cream"},{"floor":26,"key":"Dream Catcher"},{"floor":28,"key":"Tough Bandages"},{"floor":31,"key":"Matryoshka"},{"floor":40,"key":"Bottled Tornado"},{"floor":42,"key":"Calipers"},{"floor":43,"key":"Boot"},{"floor":54,"key":"Mango"}],"event_choices":[{"damage_healed":0,"gold_gain":0,"cards_transformed":["Concentrate"],"player_choice":"Change","damage_taken":0,"max_hp_gain":0,"max_hp_loss":0,"event_name":"Living Wall","floor":4,"gold_loss":0,"cards_obtained":["Leg Sweep"]},{"damage_healed":0,"gold_gain":0,"player_choice":"Cursed","damage_taken":0,"max_hp_gain":0,"max_hp_loss":0,"event_name":"Wheel of Change","floor":19,"gold_loss":0,"cards_obtained":["Decay"]},{"damage_healed":0,"gold_gain":0,"player_choice":"Fought Bandits","damage_taken":0,"max_hp_gain":0,"max_hp_loss":0,"event_name":"Masked Bandits","floor":22,"gold_loss":0},{"damage_healed":0,"gold_gain":222,"player_choice":"Wore Mask","damage_taken":0,"max_hp_gain":0,"max_hp_loss":0,"event_name":"Tomb of Lord Red Mask","floor":36,"gold_loss":0},{"damage_healed":0,"gold_gain":0,"player_choice":"Max HP","damage_taken":0,"max_hp_gain":0,"max_hp_loss":4,"event_name":"Winding Halls","floor":37,"gold_loss":0},{"cards_removed":["Choke"],"damage_healed":0,"gold_gain":0,"player_choice":"Removed Attack","damage_taken":0,"max_hp_gain":0,"max_hp_loss":0,"event_name":"Falling","floor":39,"gold_loss":0},{"damage_healed":0,"gold_gain":0,"player_choice":"Memory 3","damage_taken":10,"max_hp_gain":0,"max_hp_loss":0,"event_name":"SensoryStone","floor":46,"gold_loss":0}],"is_beta":false,"boss_relics":[{"not_picked":["Coffee Dripper","Sozu"],"picked":"Ectoplasm"},{"not_picked":["WristBlade","Philosopher\u0027s Stone"],"picked":"Empty Cage"}],"items_purged_floors":[],"is_endless":false,"potions_floor_spawned":[3,7,10,14,21,22,28,31,35,38,41,44,54],"ascension_level":17}}