{"host":"090wkw39xkpx65eq","time":1608663269,"event":{"mods":["AchievementEnabler","Aspiration","Bard","BaseMod","Beaked The Cultist","Better Altar","Better Match","Better Note","Better Sensory Stone","Better Skull","Better Third Choice","BetterRewards","CCEM","Clawfect","Colored Map","Conspire","Downfall","GifTheSpireLib","Halation","Hermit","Highlight Path","Hubris","Hunter ??","Infinite Spire","Jorbs\u0027s Wanderer Trilogy","Mad Scientist","Marisa????????","Mimic Mod","Minty Spire (QoL Compilation)","Permanent Neow","Replay The Spire","Shade Mod","Shop Mod","Spicy Shops","StSLib","Stuff the Spire","The Administrix","The Blackbeard","The Construct","The Disciple","The Gatherer","The IronCluck","The Jungle","The Mystic","The Problem Sleuth","The Runesmith","The Servant 0.9.4","The Spell Scribe","The Witch","Unceasing Turn Reminder","everything is the same but u backflip on backflip","slay the spire mod where everything is the same but ironclad has a cowboy hat"],"gold_per_floor":[99,99,110,120,138,153,153,153,164,199,219,238,238,238,252,348,348,198,211,121,121,121,121,121,154,154,187,204,204,221,235,251,349,349,349,365,365,383,396,396,434,464,484,409,409,426,426,438,448,549,549,549,566,578,578,578,598,623,548,548,566,566,596,431,443,457,558,558,644,656,674,691,709,709,737,748,237,256,256,1,20,20,20,35,49,145,145,145,163,176,176,187,187,212,146,146,175,188,203,203,236,247,346,346,346,346],"floor_reached":104,"playtime":10151,"items_purged":["Regret","Slimebound:Defend_Slimebound","Slimebound:MassRepurpose+1","Slimebound:Teamwork"],"score":1977,"play_id":"c2b93943-fa1e-4dfb-a3f3-bb9faff5e738","local_time":"20201222195429","is_ascension_mode":false,"campfire_choices":[{"floor":1.0,"key":"RECALL"},{"data":"Slimebound:Split","floor":18.0,"key":"SMITH"},{"floor":26.0,"key":"REST"},{"data":"Slimebound:Gluttony","floor":35.0,"key":"SMITH"},{"floor":40.0,"key":"REST"},{"floor":44.0,"key":"REST"},{"data":"Slimebound:MinionMaster","floor":52,"key":"SMITH"},{"data":"Slimebound:Darklings","floor":62,"key":"SMITH"},{"floor":88,"key":"DIG"},{"floor":96,"key":"REST"},{"data":"Slimebound:OozeBath","floor":100,"key":"SMITH"}],"circlet_count":0,"master_deck":["Slimebound:Tackle","Slimebound:Defend_Slimebound","Slimebound:Defend_Slimebound","Slimebound:Defend_Slimebound","Slimebound:Split+1","Slimebound:CorrosiveSpit","Slimebound:Schlurp","Slimebound:SplitMire","Slimebound:MassRepurpose+1","Slimebound:SlimeSpikes+1","Slimebound:SlimeSpikes+1","Slimebound:PressTheAttack+1","Slimebound:SplitMire+1","Slimebound:OneTwoCombo","Slimebound:OneTwoCombo+1","Slimebound:GrowthPunch","Slimebound:LeechEnergy","Slimebound:RejuvenatingLick+1","Slimebound:LevelUp","Slimebound:Tackle+1","Slimebound:Tackle+1","Slimebound:Tackle+1","Slimebound:Gluttony+1","Slimebound:OozeBath+1","Slimebound:SamplingLick+1","Slimebound:SlimeBarrage+1","Slimebound:MinionMaster+1","Slimebound:AcidTongue+1","Slimebound:RejuvenatingLick","Slimebound:Darklings+1","Slimebound:OozeBath","Slimebound:PressTheAttack","Slimebound:LeadByExample","Slimebound:ForwardTackle","Slimebound:SamplingLick","Slimebound:RejuvenatingLick","Slimebound:Repurpose","Slimebound:Nibble","Slimebound:SpikyOuterGoop","Slimebound:OneTwoCombo","Slimebound:OneTwoCombo","Slimebound:SpikyOuterGoop","Slimebound:SpikyOuterGoop","Slimebound:TongueLash+1","Slimebound:LeechLife","Slimebound:MegaLick+1","hubris:Fate","Slimebound:RejuvenatingLick+1","Slimebound:Nibble","Slimebound:SelfFormingGoo"],"relics":["Slimebound:AbsorbEndCombat","StuffTheSpire:OldFever","ReplayTheSpireMod:Ninjato","StuffTheSpire:RedRose","hubris:Towel","aspiration:MobileForge","downfall:HeartBlessingRed","downfall:HeartBlessingBlue","infinitespire:CursedDice","infinitespire:Bottled Soul","Gremlin Food","conspire:SpecialSausage","Incense Burner","Lizard Tail","infinitespire:WardingShard","downfall:HeartBlessingGreen","Guide Book","infinitespire:Lucky Rock","Sundial","infinitespire:PuzzleCube","HornCleat","conspire:RunicOctahedron","Slimebound:MaxSlimesRelic","Replay:Baseball","hubris:Icosahedron","Nunchaku","aspiration:FutureDiary","Ornamental Fan","halation:LostSnail","Calipers","Black Star"],"acts_visited":["Exordium","TheCity","TheBeyond","Exordium","TheBeyond","Exordium"],"potions_floor_usage":[64,64],"damage_taken":[{"damage":4.0,"enemies":"Cultist","floor":3.0,"turns":4.0},{"damage":13.0,"enemies":"2 Louse","floor":4.0,"turns":4.0},{"damage":10.0,"enemies":"conspire:RoseBush","floor":5.0,"turns":4.0},{"damage":19.0,"enemies":"2 Fungi Beasts","floor":6.0,"turns":3.0},{"damage":22.0,"enemies":"Blue Slaver","floor":9.0,"turns":4.0},{"damage":37.0,"enemies":"3 Sentries","floor":10.0,"turns":9.0},{"damage":11.0,"enemies":"Gremlin Gang","floor":11.0,"turns":6.0},{"damage":13.0,"enemies":"2 Fungi Beasts","floor":12.0,"turns":3.0},{"damage":16.0,"enemies":"Blue Slaver","floor":15.0,"turns":3.0},{"damage":38.0,"enemies":"downfall:Watcher","floor":16.0,"turns":8.0},{"damage":18.0,"enemies":"conspire:FuzzyDice","floor":19.0,"turns":3.0},{"damage":21.0,"enemies":"downfall:FleeingMerchant","floor":20.0,"turns":4.0},{"damage":60.0,"enemies":"Slavers","floor":25.0,"turns":4.0},{"damage":32.0,"enemies":"Book of Stabbing","floor":27.0,"turns":4.0},{"damage":24.0,"enemies":"Chosen and Byrds","floor":28.0,"turns":3.0},{"damage":29.0,"enemies":"Cultist and Chosen","floor":30.0,"turns":4.0},{"damage":42.0,"enemies":"Snake Plant","floor":31.0,"turns":2.0},{"damage":45.0,"enemies":"conspire:HollyBat","floor":32.0,"turns":8.0},{"damage":83.0,"enemies":"downfall:Ironclad","floor":33.0,"turns":6.0},{"damage":17.0,"enemies":"Orb Walker","floor":36.0,"turns":2.0},{"damage":40.0,"enemies":"3 Darklings","floor":38.0,"turns":3.0},{"damage":36.0,"enemies":"Sphere and 2 Shapes","floor":39.0,"turns":4.0},{"damage":32.0,"enemies":"Maw","floor":41.0,"turns":5.0},{"damage":87.0,"enemies":"Nightmare","floor":42.0,"turns":5.0},{"damage":18.0,"enemies":"Maw","floor":43.0,"turns":6.0},{"damage":61.0,"enemies":"Jaw Worm Horde","floor":46.0,"turns":4.0},{"damage":23.0,"enemies":"Writhing Mass","floor":48.0,"turns":3.0},{"damage":22.0,"enemies":"Spire Growth","floor":49.0,"turns":4.0},{"damage":72.0,"enemies":"downfall:Silent","floor":50.0,"turns":7.0},{"damage":13,"enemies":"2 Louse","floor":53,"turns":2},{"damage":26,"enemies":"Jaw Worm","floor":54,"turns":3},{"damage":6,"enemies":"conspire:RoseBush","floor":57,"turns":2},{"damage":29,"enemies":"Blue Slaver","floor":61,"turns":3},{"damage":16,"enemies":"Gremlin Nob","floor":63,"turns":2},{"damage":42,"enemies":"downfall:FleeingMerchant","floor":64,"turns":3},{"damage":36,"enemies":"Exordium Thugs","floor":65,"turns":3},{"damage":14,"enemies":"Exordium Wildlife","floor":66,"turns":2},{"damage":24,"enemies":"Hexaghost","floor":67,"turns":4},{"damage":49,"enemies":"theJungle:Flameango_and_Byrd","floor":70,"turns":4},{"damage":8,"enemies":"theJungle:MUSHROOMGANG","floor":71,"turns":4},{"damage":14,"enemies":"theJungle:SlimyTreeVines","floor":72,"turns":3},{"damage":8,"enemies":"Snake Plant","floor":73,"turns":4},{"damage":78,"enemies":"theJungle:MamaSnecko","floor":75,"turns":4},{"damage":24,"enemies":"theJungle:Lyon","floor":76,"turns":4},{"damage":24,"enemies":"theJungle:2_Snecko_Cultists","floor":78,"turns":2},{"damage":33,"enemies":"theJungle:JungleHuntersEncounter","floor":81,"turns":4},{"damage":7,"enemies":"theJungle:SlimyTreeVines","floor":84,"turns":3},{"damage":16,"enemies":"theJungle:Lyon","floor":85,"turns":2},{"damage":24,"enemies":"theJungle:QueenSpyder","floor":86,"turns":4},{"damage":16,"enemies":"Orb Walker","floor":89,"turns":2},{"damage":57,"enemies":"3 Darklings","floor":90,"turns":2},{"damage":21,"enemies":"Writhing Mass","floor":92,"turns":3},{"damage":101,"enemies":"Reptomancer","floor":94,"turns":3},{"damage":25,"enemies":"Giant Head","floor":97,"turns":5},{"damage":11,"enemies":"Maw","floor":98,"turns":3},{"damage":16,"enemies":"4 Shapes","floor":99,"turns":2},{"damage":26,"enemies":"R_Hoarder","floor":101,"turns":4},{"damage":16,"enemies":"Writhing Mass","floor":102,"turns":2},{"damage":39,"enemies":"Time Eater","floor":103,"turns":8}],"seed_played":"3429786827187957914","potions_obtained":[{"floor":3.0,"key":"FairyPotion"},{"floor":5.0,"key":"EssenceOfSteel"},{"floor":10.0,"key":"PowerPotion"},{"floor":15.0,"key":"Flashbang"},{"floor":16.0,"key":"infinitespire:BlackPotion"},{"floor":46.0,"key":"infinitespire:BlackPotion"},{"floor":50.0,"key":"AttackPotion"},{"floor":54,"key":"Slimebound:SlimedPotion"},{"floor":57,"key":"hexamod:EctoCoolerPotion"},{"floor":66,"key":"SpeedPotion"},{"floor":67,"key":"Explosive Potion"},{"floor":71,"key":"FairyPotion"},{"floor":94,"key":"SteroidPotion"}],"is_trial":false,"path_per_floor":["R","?","M","M","M","M","T","?","M","E","M","M","?","?","M","B",null,"R","M","$","?","?","?","T","E","R","E","M","?","M","M","M","B",null,"R","M","?","M","M","R","MIM","NM","M","R","AVR","M","?","M","M","B",null,"R","M","M","?","?","M","T","?","AVR","M","R","E","$","M","M","B",null,"R_BF","M","M","M","M","?","E","M","$","M","?","$","M","PTL","PTL","M","M","B",null,"R_BF","M","M","?","M","AVR","E","$","R","E","M","M","R","E","M","B",null],"character_chosen":"SLIMEBOUND","items_purchased":["Slimebound:Nibble","infinitespire:PuzzleCube","HornCleat","Slimebound:MaxSlimesRelic","Replay:Baseball","Slimebound:SpikyOuterGoop","Nunchaku","Calipers"],"campfire_rested":4,"item_purchase_floors":[64,64,64,77,77,77,80,95],"current_hp_per_floor":[60,60,60,53,59,57,57,44,38,25,34,45,45,45,49,55,60,70,70,70,70,70,70,70,42,63,68,70,70,69,44,61,54,70,70,69,61,49,47,68,62,19,51,70,70,41,41,68,70,64,70,70,70,64,64,64,70,70,70,70,70,70,70,64,66,70,70,70,70,70,70,70,70,70,38,40,40,52,52,52,59,59,59,70,70,70,70,70,70,55,55,70,70,41,41,62,70,70,70,70,70,70,70,70,70,70],"gold":346,"neow_bonus":"ONE_RANDOM_RARE_CARD","is_daily":false,"chose_seed":false,"campfire_upgraded":5,"win_rate":0.0,"timestamp":1608663269,"path_taken":["R","?","M","M","?","M","T","?","?","E","M","M","?","?","M","BOSS","R","M","$","?","?","?","T","E","R","E","M","?","?","M","M","BOSS","R","M","?","M","M","R","MIM","NM","M","R","AVR","M","?","M","M","BOSS","R","M","M","?","?","M","T","?","AVR","?","R","E","?","M","M","BOSS","R_BF","M","M","M","M","?","E","M","$","M","?","?","M","PTL","PTL","M","M","BOSS","R_BF","M","M","?","M","AVR","E","$","R","E","M","M","R","E","M","BOSS"],"items_purchased_type":["Card","Relic","Relic","Relic","Relic","Card","Relic","Relic"],"build_version":"2020-12-13","purchased_purges":4,"victory":false,"max_hp_per_floor":[60,60,60,60,60,60,60,60,60,60,60,60,60,60,60,60,60,70,70,70,70,70,70,70,70,70,70,70,70,70,70,70,70,70,70,70,70,70,70,70,70,70,70,70,70,70,70,70,70,70,70,70,70,70,70,70,70,70,70,70,70,70,70,70,70,70,70,70,70,70,70,70,70,70,70,70,70,70,70,70,70,70,70,70,70,70,70,70,70,70,70,70,70,70,70,70,70,70,70,70,70,70,70,70,70,70],"card_choices":[{"not_picked":["Slimebound:LeechEnergy","Slimebound:GoopTackle"],"picked":"Slimebound:Schlurp","floor":3.0},{"not_picked":["Slimebound:SplitBruiser","Slimebound:LeechEnergy"],"picked":"Slimebound:SplitMire","floor":4.0},{"not_picked":["Slimebound:Prepare","Slimebound:LeechingTouch"],"picked":"Slimebound:MassRepurpose","floor":5.0},{"not_picked":["Slimebound:ViciousTackle","Slimebound:Schlurp"],"picked":"Slimebound:SlimeSpikes","floor":6.0},{"not_picked":["Slimebound:Schlurp","Slimebound:Grow"],"picked":"Slimebound:SlimeSpikes","floor":9.0},{"not_picked":["Slimebound:LeechEnergy","Slimebound:SlimeBrawl"],"picked":"Slimebound:PressTheAttack","floor":10.0},{"not_picked":["Slimebound:Prepare","Slimebound:Dissolve"],"picked":"Slimebound:SplitMire","floor":11.0},{"not_picked":["Slimebound:PrepareCrush","Slimebound:ComboTackle","Slimebound:ViciousTackle"],"picked":"SKIP","floor":12.0},{"not_picked":["Slimebound:ViciousTackle","Slimebound:SplitMire"],"picked":"Slimebound:OneTwoCombo","floor":15.0},{"not_picked":["Slimebound:SelfFormingGoo","Slimebound:MassFeed"],"picked":"Slimebound:OneTwoCombo","floor":16.0},{"not_picked":["Slimebound:LeechingTouch","Slimebound:Schlurp"],"picked":"Slimebound:GrowthPunch","floor":19.0},{"not_picked":["Slimebound:SplitLeeching+1","Slimebound:DuplicatedForm"],"picked":"Slimebound:LeechEnergy","floor":20.0},{"not_picked":["Slimebound:HauntingLick","Slimebound:DouseInSlime"],"picked":"Slimebound:LevelUp","floor":25.0},{"not_picked":["Slimebound:GrowthPunch","Slimebound:WasteNot","Slimebound:Chomp+1"],"picked":"SKIP","floor":27.0},{"not_picked":["Slimebound:GrowthPunch","Slimebound:SplitMire","Slimebound:SlimeSpikes"],"picked":"SKIP","floor":28.0},{"not_picked":["Slimebound:SlimeBrawl","Slimebound:GoopSpray"],"picked":"Slimebound:Gluttony","floor":30.0},{"not_picked":["Slimebound:ViciousTackle+1","Slimebound:GoopSpray","Slimebound:SplitAcid"],"picked":"SKIP","floor":31.0},{"not_picked":["Slimebound:ViciousTackle","Slimebound:BestDefense","Slimebound:SlimeTap+1"],"picked":"SKIP","floor":32.0},{"not_picked":["Slimebound:SelfFormingGoo","Slimebound:RallyTheTroops"],"picked":"Slimebound:OozeBath","floor":33.0},{"not_picked":["Slimebound:PressTheAttack","Slimebound:LeechingTouch"],"picked":"Slimebound:SamplingLick+1","floor":36.0},{"not_picked":["Slimebound:FinishingTackle+1","Slimebound:FormOfPuddle+1"],"picked":"Slimebound:SlimeBarrage+1","floor":38.0},{"not_picked":["Slimebound:LeechEnergy+1","Slimebound:LeechingTouch+1"],"picked":"Slimebound:MinionMaster","floor":39.0},{"not_picked":["Slimebound:Grow","Slimebound:SplitLeeching+1"],"picked":"Slimebound:AcidTongue+1","floor":41.0},{"not_picked":["Slimebound:Schlurp","Slimebound:LeechingTouch+1"],"picked":"Slimebound:RejuvenatingLick","floor":42.0},{"not_picked":["Slimebound:Chomp","Slimebound:Grow+1"],"picked":"Slimebound:Teamwork","floor":43.0},{"not_picked":["Slimebound:SplitAcid","Slimebound:FinishingTackle+1","Slimebound:Dissolve+1"],"picked":"SKIP","floor":46.0},{"not_picked":["Slimebound:Schlurp+1","Slimebound:SlimeSpikes","Slimebound:SplitAcid+1"],"picked":"SKIP","floor":48.0},{"not_picked":["Slimebound:FinishingTackle","Slimebound:ComboTackle","Slimebound:PressTheAttack"],"picked":"SKIP","floor":49.0},{"not_picked":["Slimebound:DuplicatedForm","Slimebound:PrepareCrush"],"picked":"Slimebound:OozeBath","floor":50.0},{"not_picked":["Slimebound:SplitBruiser","Slimebound:ViciousTackle"],"picked":"Slimebound:PressTheAttack","floor":53},{"not_picked":["Slimebound:Chomp","Slimebound:GoopTackle"],"picked":"Slimebound:LeadByExample","floor":54},{"not_picked":["Slimebound:SamplingLick","Slimebound:SlimeSpikes"],"picked":"Slimebound:ForwardTackle","floor":57},{"not_picked":["Slimebound:AcidTongue","Slimebound:SplitMire"],"picked":"Slimebound:SamplingLick","floor":61},{"not_picked":["Slimebound:Equalize","Slimebound:Prepare"],"picked":"Slimebound:RejuvenatingLick","floor":63},{"not_picked":["Slimebound:Schlurp","Slimebound:SplitMire"],"picked":"Slimebound:Repurpose","floor":64},{"not_picked":["Slimebound:SplitAcid","Slimebound:Gluttony","Slimebound:LeechingTouch"],"picked":"SKIP","floor":65},{"not_picked":["Slimebound:SplitAcid","Slimebound:ViciousTackle","Slimebound:ItLooksTasty"],"picked":"SKIP","floor":66},{"not_picked":["Slimebound:PressTheAttack","Slimebound:SlimeSpikes","Slimebound:Gluttony"],"picked":"SKIP","floor":70},{"not_picked":["Slimebound:Dissolve+1","Slimebound:LeechingTouch+1"],"picked":"Slimebound:SpikyOuterGoop","floor":71},{"not_picked":["Slimebound:MegaLick","Slimebound:Replication","Slimebound:Gluttony"],"picked":"SKIP","floor":72},{"not_picked":["Slimebound:LivingWall","Slimebound:RollThrough"],"picked":"Slimebound:OneTwoCombo","floor":73},{"not_picked":["Slimebound:LivingWall","Slimebound:LeechingTouch+1"],"picked":"Slimebound:OneTwoCombo","floor":75},{"not_picked":["Slimebound:PressTheAttack+1","Slimebound:LeechEnergy+1","Slimebound:ProtectTheBoss"],"picked":"SKIP","floor":76},{"not_picked":["Slimebound:RollThrough","Slimebound:DisruptingSlam"],"picked":"Slimebound:SpikyOuterGoop","floor":78},{"not_picked":["Slimebound:FlameTackle","Slimebound:SlimeSpikes"],"picked":"Slimebound:TongueLash+1","floor":81},{"not_picked":["Slimebound:FormOfPuddle+1","Slimebound:LivingWall+1","Slimebound:ItLooksTasty"],"picked":"SKIP","floor":84},{"not_picked":["Slimebound:LevelUp","Slimebound:SplitAcid+1","Slimebound:ComboTackle"],"picked":"SKIP","floor":85},{"not_picked":["Slimebound:Teamwork","Slimebound:MassRepurpose"],"picked":"Slimebound:LeechLife","floor":86},{"not_picked":["Slimebound:LeechEnergy","Slimebound:ProtectTheBoss","Slimebound:ComboTackle"],"picked":"SKIP","floor":89},{"not_picked":["Slimebound:Teamwork","Slimebound:SplitBruiser"],"picked":"Slimebound:MegaLick+1","floor":90},{"not_picked":["Slimebound:ViciousTackle","Slimebound:FinishingTackle","Slimebound:ComboTackle"],"picked":"SKIP","floor":92},{"not_picked":["Slimebound:LeechEnergy","Slimebound:FlameTackle+1","Slimebound:GrowthPunch+1"],"picked":"SKIP","floor":94},{"not_picked":["Slimebound:ComboTackle","Slimebound:Nibble+1"],"picked":"Slimebound:RejuvenatingLick+1","floor":97},{"not_picked":["Slimebound:GoopTackle+1","Slimebound:ComboTackle+1","Slimebound:FlameTackle+1"],"picked":"SKIP","floor":98},{"not_picked":["Slimebound:SlimeTap","Slimebound:Equalize+1"],"picked":"Slimebound:Nibble","floor":99},{"not_picked":["Slimebound:FlameTackle+1","Slimebound:LeechingTouch+1"],"picked":"Slimebound:SelfFormingGoo","floor":101},{"not_picked":["Slimebound:FinishingTackle+1","Slimebound:ComboTackle+1","Slimebound:Schlurp+1"],"picked":"SKIP","floor":102}],"player_experience":40595,"relics_obtained":[{"floor":10.0,"key":"ReplayTheSpireMod:Ninjato"},{"floor":24.0,"key":"infinitespire:CursedDice"},{"floor":25.0,"key":"infinitespire:Bottled Soul"},{"floor":27.0,"key":"Gremlin Food"},{"floor":41.0,"key":"Incense Burner"},{"floor":41.0,"key":"Lizard Tail"},{"floor":42.0,"key":"infinitespire:WardingShard"},{"floor":58,"key":"infinitespire:Lucky Rock"},{"floor":88,"key":"Ornamental Fan"}],"event_choices":[{"cards_removed":["Slimebound:Strike_Slimebound"],"damage_healed":0.0,"max_hp_gain":0.0,"max_hp_loss":0.0,"gold_gain":0.0,"event_name":"Bonfire Elementals","player_choice":"Offered Basic","floor":2.0,"gold_loss":0.0,"damage_taken":0.0},{"damage_healed":0.0,"max_hp_gain":0.0,"max_hp_loss":0.0,"gold_gain":0.0,"event_name":"betterSkull:BetterSkull","player_choice":"RE ","floor":8.0,"gold_loss":0.0,"damage_taken":15.0,"cards_upgraded":[],"relics_obtained":["StuffTheSpire:OldFever"]},{"damage_healed":0.0,"max_hp_gain":0.0,"max_hp_loss":0.0,"gold_gain":0.0,"event_name":"Accursed Blacksmith","player_choice":"Forge","floor":21.0,"gold_loss":0.0,"damage_taken":0.0,"cards_upgraded":["Slimebound:SplitMire"]},{"cards_removed":["Slimebound:MassRepurpose"],"damage_healed":0.0,"max_hp_gain":0.0,"max_hp_loss":0.0,"gold_gain":0.0,"event_name":"betterNote:BetterNote","player_choice":"Give","floor":22.0,"gold_loss":0.0,"damage_taken":0.0,"cards_obtained":["None"]},{"damage_healed":0,"gold_gain":0,"player_choice":"Leave","damage_taken":0,"max_hp_gain":0,"max_hp_loss":0,"event_name":"conspire:Investor","floor":55,"gold_loss":0},{"damage_healed":0,"gold_gain":0,"player_choice":"2","damage_taken":0,"max_hp_gain":0,"max_hp_loss":0,"event_name":"betterMatch:BetterMatch","floor":59,"gold_loss":0,"cards_obtained":[]}],"is_beta":false,"boss_relics":[{"not_picked":["conspire:RoyalGoblet","Calling Bell"],"picked":"aspiration:MobileForge"},{"not_picked":["hubris:TerracottaHorce","Replay:Drink Me"],"picked":"conspire:SpecialSausage"},{"not_picked":["CCEMRelics:TransientCore","hubris:GrandSneckoEye","Kintsugi"]},{"not_picked":["halation:PlatinumPhoenix","StuffTheSpire:ModemDavis"],"picked":"conspire:RunicOctahedron"},{"not_picked":["Astrolabe","halation:Prosthetics"],"picked":"aspiration:FutureDiary"},{"not_picked":["aspiration:RunesmithSkillbook","infinitespire:Cupcake"],"picked":"Black Star"}],"items_purged_floors":[20,45,60,80],"is_endless":true,"potions_floor_spawned":[3,5,10,15,16,19,28,31,33,36,46,50,54,57,63,66,67,71,72,75,86,92,94,97,102,103],"ascension_level":0}}