{"host":"uc3yqlcea8xhzyx4","time":1608655724,"event":{"mods":["2.2 Compatiblity","Act Like it!","BaseMod","Better Altar","Better Synergies","Better Third Choice","Better Vampires","CCEM","Clawfect","Colored Map","Colored Powertips","Conspire","Downfall","Energized Spire","GifTheSpireLib","Highlight Path","Infinite Spire","Jedi Mod","Marisa????????","Minty Spire (QoL Compilation)","Permanent Neow","Prisma Mod","Quick Restart","Replay The Spire","Shade Mod","Shop Mod","Spicy Shops","StSLib","The Marked","???????????mod"],"gold_per_floor":[118,137,137,150,150,150,160,195,211,235,262,262,262,277,277,288,288,288,288],"floor_reached":18,"playtime":610,"items_purged":[],"score":124,"play_id":"e920ea04-1fb4-40fa-a905-b8493e426a50","local_time":"20201222174844","is_ascension_mode":false,"campfire_choices":[{"data":"Cleave","floor":6,"key":"SMITH"},{"floor":13,"key":"REST"}],"circlet_count":0,"master_deck":["Strike_R","Strike_R","Strike_R","Defend_R","Defend_R+1","Defend_R","Defend_R+1","Bash+1","Cleave+1","Cleave+1","jedi:bloodyhammer","Searing Blow+4","Impervious","Demon Form+1","True Grit"],"relics":["Burning Blood","infinitespire:BottledMercury","jedi:cryingmask","CCEMRelics:Pendulum"],"acts_visited":["Exordium"],"potions_floor_usage":[11,11],"damage_taken":[{"damage":0,"enemies":"Small Slimes","floor":1,"turns":3},{"damage":6,"enemies":"Cultist","floor":2,"turns":3},{"damage":0,"enemies":"conspire:RoseBush","floor":4,"turns":3},{"damage":8,"enemies":"2 Fungi Beasts","floor":7,"turns":2},{"damage":36,"enemies":"Replay:BlueRogue","floor":8,"turns":6},{"damage":22,"enemies":"Gremlin Gang","floor":9,"turns":3},{"damage":23,"enemies":"Lagavulin","floor":11,"turns":5},{"damage":16,"enemies":"conspire:2 RoseBushes","floor":14,"turns":4},{"damage":8,"enemies":"Blue Slaver","floor":16,"turns":4},{"damage":47,"enemies":"Hexaghost","floor":18,"turns":9}],"seed_played":"101667871212594234","potions_obtained":[{"floor":0,"key":"ColorlessPotion"},{"floor":0,"key":"Explosive Potion"},{"floor":0,"key":"jedi:hoardpotion"},{"floor":14,"key":"DistilledChaos"},{"floor":16,"key":"Elixir"}],"is_trial":false,"path_per_floor":["M","M","?","M","?","R","M","E","M","T","E","?","R","M","?","M","R_BF","B"],"character_chosen":"IRONCLAD","items_purchased":[],"campfire_rested":1,"item_purchase_floors":[],"current_hp_per_floor":[80,80,80,80,80,80,78,48,32,32,15,8,32,22,22,20,44,0,0],"gold":288,"neow_bonus":"THREE_SMALL_POTIONS","is_daily":false,"chose_seed":false,"campfire_upgraded":1,"win_rate":0.0,"timestamp":1608655724,"path_taken":["M","M","?","?","?","R","?","E","M","T","E","?","R","M","?","M","R_BF","BOSS"],"items_purchased_type":[],"build_version":"2020-12-13","purchased_purges":0,"victory":false,"max_hp_per_floor":[80,80,80,80,80,80,80,80,80,80,80,80,80,80,80,80,80,80,80],"card_choices":[{"not_picked":["Clash","Metallicize"],"picked":"Cleave","floor":1},{"not_picked":["Rage","jedi:fear"],"picked":"Cleave","floor":2},{"not_picked":["Warcry","Twin Strike"],"picked":"jedi:bloodyhammer","floor":4},{"not_picked":["infinitespire:OneForAll","Heavy Blade"],"picked":"Searing Blow","floor":7},{"not_picked":["Body Slam","Flame Barrier","Heavy Blade"],"picked":"SKIP","floor":8},{"not_picked":["conspire:ExplosiveBarrier","jedi:fear","Iron Wave"],"picked":"SKIP","floor":9},{"not_picked":["Sword Boomerang","jedi:controlledanger","conspire:Charge"],"picked":"SKIP","floor":11},{"not_picked":["Warcry","Feel No Pain"],"picked":"Impervious","floor":14},{"not_picked":["Cleave","Thunderclap"],"picked":"True Grit","floor":16}],"player_experience":236275,"relics_obtained":[{"floor":8,"key":"infinitespire:BottledMercury"},{"floor":10,"key":"jedi:cryingmask"},{"floor":11,"key":"CCEMRelics:Pendulum"}],"event_choices":[{"cards_removed":["Strike_R"],"damage_healed":0,"gold_gain":0,"player_choice":"Offered Basic","damage_taken":0,"max_hp_gain":0,"max_hp_loss":0,"event_name":"Bonfire Elementals","floor":3,"gold_loss":0},{"damage_healed":0,"gold_gain":0,"player_choice":"Upgraded","damage_taken":0,"max_hp_gain":0,"max_hp_loss":0,"event_name":"Upgrade Shrine","floor":5,"gold_loss":0,"cards_upgraded":["Cleave"]},{"cards_removed":["Strike_R"],"damage_healed":0,"gold_gain":0,"player_choice":"Card Removal","damage_taken":7,"max_hp_gain":0,"max_hp_loss":0,"event_name":"Golden Wing","floor":12,"gold_loss":0},{"damage_healed":0,"gold_gain":0,"player_choice":"1 cards matched","damage_taken":0,"max_hp_gain":0,"max_hp_loss":0,"event_name":"Match and Keep!","floor":15,"gold_loss":0,"cards_obtained":["Demon Form"]}],"is_beta":false,"boss_relics":[],"items_purged_floors":[],"is_endless":false,"potions_floor_spawned":[2,7,9,14,16],"killed_by":"Hexaghost","ascension_level":0}}