{"host":"3qkmyeoym75lj4wn","time":1608677598,"event":{"mods":["2.2 Compatiblity","Act Like it!","BaseMod","Bestiary","Block Reminder","Colored Powertips","Downfall","Highlight Path","Minty Spire (QoL Compilation)","Permanent Neow","Rare Cards Sparkle","Relic Stats","StSLib"],"gold_per_floor":[99,114,27,41,41,103,127,2,2,35,35,35,51,36,49,49,49,49],"floor_reached":16,"playtime":677,"items_purged":[],"score":148,"play_id":"0c271525-e2dc-40d1-accf-8d5c64d8134e","local_time":"20201222225318","is_ascension_mode":false,"campfire_choices":[{"data":"Slimebound:Split","floor":1,"key":"SMITH"},{"data":"Slimebound:ServeAndProtect","floor":8,"key":"SMITH"},{"floor":11,"key":"RECALL"}],"circlet_count":0,"master_deck":["Slimebound:Strike_Slimebound","Slimebound:Strike_Slimebound","Slimebound:Tackle+1","Slimebound:Defend_Slimebound","Slimebound:Defend_Slimebound","Slimebound:Defend_Slimebound","Slimebound:Defend_Slimebound+1","Slimebound:Split+1","Slimebound:CorrosiveSpit","Slimebound:SplitMire","Slimebound:SpikyOuterGoop","Slimebound:OozeBath+1","Slimebound:AcidTongue","Slimebound:DisruptingSlam","Slimebound:ServeAndProtect+1","Regret","Slimebound:DivideAndConquer","Slimebound:SelfFormingGoo"],"relics":["Slimebound:AbsorbEndCombat","Slimebound:GreedOozeRelic","Centennial Puzzle","downfall:HeartBlessingBlue","Vajra"],"acts_visited":["Exordium"],"potions_floor_usage":[],"damage_taken":[{"damage":11,"enemies":"Small Slimes","floor":2,"turns":3},{"damage":15,"enemies":"downfall:FleeingMerchant","floor":3,"turns":4},{"damage":22,"enemies":"Jaw Worm","floor":4,"turns":3},{"damage":43,"enemies":"3 Sentries","floor":6,"turns":5},{"damage":15,"enemies":"Gremlin Nob","floor":10,"turns":3},{"damage":8,"enemies":"2 Louse","floor":13,"turns":3},{"damage":21,"enemies":"downfall:FleeingMerchant","floor":14,"turns":4},{"damage":27,"enemies":"Exordium Thugs","floor":15,"turns":3},{"damage":39,"enemies":"downfall:Defect","floor":16,"turns":4}],"seed_played":"1093135101606209143","potions_obtained":[{"floor":4,"key":"SmokeBomb"},{"floor":10,"key":"SpeedPotion"},{"floor":13,"key":"hexamod:EctoCoolerPotion"},{"floor":15,"key":"BlessingOfTheForge"}],"is_trial":false,"path_per_floor":["R","M","$","M","?","?","T","R","?","E","R","?","M","$","M","B"],"character_chosen":"SLIMEBOUND","items_purchased":["Slimebound:AcidTongue"],"campfire_rested":0,"item_purchase_floors":[3],"current_hp_per_floor":[60,59,59,53,53,30,30,40,40,41,41,46,46,43,32,0,0,0],"gold":49,"neow_bonus":"TRANSFORM_CARD","is_daily":false,"chose_seed":false,"campfire_upgraded":2,"win_rate":0.0,"timestamp":1608677598,"path_taken":["R","M","$","M","?","?","T","R","?","E","R","?","M","$","M","BOSS"],"items_purchased_type":["Card"],"build_version":"2020-12-13","purchased_purges":0,"victory":false,"max_hp_per_floor":[60,60,60,60,60,60,60,70,70,70,70,75,75,75,75,75,75,75],"relic_stats":{"Centennial Puzzle":[15],"counters":[9,31],"obtain_stats":[{"Slimebound:GreedOozeRelic":5,"Centennial Puzzle":6,"downfall:HeartBlessingBlue":8,"Vajra":10,"Slimebound:AbsorbEndCombat":0},{"Slimebound:GreedOozeRelic":3,"Centennial Puzzle":4,"downfall:HeartBlessingBlue":4,"Vajra":5,"Slimebound:AbsorbEndCombat":0},{"Slimebound:GreedOozeRelic":10,"Centennial Puzzle":15,"downfall:HeartBlessingBlue":15,"Vajra":18,"Slimebound:AbsorbEndCombat":0}]},"card_choices":[{"not_picked":["Slimebound:SplitMire","Slimebound:FlameTackle"],"picked":"Slimebound:SpikyOuterGoop","floor":2},{"not_picked":["Slimebound:SamplingLick","Slimebound:SlimeSpikes"],"picked":"Slimebound:OozeBath","floor":3},{"not_picked":["Slimebound:LeechingTouch","Slimebound:SplitAcid"],"picked":"Slimebound:DisruptingSlam","floor":4},{"not_picked":["Slimebound:RollThrough","Slimebound:LeechingTouch"],"picked":"Slimebound:ServeAndProtect","floor":6},{"not_picked":["Slimebound:Dissolve","Slimebound:DisruptingSlam","Slimebound:SpikyOuterGoop"],"picked":"SKIP","floor":10},{"not_picked":["Slimebound:FinishingTackle","Slimebound:SplitLeeching"],"picked":"Slimebound:DivideAndConquer","floor":13},{"not_picked":["Slimebound:LeechingTouch","Slimebound:LeechEnergy"],"picked":"Slimebound:SelfFormingGoo","floor":14},{"not_picked":["Slimebound:SlimeBrawl","Slimebound:GrowthPunch","Slimebound:ServeAndProtect"],"picked":"SKIP","floor":15}],"player_experience":1594373,"relics_obtained":[{"floor":6,"key":"Centennial Puzzle"},{"floor":10,"key":"Vajra"}],"event_choices":[{"damage_healed":0,"gold_gain":0,"player_choice":"Donut","damage_taken":0,"max_hp_gain":5,"max_hp_loss":0,"event_name":"Big Fish","floor":12,"gold_loss":0}],"is_beta":false,"boss_relics":[],"items_purged_floors":[],"is_endless":false,"potions_floor_spawned":[4,10,13,15],"killed_by":"downfall:Defect","ascension_level":0}}