{"host":"lhth1efayex2023z","time":1608621642,"event":{"mods":["BaseMod","Colored Map","Googly Eyes","Minty Spire (QoL Compilation)","StSLib"],"gold_per_floor":[364,364,127,144,156,156,183,183,183,210,221,35,60,12,12,113,113,131,147,47,47,47,47,381,381,404,415,430,456,456,485,485,485,485],"floor_reached":33,"playtime":1171,"items_purged":["Strike_G","Strike_G","Strike_G"],"score":557,"play_id":"927b19a2-e6e8-4780-830a-e9cef49297e3","local_time":"20201222002042","is_ascension_mode":true,"campfire_choices":[{"data":"Calculated Gamble","floor":6.0,"key":"SMITH"},{"floor":15.0,"key":"REST"},{"data":"Tools of the Trade","floor":23,"key":"SMITH"},{"floor":25,"key":"REST"},{"floor":30,"key":"REST"},{"floor":32,"key":"REST"}],"circlet_count":0,"master_deck":["AscendersBane","Strike_G","Strike_G","Defend_G","Defend_G","Defend_G","Defend_G","Survivor","Neutralize","Poisoned Stab","Bane","Calculated Gamble+1","Dash","Dodge and Roll","Poisoned Stab","A Thousand Cuts+1","Crippling Poison","Blade Dance","Catalyst","Terror","Blade Dance","Tools of the Trade+1","CurseOfTheBell","Cloak And Dagger","Blade Dance+1","Distraction+1","Adrenaline"],"relics":["Ring of the Snake","Ninja Scroll","Happy Flower","Snake Skull","Darkstone Periapt","Calling Bell","Toy Ornithopter","The Courier","Ginger","Old Coin","Strawberry","Ice Cream","TungstenRod"],"acts_visited":["Exordium","TheCity"],"potions_floor_usage":[18,24,28,29,31],"damage_taken":[{"damage":12.0,"enemies":"Jaw Worm","floor":1.0,"turns":8.0},{"damage":0.0,"enemies":"Small Slimes","floor":4.0,"turns":3.0},{"damage":1.0,"enemies":"Cultist","floor":5.0,"turns":4.0},{"damage":10.0,"enemies":"3 Sentries","floor":7.0,"turns":12.0},{"damage":6.0,"enemies":"Gremlin Nob","floor":10.0,"turns":3.0},{"damage":0.0,"enemies":"Red Slaver","floor":11.0,"turns":3.0},{"damage":26.0,"enemies":"Lagavulin","floor":13.0,"turns":4.0},{"damage":0.0,"enemies":"Slime Boss","floor":16.0,"turns":5.0},{"damage":0,"enemies":"Spheric Guardian","floor":18,"turns":1},{"damage":7,"enemies":"Chosen","floor":19,"turns":4},{"damage":25,"enemies":"Gremlin Leader","floor":24,"turns":5},{"damage":20,"enemies":"Snecko","floor":27,"turns":4},{"damage":11,"enemies":"3 Cultists","floor":28,"turns":5},{"damage":22,"enemies":"Slavers","floor":29,"turns":2},{"damage":17,"enemies":"Gremlin Leader","floor":31,"turns":4},{"damage":65,"enemies":"Automaton","floor":33,"turns":6}],"seed_played":"-3710249706726335169","potions_obtained":[{"floor":1.0,"key":"SkillPotion"},{"floor":11.0,"key":"ColorlessPotion"},{"floor":13.0,"key":"BlessingOfTheForge"},{"floor":16.0,"key":"SteroidPotion"},{"floor":18,"key":"CultistPotion"},{"floor":27,"key":"ColorlessPotion"},{"floor":29,"key":"SteroidPotion"}],"is_trial":false,"path_per_floor":["M","?","$","M","M","R","E","?","T","E","M","$","E","$","R","B",null,"M","M","$","?","?","R","E","R","T","M","M","E","R","E","R","B"],"character_chosen":"THE_SILENT","items_purchased":["Bane","Calculated Gamble","Dash","Blade Dance","Catalyst","Blade Dance"],"campfire_rested":4,"item_purchase_floors":[3,3,3,12,12,14],"current_hp_per_floor":[51,51,51,51,50,50,40,40,40,34,34,34,8,8,26,26,60,65,58,58,58,46,46,26,48,55,35,29,12,36,24,48,0,0],"gold":485,"neow_bonus":"TWO_FIFTY_GOLD","is_daily":false,"chose_seed":false,"campfire_upgraded":2,"win_rate":0.0,"timestamp":1608621642,"path_taken":["M","?","$","M","M","R","E","?","T","E","?","$","E","?","R","BOSS","M","M","$","?","?","R","E","R","T","M","?","E","R","E","R","BOSS"],"items_purchased_type":["Card","Card","Card","Card","Card","Card"],"build_version":"2020-12-13","purchased_purges":3,"victory":false,"max_hp_per_floor":[63,63,63,63,63,63,63,63,63,63,63,63,63,63,63,63,69,69,69,69,69,74,74,74,74,81,81,81,81,81,81,81,81,81],"card_choices":[{"not_picked":["Prepared","Quick Slash"],"picked":"Poisoned Stab","floor":1.0},{"not_picked":["Deflect","Leg Sweep"],"picked":"Dodge and Roll","floor":4.0},{"not_picked":["Dagger Throw","Flying Knee"],"picked":"Poisoned Stab","floor":5.0},{"not_picked":["Expertise","Dodge and Roll"],"picked":"A Thousand Cuts","floor":7.0},{"not_picked":["Riddle With Holes","Calculated Gamble"],"picked":"Crippling Poison","floor":10.0},{"not_picked":["Masterful Stab","Sucker Punch","Setup"],"picked":"SKIP","floor":11.0},{"not_picked":["Malaise","Underhanded Strike"],"picked":"Terror","floor":13.0},{"not_picked":["Doppelganger","Malaise"],"picked":"Tools of the Trade","floor":16.0},{"not_picked":["PiercingWail","Poisoned Stab"],"picked":"Cloak And Dagger","floor":18},{"not_picked":["Heel Hook","Crippling Poison+1","Deflect+1"],"picked":"SKIP","floor":19},{"not_picked":["Sucker Punch+1","Venomology"],"picked":"Blade Dance+1","floor":24},{"not_picked":["Well Laid Plans","All Out Attack"],"picked":"Distraction+1","floor":27},{"not_picked":["Acrobatics","Heel Hook","Dagger Throw+1"],"picked":"SKIP","floor":28},{"not_picked":["Eviscerate","Flechettes","Acrobatics"],"picked":"SKIP","floor":29},{"not_picked":["Deflect","Underhanded Strike"],"picked":"Adrenaline","floor":31}],"player_experience":385780,"relics_obtained":[{"floor":7.0,"key":"Ninja Scroll"},{"floor":9.0,"key":"Happy Flower"},{"floor":10.0,"key":"Snake Skull"},{"floor":13.0,"key":"Darkstone Periapt"},{"floor":17.0,"key":"Toy Ornithopter"},{"floor":17.0,"key":"The Courier"},{"floor":17.0,"key":"Ginger"},{"floor":24,"key":"Old Coin"},{"floor":26,"key":"Strawberry"},{"floor":29,"key":"Ice Cream"},{"floor":31,"key":"TungstenRod"}],"event_choices":[{"cards_removed":["Defend_G"],"damage_healed":0.0,"max_hp_gain":0.0,"max_hp_loss":0.0,"gold_gain":0.0,"event_name":"Living Wall","player_choice":"Forget","floor":2.0,"gold_loss":0.0,"damage_taken":0.0},{"damage_healed":0.0,"max_hp_gain":0.0,"max_hp_loss":0.0,"gold_gain":0.0,"event_name":"Upgrade Shrine","player_choice":"Upgraded","floor":8.0,"gold_loss":0.0,"damage_taken":0.0,"cards_upgraded":["A Thousand Cuts"]},{"damage_healed":0,"gold_gain":0,"player_choice":"Ignored","damage_taken":0,"max_hp_gain":0,"max_hp_loss":0,"event_name":"Cursed Tome","floor":21,"gold_loss":0},{"damage_healed":0,"gold_gain":0,"player_choice":"Shed Blood","damage_taken":17,"max_hp_gain":5,"max_hp_loss":0,"event_name":"Forgotten Altar","floor":22,"gold_loss":0}],"is_beta":false,"boss_relics":[{"not_picked":["Ectoplasm","Philosopher\u0027s Stone"],"picked":"Calling Bell"}],"items_purged_floors":[3,12,20],"is_endless":false,"potions_floor_spawned":[1,11,13,16,18,27,29],"killed_by":"Automaton","ascension_level":10}}