{"host":"5fasz840ryq7obdf","time":1608664096,"event":{"mods":["AchievementEnabler","BaseMod","Bestiary","Better Altar","Better Skull","Better Third Choice","BetterRewards","Block Reminder","Colored Powertips","Curses Come First","Minty Spire (QoL Compilation)","Quick Restart","Relic Stats","Shop Mod","Spicy Shops","StSLib"],"gold_per_floor":[117,117,178,178,220,220,339,394,394,3,57,127,28,130,130,229,229,246,3,3,3,46,125,125,176,176,176,176,190,190,202,202,299,299,386,461,351,351,5,86,155,189,189,0,85,152,152,252,252,277],"floor_reached":51,"playtime":3550,"items_purged":["Strike_P","Strike_P","Strike_P"],"score":2195,"play_id":"131029ca-7a31-45cd-9544-41462330c36b","local_time":"20201222190816","is_ascension_mode":true,"campfire_choices":[{"data":"Apotheosis","floor":6.0,"key":"SMITH"},{"floor":15.0,"key":"REST"},{"data":"Omniscience","floor":24.0,"key":"SMITH"},{"data":"DeusExMachina","floor":30.0,"key":"SMITH"},{"data":"Eruption","floor":32.0,"key":"SMITH"},{"floor":47.0,"key":"RECALL"},{"data":"Panache","floor":49.0,"key":"SMITH"}],"circlet_count":0,"master_deck":["AscendersBane","Defend_P+1","Eruption+1","Vigilance","Ragnarok+1","Panache+1","CrushJoints+1","HandOfGreed+1","Consecrate+1","Evaluate+1","CrushJoints+1","DeusExMachina+1","ThirdEye+1","Bandage Up+1","FearNoEvil+1","Omniscience+1","Omniscience+1","MentalFortress+1","SashWhip+1","LessonLearned+1","DevaForm","TalkToTheHand+1","Weave+1","Wish","WheelKick+1","Omniscience+1","Ragnarok+1","Protect+1","Protect+1","WaveOfTheHand"],"relics":["PureWater","Molten Egg 2","Bag of Marbles","Vajra","OrangePellets","DollysMirror","TungstenRod","Singing Bowl","Anchor","Sling","Strawberry","Orichalcum","Shuriken","Gremlin Horn","Dead Branch","Astrolabe","White Beast Statue","Juzu Bracelet","Pen Nib","Letter Opener","Bloody Idol","Blood Vial","Philosopher\u0027s Stone","Gambling Chip","Strange Spoon","Akabeko","Blue Candle","Red Mask","CaptainsWheel"],"acts_visited":["Exordium","TheCity","TheBeyond"],"potions_floor_usage":[],"damage_taken":[{"damage":0.0,"enemies":"2 Louse","floor":1.0,"turns":1.0},{"damage":0.0,"enemies":"Small Slimes","floor":3.0,"turns":4.0},{"damage":0.0,"enemies":"Cultist","floor":5.0,"turns":2.0},{"damage":1.0,"enemies":"Lots of Slimes","floor":7.0,"turns":9.0},{"damage":7.0,"enemies":"Gremlin Nob","floor":8.0,"turns":3.0},{"damage":0.0,"enemies":"Lagavulin","floor":11.0,"turns":2.0},{"damage":4.0,"enemies":"Exordium Thugs","floor":12.0,"turns":4.0},{"damage":9.0,"enemies":"3 Sentries","floor":14.0,"turns":11.0},{"damage":0.0,"enemies":"The Guardian","floor":16.0,"turns":8.0},{"damage":0.0,"enemies":"2 Thieves","floor":18.0,"turns":1.0},{"damage":0.0,"enemies":"3 Byrds","floor":22.0,"turns":5.0},{"damage":9.0,"enemies":"Slavers","floor":23.0,"turns":8.0},{"damage":0.0,"enemies":"Gremlin Leader","floor":25.0,"turns":1.0},{"damage":0.0,"enemies":"Snecko","floor":29.0,"turns":1.0},{"damage":0.0,"enemies":"Sentry and Sphere","floor":31.0,"turns":2.0},{"damage":0.0,"enemies":"Champ","floor":33.0,"turns":2.0},{"damage":0.0,"enemies":"Orb Walker","floor":35.0,"turns":2.0},{"damage":0.0,"enemies":"Mind Bloom Boss Battle","floor":36.0,"turns":2.0},{"damage":0.0,"enemies":"Reptomancer","floor":40.0,"turns":2.0},{"damage":0.0,"enemies":"3 Darklings","floor":41.0,"turns":1.0},{"damage":0.0,"enemies":"Giant Head","floor":42.0,"turns":1.0},{"damage":25.0,"enemies":"Sphere and 2 Shapes","floor":45.0,"turns":3.0},{"damage":0.0,"enemies":"Maw","floor":46.0,"turns":3.0},{"damage":0.0,"enemies":"2 Orb Walkers","floor":48.0,"turns":1.0},{"damage":33,"enemies":"Awakened One","floor":50,"turns":5}],"seed_played":"1758481899338426342","potions_obtained":[{"floor":1.0,"key":"Regen Potion"},{"floor":5.0,"key":"Swift Potion"},{"floor":12.0,"key":"SneckoOil"},{"floor":18.0,"key":"StancePotion"},{"floor":36.0,"key":"Fruit Juice"},{"floor":40.0,"key":"LiquidMemories"},{"floor":42.0,"key":"Dexterity Potion"},{"floor":45.0,"key":"Dexterity Potion"}],"is_trial":false,"path_per_floor":["M","?","M","?","M","R","M","E","T","$","E","M","$","E","R","B",null,"M","$","T","$","M","E","R","E","T","?","?","M","R","M","R","B",null,"M","?","?","?","$","E","M","E","T","?","M","M","R","?","R","B",null],"character_chosen":"WATCHER","items_purchased":["Molten Egg 2","Bag of Marbles","Vajra","OrangePellets","Ragnarok+1","DollysMirror","TungstenRod","Singing Bowl","Anchor","Panache","CrushJoints+1","HandOfGreed+1","Sling","Evaluate","Shuriken","Bandage Up","LessonLearned+1","DevaForm","Omniscience","Strange Spoon"],"campfire_rested":1,"item_purchase_floors":[0,0,0,0,0,0,0,0,0,0,0,0,0,0,10,13,19,19,39,39],"current_hp_per_floor":[21,21,23,23,25,25,26,26,26,26,26,36,36,33,58,64,80,80,80,80,80,87,86,86,88,88,88,12,19,19,26,26,42,79,91,98,98,98,98,98,98,100,100,100,80,100,100,102,102,80],"gold":277,"neow_bonus":"","is_daily":false,"chose_seed":false,"campfire_upgraded":5,"win_rate":0.0,"timestamp":1608664096,"path_taken":["M","?","M","?","M","R","M","E","T","$","E","?","$","E","R","BOSS","M","?","?","$","?","E","R","E","T","?","?","M","R","M","R","BOSS","M","?","?","?","$","E","M","E","T","?","M","M","R","?","R","BOSS"],"items_purchased_type":["Relic","Relic","Relic","Relic","Card","Relic","Relic","Relic","Relic","Card","Card","Card","Relic","Card","Relic","Card","Card","Card","Card","Relic"],"build_version":"2020-12-13","purchased_purges":3,"victory":true,"max_hp_per_floor":[70,70,72,72,74,74,76,83,83,83,83,85,85,85,85,85,85,85,85,85,85,87,89,89,91,91,91,91,91,91,91,91,91,91,91,98,98,98,98,98,98,100,100,100,100,100,100,102,102,102],"relic_stats":{"Singing Bowl":22,"Gremlin Horn":[22,17],"counters":[215,916],"Dead Branch":[108],"Astrolabe":["Omniscience","MentalFortress","BowlingBash"],"Blue Candle":[2],"Pen Nib":[7],"Juzu Bracelet":1,"Letter Opener":[747],"Orichalcum":[42],"Blood Vial":10,"OrangePellets":[2],"Strange Spoon":[109],"Shuriken":[102],"Bloody Idol":52,"Gambling Chip":[26],"obtain_stats":[{"Whetstone":31,"Bottled Tornado":47,"Boot":47,"Sling":5,"Old Coin":5,"Blood Vial":24,"Sundial":42,"MealTicket":11,"HandDrill":0,"Kunai":0,"Pear":54,"Blue Candle":31,"Eternal Feather":8,"Pen Nib":6,"Akabeko":9,"SlaversCollar":17,"Bird Faced Urn":0,"Unceasing Top":23,"Regal Pillow":25,"Lantern":9,"Singing Bowl":23,"StoneCalendar":0,"Bag of Preparation":47,"Ancient Tea Set":20,"Smiling Mask":40,"Toolbox":0,"WingedGreaves":36,"Potion Belt":0,"Lee\u0027s Waffle":0,"NeowsBlessing":0,"Golden Idol":10,"Damaru":22,"Thread and Needle":6,"PreservedInsect":47,"betterThird:NestCultRelic":19,"The Courier":41,"Omamori":40,"Frozen Egg 2":48,"MawBank":28,"Ornamental Fan":28,"Bloody Idol":21,"Orrery":0,"Turnip":40,"Art of War":26,"Toy Ornithopter":11,"Ice Cream":47,"Calipers":0,"Gremlin Horn":0,"CeramicFish":34,"Vajra":43,"Sozu":34,"Centennial Puzzle":39,"Lizard Tail":36,"HornCleat":43,"DollysMirror":36,"Strawberry":24,"Philosopher\u0027s Stone":34,"Prayer Wheel":31,"Toxic Egg 2":8,"Girya":47,"Happy Flower":38,"Astrolabe":17,"Dead Branch":14,"Oddly Smooth Stone":6,"Letter Opener":6,"War Paint":44,"Question Card":17,"Du-Vu Doll":27,"OrangePellets":0,"Bottled Flame":47,"Shuriken":0,"Bronze Scales":37,"Molten Egg 2":14,"Black Star":17,"Meat on the Bone":0,"Pocketwatch":17,"Darkstone Periapt":25,"Mango":43,"Yang":0,"Incense Burner":17,"Juzu Bracelet":23,"TeardropLocket":42,"Empty Cage":17,"Nunchaku":4,"Dream Catcher":29,"TheAbacus":20,"Mummified Hand":26,"Gambling Chip":8,"Pantograph":34,"Tiny Chest":8,"Red Mask":44,"Runic Pyramid":17,"Orichalcum":9,"White Beast Statue":9,"Mercury Hourglass":28,"Calling Bell":34,"Cauldron":2,"Strange Spoon":5,"Anchor":22,"CaptainsWheel":48,"HolyWater":34,"Bag of Marbles":46,"Membership Card":0,"PureWater":0,"TungstenRod":0},{"Whetstone":62,"Bottled Tornado":186,"Boot":71,"Sling":76,"Old Coin":105,"Blood Vial":35,"Sundial":70,"MealTicket":30,"HandDrill":23,"Kunai":47,"Pear":189,"Blue Candle":15,"Eternal Feather":52,"Pen Nib":27,"Akabeko":4,"SlaversCollar":171,"Bird Faced Urn":23,"Unceasing Top":85,"Regal Pillow":36,"Lantern":52,"Singing Bowl":35,"StoneCalendar":130,"Bag of Preparation":71,"Ancient Tea Set":112,"Smiling Mask":182,"Toolbox":73,"WingedGreaves":153,"Potion Belt":23,"Lee\u0027s Waffle":102,"NeowsBlessing":0,"Golden Idol":167,"Damaru":34,"Thread and Needle":136,"PreservedInsect":21,"betterThird:NestCultRelic":112,"The Courier":122,"Omamori":20,"Frozen Egg 2":158,"MawBank":60,"Ornamental Fan":87,"Bloody Idol":57,"Orrery":130,"Turnip":43,"Art of War":36,"Toy Ornithopter":53,"Ice Cream":71,"Calipers":130,"Gremlin Horn":102,"CeramicFish":40,"Vajra":70,"Sozu":151,"Centennial Puzzle":42,"Lizard Tail":120,"HornCleat":44,"DollysMirror":41,"Strawberry":12,"Philosopher\u0027s Stone":16,"Prayer Wheel":89,"Toxic Egg 2":29,"Girya":127,"Happy Flower":18,"Astrolabe":32,"Dead Branch":198,"Oddly Smooth Stone":77,"Letter Opener":3,"War Paint":45,"Question Card":55,"Du-Vu Doll":147,"OrangePellets":130,"Bottled Flame":186,"Shuriken":130,"Bronze Scales":92,"Molten Egg 2":6,"Black Star":82,"Meat on the Bone":23,"Pocketwatch":142,"Darkstone Periapt":59,"Mango":20,"Yang":73,"Incense Burner":55,"Juzu Bracelet":202,"TeardropLocket":156,"Empty Cage":7,"Nunchaku":1,"Dream Catcher":38,"TheAbacus":57,"Mummified Hand":12,"Gambling Chip":4,"Pantograph":40,"Tiny Chest":107,"Red Mask":20,"Runic Pyramid":111,"Orichalcum":29,"White Beast Statue":167,"Mercury Hourglass":14,"Calling Bell":40,"Cauldron":133,"Strange Spoon":165,"Anchor":57,"CaptainsWheel":214,"HolyWater":63,"Bag of Marbles":71,"Membership Card":23,"PureWater":0,"TungstenRod":47},{"Whetstone":265,"Bottled Tornado":809,"Boot":312,"Sling":329,"Old Coin":452,"Blood Vial":136,"Sundial":307,"MealTicket":111,"HandDrill":89,"Kunai":199,"Pear":824,"Blue Candle":52,"Eternal Feather":215,"Pen Nib":100,"Akabeko":12,"SlaversCollar":748,"Bird Faced Urn":89,"Unceasing Top":360,"Regal Pillow":142,"Lantern":215,"Singing Bowl":136,"StoneCalendar":563,"Bag of Preparation":312,"Ancient Tea Set":476,"Smiling Mask":791,"Toolbox":320,"WingedGreaves":664,"Potion Belt":89,"Lee\u0027s Waffle":444,"NeowsBlessing":0,"Golden Idol":731,"Damaru":133,"Thread and Needle":577,"PreservedInsect":82,"betterThird:NestCultRelic":476,"The Courier":517,"Omamori":77,"Frozen Egg 2":694,"MawBank":250,"Ornamental Fan":368,"Bloody Idol":235,"Orrery":563,"Turnip":176,"Art of War":142,"Toy Ornithopter":219,"Ice Cream":312,"Calipers":563,"Gremlin Horn":444,"CeramicFish":163,"Vajra":307,"Sozu":655,"Centennial Puzzle":171,"Lizard Tail":507,"HornCleat":183,"DollysMirror":168,"Strawberry":43,"Philosopher\u0027s Stone":59,"Prayer Wheel":377,"Toxic Egg 2":107,"Girya":541,"Happy Flower":65,"Astrolabe":123,"Dead Branch":868,"Oddly Smooth Stone":333,"Letter Opener":3,"War Paint":188,"Question Card":227,"Du-Vu Doll":628,"OrangePellets":563,"Bottled Flame":809,"Shuriken":563,"Bronze Scales":392,"Molten Egg 2":20,"Black Star":347,"Meat on the Bone":89,"Pocketwatch":600,"Darkstone Periapt":245,"Mango":77,"Yang":320,"Incense Burner":227,"Juzu Bracelet":890,"TeardropLocket":683,"Empty Cage":27,"Nunchaku":1,"Dream Catcher":152,"TheAbacus":235,"Mummified Hand":43,"Gambling Chip":12,"Pantograph":163,"Tiny Chest":459,"Red Mask":77,"Runic Pyramid":473,"Orichalcum":107,"White Beast Statue":731,"Mercury Hourglass":50,"Calling Bell":163,"Cauldron":569,"Strange Spoon":725,"Anchor":235,"CaptainsWheel":911,"HolyWater":272,"Bag of Marbles":312,"Membership Card":89,"PureWater":0,"TungstenRod":199}],"TungstenRod":22},"card_choices":[{"not_picked":["FlyingSleeves+1","Consecrate+1","Wallop+1"],"picked":"Singing Bowl","floor":1.0},{"not_picked":["CutThroughFate+1","ThirdEye","SashWhip+1"],"picked":"Singing Bowl","floor":3.0},{"not_picked":["Conclude+1","Study","FollowUp+1"],"picked":"Singing Bowl","floor":5.0},{"not_picked":["ForeignInfluence","CrushJoints+1","Weave+1"],"picked":"Singing Bowl","floor":7.0},{"not_picked":["Consecrate+1","BowlingBash+1"],"picked":"DeusExMachina","floor":8.0},{"not_picked":["CutThroughFate+1","JustLucky+1"],"picked":"ThirdEye","floor":11.0},{"not_picked":["ThirdEye","FollowUp+1","BowlingBash+1"],"picked":"Singing Bowl","floor":12.0},{"not_picked":["Study","BattleHymn"],"picked":"FearNoEvil+1","floor":14.0},{"not_picked":["Wish","LessonLearned+1"],"picked":"Omniscience","floor":16.0},{"not_picked":["WheelKick+1","Halt"],"picked":"SashWhip+1","floor":18.0},{"not_picked":["PathToVictory","ThirdEye","CutThroughFate+1"],"picked":"Singing Bowl","floor":22.0},{"not_picked":["DeceiveReality","FollowUp+1","Blasphemy"],"picked":"Singing Bowl","floor":23.0},{"not_picked":["ThirdEye","Prostrate","EmptyFist+1"],"picked":"Singing Bowl","floor":25.0},{"not_picked":["WindmillStrike+1","CarveReality+1"],"picked":"TalkToTheHand+1","floor":29.0},{"not_picked":["FearNoEvil+1","Halt"],"picked":"Weave+1","floor":31.0},{"not_picked":["MasterReality","Omniscience"],"picked":"Wish","floor":33.0},{"not_picked":["Tantrum+1","Study"],"picked":"WheelKick+1","floor":35.0},{"not_picked":["EmptyFist+1","Meditate+1","FollowUp+1"],"picked":"Singing Bowl","floor":36.0},{"not_picked":["Halt","EmptyFist+1"],"picked":"Ragnarok+1","floor":40.0},{"not_picked":["EmptyFist+1","WheelKick+1"],"picked":"Protect","floor":41.0},{"not_picked":["SandsOfTime+1","BowlingBash+1","Perseverance+1"],"picked":"Singing Bowl","floor":42.0},{"not_picked":["FlyingSleeves+1","JustLucky+1"],"picked":"Protect+1","floor":45.0},{"not_picked":["Meditate+1","SashWhip+1"],"picked":"WaveOfTheHand","floor":46.0},{"not_picked":["Tantrum+1","JustLucky+1","FlurryOfBlows+1"],"picked":"Singing Bowl","floor":48.0}],"player_experience":949106,"relics_obtained":[{"floor":8.0,"key":"Strawberry"},{"floor":9.0,"key":"Orichalcum"},{"floor":11.0,"key":"Gremlin Horn"},{"floor":14.0,"key":"Dead Branch"},{"floor":20.0,"key":"White Beast Statue"},{"floor":23.0,"key":"Juzu Bracelet"},{"floor":25.0,"key":"Pen Nib"},{"floor":26.0,"key":"Letter Opener"},{"floor":36.0,"key":"Gambling Chip"},{"floor":40.0,"key":"Akabeko"},{"floor":42.0,"key":"Blue Candle"},{"floor":48.0,"key":"CaptainsWheel"}],"event_choices":[{"damage_healed":21.0,"max_hp_gain":0.0,"max_hp_loss":70.0,"gold_gain":0.0,"event_name":"betterThird:BetterShining","player_choice":"Embrace","floor":2.0,"gold_loss":0.0,"damage_taken":0.0},{"damage_healed":0.0,"max_hp_gain":0.0,"max_hp_loss":0.0,"gold_gain":0.0,"cards_transformed":["Defend_P"],"event_name":"Transmorgrifier","player_choice":"Transformed","floor":4.0,"gold_loss":0.0,"damage_taken":0.0,"cards_obtained":["CrushJoints"]},{"cards_removed":["BowlingBash"],"damage_healed":0.0,"max_hp_gain":0.0,"max_hp_loss":0.0,"gold_gain":0.0,"event_name":"betterThird:BetterWriting","player_choice":"Elegance","floor":27.0,"gold_loss":0.0,"damage_taken":0.0},{"damage_healed":0.0,"max_hp_gain":88.0,"max_hp_loss":12.0,"gold_gain":0.0,"event_name":"betterAltar:BetterAltar","player_choice":" Idol Vial ","floor":28.0,"potions_obtained":[],"relics_lost":[],"gold_loss":0.0,"damage_taken":78.0,"relics_obtained":["Bloody Idol","Blood Vial"]},{"damage_healed":0.0,"max_hp_gain":0.0,"max_hp_loss":0.0,"gold_gain":0.0,"event_name":"MindBloom","player_choice":"Fight","floor":36.0,"gold_loss":0.0,"damage_taken":0.0},{"cards_removed":["Apotheosis"],"damage_healed":0.0,"max_hp_gain":0.0,"max_hp_loss":0.0,"gold_gain":0.0,"event_name":"Designer","player_choice":"Upgrade and Remove","floor":37.0,"gold_loss":110.0,"damage_taken":0.0,"cards_upgraded":["ThirdEye"]},{"cards_removed":["Ragnarok"],"damage_healed":0.0,"max_hp_gain":0.0,"max_hp_loss":0.0,"gold_gain":0.0,"event_name":"Falling","player_choice":"Removed Attack","floor":38.0,"gold_loss":0.0,"damage_taken":0.0},{"damage_healed":0.0,"max_hp_gain":0.0,"max_hp_loss":0.0,"gold_gain":0.0,"event_name":"Tomb of Lord Red Mask","player_choice":"Paid","floor":44.0,"gold_loss":189.0,"damage_taken":0.0,"relics_obtained":["Red Mask"]},{"damage_healed":0.0,"max_hp_gain":0.0,"max_hp_loss":0.0,"gold_gain":0.0,"event_name":"Mysterious Sphere","player_choice":"Fight","floor":48.0,"gold_loss":0.0,"damage_taken":0.0}],"is_beta":false,"boss_relics":[{"not_picked":["Busted Crown","Velvet Choker"],"picked":"Astrolabe"},{"not_picked":["Snecko Eye","Sozu"],"picked":"Philosopher\u0027s Stone"}],"items_purged_floors":[0,0,10],"is_endless":false,"potions_floor_spawned":[1,5,12,18,22,23,25,29,31,33,35,36,40,41,42,45,46,48],"ascension_level":16}}