{"host":"sa7ebub27cgn5wai","time":1608632347,"event":{"mods":["BaseMod","Colored Map","Minty Spire (QoL Compilation)","SuperFastMode"],"gold_per_floor":[117,137,157,169,187,187,198,198,225,225,242,253,253,278,278,382,382,395,395,412,430,445,445,477,477,477,477,489,501,501,501,155,155,253,253,273,288,303,323,341,371,388,388,388,419,419,419,34,65,65,65],"floor_reached":52,"playtime":1256,"items_purged":["Strike_G","Strike_G"],"score":1110,"play_id":"56a41f44-8972-4ce8-8d45-52b23cf2dd33","local_time":"20201222191907","is_ascension_mode":true,"campfire_choices":[{"data":"Die Die Die","floor":6,"key":"SMITH"},{"data":"Blade Dance","floor":10,"key":"SMITH"},{"data":"Dagger Spray","floor":13,"key":"SMITH"},{"data":"Sucker Punch","floor":15,"key":"SMITH"},{"floor":23,"key":"REST"},{"data":"Cloak And Dagger","floor":27,"key":"SMITH"},{"data":"Footwork","floor":30,"key":"SMITH"},{"data":"Neutralize","floor":31,"key":"SMITH"},{"floor":33,"key":"REST"},{"floor":43,"key":"REST"},{"data":"After Image","floor":46,"key":"SMITH"},{"floor":50,"key":"REST"}],"circlet_count":0,"master_deck":["Strike_G","Strike_G","Defend_G","Defend_G","Defend_G","Defend_G","Survivor","Neutralize+1","Sucker Punch+1","Cloak And Dagger+1","Dodge and Roll","Die Die Die+1","Blade Dance+1","Quick Slash","Dagger Spray+1","Footwork+1","Backstab","Backflip","Accuracy+1","Finisher+1","After Image+1","Cloak And Dagger+1","Dodge and Roll+1","Blade Dance+1","Accuracy","Prepared+1","Blade Dance+1","After Image","Footwork","Footwork+1"],"relics":["Ring of the Snake","Bag of Marbles","Odd Mushroom","WristBlade","StoneCalendar","Ninja Scroll","Membership Card","Regal Pillow","Pen Nib","SlaversCollar","Happy Flower","Shuriken","Bronze Scales","CaptainsWheel","DollysMirror","Vajra"],"acts_visited":["Exordium","TheCity","TheBeyond"],"potions_floor_usage":[16,18,24,34,34,39,41,51,51,51,51,51],"damage_taken":[{"damage":8,"enemies":"2 Louse","floor":1,"turns":3},{"damage":0,"enemies":"Cultist","floor":2,"turns":4},{"damage":3,"enemies":"Jaw Worm","floor":3,"turns":3},{"damage":1,"enemies":"2 Fungi Beasts","floor":4,"turns":4},{"damage":0,"enemies":"3 Louse","floor":5,"turns":1},{"damage":5,"enemies":"Exordium Thugs","floor":7,"turns":4},{"damage":4,"enemies":"Red Slaver","floor":11,"turns":3},{"damage":0,"enemies":"3 Louse","floor":12,"turns":2},{"damage":0,"enemies":"The Mushroom Lair","floor":14,"turns":1},{"damage":19,"enemies":"The Guardian","floor":16,"turns":10},{"damage":0,"enemies":"2 Thieves","floor":18,"turns":3},{"damage":0,"enemies":"Chosen","floor":20,"turns":1},{"damage":15,"enemies":"Snecko","floor":21,"turns":4},{"damage":34,"enemies":"Centurion and Healer","floor":22,"turns":6},{"damage":0,"enemies":"Slavers","floor":24,"turns":2},{"damage":0,"enemies":"Sentry and Sphere","floor":28,"turns":1},{"damage":0,"enemies":"Snecko","floor":29,"turns":2},{"damage":28,"enemies":"Collector","floor":34,"turns":6},{"damage":0,"enemies":"Orb Walker","floor":36,"turns":2},{"damage":7,"enemies":"3 Shapes","floor":37,"turns":2},{"damage":0,"enemies":"Jaw Worm Horde","floor":38,"turns":2},{"damage":26,"enemies":"Transient","floor":39,"turns":5},{"damage":5,"enemies":"Maw","floor":40,"turns":6},{"damage":0,"enemies":"Nemesis","floor":41,"turns":1},{"damage":25,"enemies":"Writhing Mass","floor":42,"turns":4},{"damage":2,"enemies":"Giant Head","floor":45,"turns":3},{"damage":6,"enemies":"Nemesis","floor":49,"turns":1},{"damage":14,"enemies":"Donu and Deca","floor":51,"turns":5}],"seed_played":"-7365277436924033833","potions_obtained":[{"floor":3,"key":"Strength Potion"},{"floor":5,"key":"PowerPotion"},{"floor":12,"key":"DuplicationPotion"},{"floor":20,"key":"FairyPotion"},{"floor":21,"key":"DuplicationPotion"},{"floor":28,"key":"DuplicationPotion"},{"floor":29,"key":"Block Potion"},{"floor":38,"key":"AttackPotion"},{"floor":39,"key":"PowerPotion"},{"floor":45,"key":"CultistPotion"}],"is_trial":false,"path_per_floor":["M","M","M","M","M","R","M","?","T","R","M","M","R","?","R","B",null,"M","?","M","M","M","R","E","?","T","R","M","M","R","R","$","R","B",null,"M","M","M","M","M","E","M","R","T","E","R","?","$","E","R","B",null],"character_chosen":"THE_SILENT","items_purchased":["Membership Card","Regal Pillow","Pen Nib","CaptainsWheel","Footwork","DollysMirror","EntropicBrew","Fire Potion"],"campfire_rested":4,"item_purchase_floors":[32,32,32,48,48,48,48,48],"current_hp_per_floor":[55,55,52,51,51,51,46,39,39,39,35,35,35,35,35,16,57,57,57,57,42,8,29,29,29,29,29,29,29,29,29,29,65,37,62,62,55,55,29,24,24,21,57,57,55,55,55,55,49,70,56],"gold":65,"neow_bonus":"REMOVE_CARD","is_daily":false,"chose_seed":false,"campfire_upgraded":8,"win_rate":0.0,"timestamp":1608632347,"path_taken":["M","M","M","M","M","R","M","?","T","R","?","M","R","?","R","BOSS","M","?","M","M","M","R","E","?","T","R","M","M","R","R","$","R","BOSS","M","M","M","M","M","E","M","R","T","E","R","?","$","E","R","BOSS"],"items_purchased_type":["Relic","Relic","Relic","Relic","Card","Relic","Potion","Potion"],"build_version":"2020-12-13","purchased_purges":2,"victory":true,"max_hp_per_floor":[70,70,70,70,70,70,70,70,70,70,70,70,70,70,70,70,70,70,70,70,70,70,70,70,70,70,70,70,70,70,70,70,70,70,70,70,70,70,70,70,70,70,70,70,70,70,70,70,70,70,70],"card_choices":[{"not_picked":["Underhanded Strike","Calculated Gamble"],"picked":"Sucker Punch","floor":1},{"not_picked":["Deflect","Slice"],"picked":"Cloak And Dagger","floor":2},{"not_picked":["Eviscerate","Underhanded Strike"],"picked":"Dodge and Roll","floor":3},{"not_picked":["Outmaneuver","Noxious Fumes"],"picked":"Die Die Die","floor":4},{"not_picked":["Dagger Spray","Setup"],"picked":"Blade Dance","floor":5},{"not_picked":["Deflect","Escape Plan"],"picked":"Quick Slash","floor":7},{"not_picked":["Eviscerate","Sucker Punch","Catalyst"],"picked":"SKIP","floor":11},{"not_picked":["Quick Slash","PiercingWail"],"picked":"Dagger Spray","floor":12},{"not_picked":["Dodge and Roll","Sucker Punch"],"picked":"Footwork","floor":14},{"not_picked":["Reflex","Slice"],"picked":"Backstab","floor":18},{"not_picked":["Dagger Throw+1","Outmaneuver"],"picked":"Backflip","floor":20},{"not_picked":["Acrobatics","Reflex"],"picked":"Accuracy","floor":21},{"not_picked":["Masterful Stab","Dagger Spray","Predator+1"],"picked":"SKIP","floor":22},{"not_picked":["Bane","Setup","Sucker Punch"],"picked":"SKIP","floor":24},{"not_picked":["Setup","Dagger Spray+1","Acrobatics"],"picked":"SKIP","floor":28},{"not_picked":["Quick Slash","Backflip"],"picked":"Finisher+1","floor":29},{"not_picked":["Night Terror","Malaise"],"picked":"After Image","floor":34},{"not_picked":["Quick Slash","Setup+1"],"picked":"Cloak And Dagger+1","floor":36},{"not_picked":["PiercingWail","Leg Sweep+1"],"picked":"Dodge and Roll+1","floor":37},{"not_picked":["Bouncing Flask+1","Eviscerate","Dagger Throw+1"],"picked":"SKIP","floor":38},{"not_picked":["Calculated Gamble","Crippling Poison"],"picked":"Blade Dance+1","floor":39},{"not_picked":["Choke","Backflip"],"picked":"Accuracy","floor":40},{"not_picked":["Tools of the Trade","Corpse Explosion"],"picked":"Prepared+1","floor":41},{"not_picked":["Backflip","Prepared+1"],"picked":"Blade Dance+1","floor":42},{"not_picked":["Backstab","PiercingWail"],"picked":"After Image","floor":45},{"not_picked":["Slice+1","Dodge and Roll+1","Bouncing Flask"],"picked":"SKIP","floor":49}],"player_experience":259199,"relics_obtained":[{"floor":9,"key":"Bag of Marbles"},{"floor":14,"key":"Odd Mushroom"},{"floor":24,"key":"StoneCalendar"},{"floor":26,"key":"Ninja Scroll"},{"floor":41,"key":"Happy Flower"},{"floor":44,"key":"Shuriken"},{"floor":45,"key":"Bronze Scales"},{"floor":49,"key":"Vajra"}],"event_choices":[{"damage_healed":0,"gold_gain":0,"player_choice":"Damaged","damage_taken":7,"max_hp_gain":0,"max_hp_loss":0,"event_name":"Wheel of Change","floor":8,"gold_loss":0},{"damage_healed":0,"gold_gain":0,"player_choice":"Fought Mushrooms","damage_taken":0,"max_hp_gain":0,"max_hp_loss":0,"event_name":"Mushrooms","floor":14,"gold_loss":0},{"damage_healed":0,"gold_gain":0,"player_choice":"Ignored","damage_taken":0,"max_hp_gain":0,"max_hp_loss":0,"event_name":"Cursed Tome","floor":19,"gold_loss":0},{"damage_healed":0,"gold_gain":0,"player_choice":"Forge","damage_taken":0,"max_hp_gain":0,"max_hp_loss":0,"event_name":"Accursed Blacksmith","floor":25,"gold_loss":0,"cards_upgraded":["Accuracy"]},{"cards_removed":["Defend_G"],"damage_healed":0,"gold_gain":0,"player_choice":"Removed Skill","damage_taken":0,"max_hp_gain":0,"max_hp_loss":0,"event_name":"Falling","floor":47,"gold_loss":0}],"is_beta":false,"boss_relics":[{"not_picked":["Ring of the Serpent","Calling Bell"],"picked":"WristBlade"},{"not_picked":["SacredBark","Astrolabe"],"picked":"SlaversCollar"}],"items_purged_floors":[32,48],"is_endless":false,"potions_floor_spawned":[3,5,12,20,21,28,29,38,39,45],"ascension_level":7}}