{"host":"xgnmnr8f8w1a0eo3","time":1608681396,"event":{"mods":["BaseMod","Downfall","Highlight Path","Minty Spire (QoL Compilation)","Permanent Neow","Relic Stats","StSLib","everything is the same but u backflip on backflip"],"gold_per_floor":[111,111,111,111,186,186,201,229,229,229,56,90,265,20,20,120,120,137,157,157,0,0,33,33,33,60,78,78,91,91,91,91,192,192,209,209,209,225,100,125,0,32,32,32,60,60,86,98,98,98,98,98,25,60,60],"floor_reached":56,"playtime":4852,"items_purged":["Doubt","Strike_P","Defend_P"],"score":1519,"play_id":"a4f2faee-781c-4768-b1c4-58ec37dedc9e","local_time":"20201222155636","is_ascension_mode":true,"campfire_choices":[{"data":"Eruption","floor":6.0,"key":"SMITH"},{"data":"EmptyBody","floor":10.0,"key":"SMITH"},{"data":"CrushJoints","floor":15.0,"key":"SMITH"},{"data":"Devotion","floor":25.0,"key":"SMITH"},{"floor":32,"key":"REST"},{"data":"DevaForm","floor":44,"key":"SMITH"},{"floor":49,"key":"REST"},{"data":"ConjureBlade","floor":52,"key":"SMITH"}],"circlet_count":0,"master_deck":["Strike_P+1","Strike_P+1","Defend_P","Defend_P","Eruption+1","Vigilance+1","Tantrum+1","EmptyBody","EmptyBody+1","CrushJoints+1","WaveOfTheHand","Prostrate","Devotion+1","FlurryOfBlows+1","Evaluate","Worship+1","Perseverance","Prostrate+1","ClearTheMind","ConjureBlade+1","Evaluate+1","Halt+1","Prostrate+1","Prostrate","Adaptation","DevaForm+1","TalkToTheHand+1","Crescendo","WreathOfFlame+1","FlurryOfBlows+1"],"relics":["NeowsBlessing","Bronze Scales","Gambling Chip","Bag of Marbles","Meat on the Bone","PreservedInsect","HolyWater","WarpedTongs","Membership Card","Centennial Puzzle","Akabeko","Enchiridion","Orrery","Gremlin Horn","Melange","Regal Pillow","Mercury Hourglass","War Paint","Whetstone","Sozu","Strawberry","Bottled Tornado"],"acts_visited":["TheBeyond","TheEnding"],"potions_floor_usage":[33,42,50,55],"damage_taken":[{"damage":0.0,"enemies":"Small Slimes","floor":1.0,"turns":1.0},{"damage":0.0,"enemies":"Jaw Worm","floor":7.0,"turns":1.0},{"damage":0.0,"enemies":"Gremlin Nob","floor":8.0,"turns":1.0},{"damage":17.0,"enemies":"3 Sentries","floor":12.0,"turns":10.0},{"damage":26.0,"enemies":"Hexaghost","floor":16.0,"turns":5.0},{"damage":9.0,"enemies":"Shell Parasite","floor":18.0,"turns":4.0},{"damage":0.0,"enemies":"Spheric Guardian","floor":19.0,"turns":2.0},{"damage":4.0,"enemies":"Book of Stabbing","floor":23.0,"turns":3.0},{"damage":0.0,"enemies":"Centurion and Healer","floor":27.0,"turns":3.0},{"damage":1,"enemies":"Shelled Parasite and Fungi","floor":29,"turns":4},{"damage":34,"enemies":"Collector","floor":33,"turns":11},{"damage":1,"enemies":"3 Darklings","floor":35,"turns":5},{"damage":8,"enemies":"3 Shapes","floor":38,"turns":3},{"damage":0,"enemies":"Reptomancer","floor":40,"turns":4},{"damage":21,"enemies":"Giant Head","floor":42,"turns":7},{"damage":0,"enemies":"Nemesis","floor":45,"turns":3},{"damage":0,"enemies":"Giant Head","floor":47,"turns":4},{"damage":0,"enemies":"Transient","floor":48,"turns":4},{"damage":21,"enemies":"Time Eater","floor":50,"turns":5},{"damage":0,"enemies":"Shield and Spear","floor":54,"turns":4},{"damage":65,"enemies":"The Heart","floor":55,"turns":6}],"seed_played":"-8410670924248229144","potions_obtained":[{"floor":7.0,"key":"AttackPotion"},{"floor":12.0,"key":"SpeedPotion"},{"floor":16.0,"key":"Regen Potion"},{"floor":27,"key":"SkillPotion"},{"floor":33,"key":"SteroidPotion"}],"is_trial":false,"path_per_floor":["M","$","?","?","?","R","M","E","T","R","$","E","?","$","R","B",null,"M","M","?","$","$","E","?","R","T","M","?","M","?","?","R","B",null,"M","?","?","M","$","E","$","E","T","R","E","?","E","M","R","B",null,"R","$","E","B",null],"character_chosen":"WATCHER","items_purchased":["Bag of Marbles","CrushJoints","PreservedInsect","Prostrate","Membership Card","Orrery","Melange","Strawberry"],"campfire_rested":2,"item_purchase_floors":[11,11,14,14,21,39,41,53],"current_hp_per_floor":[72,72,72,65,54,54,54,54,54,54,54,37,37,37,37,23,72,63,63,63,63,63,59,46,46,46,46,46,45,45,29,52,50,77,76,76,76,68,68,68,68,47,47,47,47,42,52,52,77,56,77,77,84,84,31],"gold":60,"neow_bonus":"THREE_ENEMY_KILL","is_daily":false,"chose_seed":false,"campfire_upgraded":6,"win_rate":0.0,"timestamp":1608681396,"path_taken":["M","$","?","?","?","R","M","E","T","R","$","E","?","?","R","BOSS","M","?","?","?","$","E","?","R","T","M","?","M","?","?","R","BOSS","M","?","?","M","$","E","$","E","T","R","E","?","E","M","R","BOSS","R","$","E","BOSS"],"items_purchased_type":["Relic","Card","Relic","Card","Relic","Relic","Relic","Relic"],"build_version":"2020-12-13","purchased_purges":3,"victory":true,"max_hp_per_floor":[72,72,72,72,72,72,72,72,72,72,72,72,72,72,72,72,72,72,72,72,72,72,72,77,77,77,77,77,77,77,77,77,77,77,77,77,77,77,77,77,77,77,77,77,77,77,77,77,77,77,77,77,84,84,84],"relic_stats":{"Regal Pillow":2,"Gremlin Horn":[1,1],"counters":[15,68],"Melange":[18],"PreservedInsect":464,"Whetstone":["Strike_P","Strike_P"],"War Paint":["Vigilance","Prostrate"],"WarpedTongs":[66],"Mercury Hourglass":[72],"Sozu":3,"Centennial Puzzle":[20],"Bronze Scales":[210],"Gambling Chip":[10],"obtain_stats":[{"Regal Pillow":42,"NeowsBlessing":0,"Gremlin Horn":40,"Enchiridion":31,"Melange":41,"PreservedInsect":0,"Whetstone":47,"War Paint":45,"Bottled Tornado":54,"Akabeko":26,"WarpedTongs":20,"Mercury Hourglass":43,"Sozu":34,"Centennial Puzzle":23,"Bronze Scales":0,"Gambling Chip":0,"Strawberry":53,"HolyWater":0,"Orrery":39,"Bag of Marbles":0,"Membership Card":21,"PureWater":0,"Meat on the Bone":0},{"Regal Pillow":9,"NeowsBlessing":0,"Gremlin Horn":8,"Enchiridion":4,"Melange":8,"PreservedInsect":0,"Whetstone":11,"War Paint":10,"Bottled Tornado":14,"Akabeko":2,"WarpedTongs":1,"Mercury Hourglass":9,"Sozu":5,"Centennial Puzzle":2,"Bronze Scales":0,"Gambling Chip":0,"Strawberry":13,"HolyWater":0,"Orrery":7,"Bag of Marbles":0,"Membership Card":1,"PureWater":0,"Meat on the Bone":0},{"Regal Pillow":42,"NeowsBlessing":0,"Gremlin Horn":35,"Enchiridion":12,"Melange":35,"PreservedInsect":0,"Whetstone":49,"War Paint":45,"Bottled Tornado":62,"Akabeko":5,"WarpedTongs":2,"Mercury Hourglass":42,"Sozu":23,"Centennial Puzzle":5,"Bronze Scales":0,"Gambling Chip":0,"Strawberry":58,"HolyWater":0,"Orrery":31,"Bag of Marbles":0,"Membership Card":2,"PureWater":0,"Meat on the Bone":0}],"Meat on the Bone":24},"card_choices":[{"not_picked":["Prostrate","JustLucky"],"picked":"Tantrum","floor":1.0},{"not_picked":["Wallop","Swivel"],"picked":"EmptyBody","floor":7.0},{"not_picked":["Vengeance","WaveOfTheHand"],"picked":"EmptyBody","floor":8.0},{"not_picked":["Adaptation","EmptyFist"],"picked":"WaveOfTheHand","floor":12.0},{"not_picked":["Establishment","Ragnarok"],"picked":"Devotion","floor":16.0},{"not_picked":["BowlingBash","Crescendo"],"picked":"FlurryOfBlows+1","floor":18.0},{"not_picked":["Crescendo+1","FollowUp"],"picked":"Evaluate","floor":19.0},{"not_picked":["LikeWater","CutThroughFate"],"picked":"Worship+1","floor":23.0},{"not_picked":["Blasphemy","FlyingSleeves"],"picked":"Perseverance","floor":27},{"not_picked":["WheelKick","EmptyFist"],"picked":"Prostrate","floor":29},{"not_picked":["ConjureBlade","Blasphemy"],"picked":"Establishment","floor":33},{"not_picked":["EmptyFist","ThirdEye"],"picked":"Evaluate+1","floor":35},{"not_picked":["ForeignInfluence+1","FlyingSleeves+1","LikeWater+1"],"picked":"SKIP","floor":38},{"not_picked":["Worship","EmptyBody"],"picked":"Halt+1","floor":39},{"not_picked":["FollowUp+1","Study+1"],"picked":"Prostrate+1","floor":39},{"not_picked":["FlyingSleeves","Omniscience"],"picked":"Prostrate","floor":39},{"not_picked":["Indignation","Prostrate"],"picked":"Adaptation","floor":39},{"not_picked":["PathToVictory+1","ForeignInfluence+1"],"picked":"DevaForm","floor":40},{"not_picked":["FollowUp+1","PathToVictory"],"picked":"TalkToTheHand+1","floor":42},{"not_picked":["SandsOfTime","Conclude+1","Halt+1"],"picked":"SKIP","floor":45},{"not_picked":["expansioncontent:SlimeTackle","Apotheosis"],"picked":"Jack Of All Trades","floor":46},{"not_picked":["Magnetism","expansioncontent:Sear"],"picked":"Trip","floor":46},{"not_picked":["Prostrate+1","JustLucky"],"picked":"Crescendo","floor":47},{"not_picked":["Wallop","FollowUp+1"],"picked":"WreathOfFlame+1","floor":48},{"not_picked":["Tantrum","ThirdEye"],"picked":"FlurryOfBlows+1","floor":54}],"player_experience":1115608,"relics_obtained":[{"floor":8.0,"key":"Bronze Scales"},{"floor":9.0,"key":"Gambling Chip"},{"floor":12.0,"key":"Meat on the Bone"},{"floor":23.0,"key":"Centennial Puzzle"},{"floor":26.0,"key":"Akabeko"},{"floor":31,"key":"Enchiridion"},{"floor":40,"key":"Gremlin Horn"},{"floor":42,"key":"Regal Pillow"},{"floor":43,"key":"Mercury Hourglass"},{"floor":45,"key":"War Paint"},{"floor":47,"key":"Whetstone"},{"floor":54,"key":"Bottled Tornado"}],"event_choices":[{"damage_healed":0.0,"max_hp_gain":0.0,"max_hp_loss":0.0,"gold_gain":0.0,"event_name":"Living Wall","player_choice":"Grow","floor":3.0,"gold_loss":0.0,"damage_taken":0.0,"cards_upgraded":["Tantrum"]},{"cards_removed":["Strike_P"],"damage_healed":0.0,"max_hp_gain":0.0,"max_hp_loss":0.0,"gold_gain":0.0,"event_name":"Golden Wing","player_choice":"Card Removal","floor":4.0,"gold_loss":0.0,"damage_taken":7.0},{"damage_healed":0.0,"max_hp_gain":0.0,"max_hp_loss":0.0,"gold_gain":75.0,"event_name":"World of Goop","player_choice":"Gather Gold","floor":5.0,"gold_loss":0.0,"damage_taken":11.0},{"damage_healed":0.0,"max_hp_gain":0.0,"max_hp_loss":0.0,"gold_gain":175.0,"event_name":"Liars Game","player_choice":"AGREE","floor":13.0,"gold_loss":0.0,"damage_taken":0.0,"cards_obtained":["Doubt"]},{"damage_healed":0.0,"max_hp_gain":0.0,"max_hp_loss":0.0,"gold_gain":0.0,"event_name":"Accursed Blacksmith","player_choice":"Rummage","floor":20.0,"gold_loss":0.0,"damage_taken":0.0,"relics_obtained":["WarpedTongs"],"cards_obtained":["Pain"]},{"damage_healed":0.0,"max_hp_gain":5.0,"max_hp_loss":0.0,"gold_gain":0.0,"event_name":"Forgotten Altar","player_choice":"Shed Blood","floor":24.0,"gold_loss":0.0,"damage_taken":18.0},{"cards_removed":["Pain"],"damage_healed":0,"gold_gain":0,"player_choice":"Elegance","damage_taken":0,"max_hp_gain":0,"max_hp_loss":0,"event_name":"Back to Basics","floor":28,"gold_loss":0},{"damage_healed":0,"gold_gain":0,"player_choice":"Read","damage_taken":0,"max_hp_gain":0,"max_hp_loss":0,"event_name":"The Library","floor":30,"gold_loss":0,"cards_obtained":["ClearTheMind"]},{"damage_healed":0,"gold_gain":0,"player_choice":"Obtained Book","damage_taken":16,"max_hp_gain":0,"max_hp_loss":0,"event_name":"Cursed Tome","floor":31,"gold_loss":0},{"damage_healed":0,"gold_gain":0,"player_choice":"Ignored","damage_taken":0,"max_hp_gain":0,"max_hp_loss":0,"event_name":"Tomb of Lord Red Mask","floor":36,"gold_loss":0},{"cards_removed":["Defend_P"],"damage_healed":0,"gold_gain":0,"player_choice":"Removed Skill","damage_taken":0,"max_hp_gain":0,"max_hp_loss":0,"event_name":"Falling","floor":37,"gold_loss":0},{"damage_healed":0,"gold_gain":0,"player_choice":"Memory 2","damage_taken":5,"max_hp_gain":0,"max_hp_loss":0,"event_name":"SensoryStone","floor":46,"gold_loss":0}],"is_beta":false,"boss_relics":[{"not_picked":["Velvet Choker","HolyWater"],"picked":"SacredBark"},{"not_picked":["Snecko Eye","Pandora\u0027s Box"],"picked":"Sozu"}],"items_purged_floors":[14,39,41],"is_endless":false,"potions_floor_spawned":[7,12,16,18,27,33,35,40,48],"ascension_level":2}}