{"host":"kgj3hkp928synzkd","time":1608614336,"event":{"mods":["2.2 Compatiblity","AchievementEnabler","AlwaysNeverKeys","BaseMod","Better Third Choice","Block Reminder","Colored Map","Colored Powertips","Conspire","Curses Come First","GifTheSpireLib","Googly Eyes","Infinite Spire","Minty Spire (QoL Compilation)","Permanent Neow","Quick Restart","Rare Cards Sparkle","Replay The Spire","Spicy Shops","StSLib","SuperFastMode","The Bug Knight","The Exalted"],"gold_per_floor":[219,26,26,46,46,46,31,31,31,50,70,70,20,38,38,143,143,163,179,81,81,81,81,81,81],"floor_reached":24,"playtime":1404,"items_purged":["Spreading Infection","Burn","Defend_G"],"score":193,"play_id":"50ddcbbf-7899-4556-857e-6014d2b433a7","local_time":"20201222001856","is_ascension_mode":true,"campfire_choices":[{"data":"Neutralize","floor":6,"key":"SMITH"},{"data":"conspire:DoublingDagger","floor":8,"key":"SMITH"},{"data":"Noxious Fumes","floor":12,"key":"SMITH"},{"floor":15,"key":"REST"},{"data":"Fluid Movement","floor":23,"key":"SMITH"}],"circlet_count":0,"master_deck":["Strike_G","Strike_G","Strike_G","Strike_G","Strike_G","Defend_G","Defend_G","Defend_G","Defend_G","Survivor","Neutralize+1","Accuracy","Deadly Poison","conspire:DoublingDagger+1","Noxious Fumes+1","Pot Of Greed","Pot Of Greed","Hidden Blade","Blade Dance","Fluid Movement+1","Terror","Pain"],"relics":["Ring of the Snake","Membership Card","Happy Flower","ReplayTheSpireMod:CursedCoin","Grinning Jar","Runic Pyramid","betterThird:NestCultRelic","WarpedTongs"],"acts_visited":["Exordium","TheCity"],"potions_floor_usage":[7,24,24,24],"damage_taken":[{"damage":0,"enemies":"2 Louse","floor":1,"turns":3},{"damage":0,"enemies":"Jaw Worm","floor":4,"turns":6},{"damage":2,"enemies":"conspire:RoseBush","floor":10,"turns":2},{"damage":10,"enemies":"Exordium Thugs","floor":11,"turns":4},{"damage":12,"enemies":"Exordium Wildlife","floor":14,"turns":5},{"damage":18,"enemies":"Fading Forest","floor":16,"turns":11},{"damage":6,"enemies":"Shell Parasite","floor":18,"turns":6},{"damage":9,"enemies":"Chosen","floor":19,"turns":6},{"damage":64,"enemies":"Slavers","floor":24,"turns":3}],"seed_played":"309821646681898319","potions_obtained":[{"floor":4,"key":"SpeedPotion"},{"floor":10,"key":"Languid Potion"},{"floor":14,"key":"DistilledChaos"},{"floor":18,"key":"Swift Potion"}],"is_trial":false,"path_per_floor":["M","$","?","M","?","R","$","R","T","M","M","R","$","M","R","B",null,"M","M","$","?","?","R","E"],"character_chosen":"THE_SILENT","items_purchased":["Membership Card","Accuracy","ReplayTheSpireMod:CursedCoin","Fruit Juice","conspire:DoublingDagger","Noxious Fumes","Terror"],"campfire_rested":1,"item_purchase_floors":[2,2,7,7,7,7,20],"current_hp_per_floor":[70,70,70,70,70,70,75,75,75,73,63,63,63,51,73,55,75,69,60,60,60,60,60,0,0],"gold":81,"neow_bonus":"HUNDRED_GOLD","is_daily":false,"chose_seed":false,"campfire_upgraded":4,"win_rate":0.0,"timestamp":1608614336,"path_taken":["M","$","?","M","?","R","$","R","T","M","?","R","?","M","R","BOSS","M","M","$","?","?","R","E"],"items_purchased_type":["Relic","Card","Relic","Potion","Card","Card","Card"],"build_version":"2020-12-13","purchased_purges":3,"victory":false,"max_hp_per_floor":[70,70,70,70,70,70,75,75,75,75,75,75,75,75,75,75,75,75,75,75,75,75,75,75,75],"card_choices":[{"not_picked":["Choke","Leg Sweep","Flechettes"],"picked":"SKIP","floor":1},{"not_picked":["Choke","Predator"],"picked":"Deadly Poison","floor":4},{"not_picked":["Dodge and Roll","ReplayTheSpireMod:Scrap Shanks"],"picked":"Hidden Blade","floor":10},{"not_picked":["Glass Knife","Replay:Poison Smokescreen","PiercingWail"],"picked":"SKIP","floor":11},{"not_picked":["Leg Sweep","Hidden Blade"],"picked":"Blade Dance","floor":14},{"not_picked":["Sucker Punch+1","Flechettes"],"picked":"Fluid Movement","floor":18},{"not_picked":["Deadly Poison","Draining Mist","PiercingWail"],"picked":"SKIP","floor":19}],"player_experience":280300,"relics_obtained":[{"floor":9,"key":"Grinning Jar"}],"event_choices":[{"damage_healed":70,"gold_gain":0,"player_choice":"Embrace Burn","damage_taken":0,"max_hp_gain":0,"max_hp_loss":70,"event_name":"betterThird:BetterShining","floor":3,"gold_loss":0},{"damage_healed":0,"gold_gain":0,"player_choice":"Gave Potion","damage_taken":0,"relics_obtained":["Happy Flower"],"max_hp_gain":0,"max_hp_loss":0,"event_name":"WeMeetAgain","floor":5,"gold_loss":0},{"damage_healed":0,"gold_gain":0,"player_choice":"Madness","damage_taken":0,"relics_obtained":["betterThird:NestCultRelic"],"max_hp_gain":0,"max_hp_loss":0,"event_name":"betterThird:BetterNest","floor":21,"gold_loss":0},{"damage_healed":0,"gold_gain":0,"player_choice":"Rummage","damage_taken":0,"relics_obtained":["WarpedTongs"],"max_hp_gain":0,"max_hp_loss":0,"event_name":"Accursed Blacksmith","floor":22,"gold_loss":0,"cards_obtained":["Pain"]}],"is_beta":false,"boss_relics":[{"not_picked":["Empty Cage","Honey Jar"],"picked":"Runic Pyramid"}],"items_purged_floors":[7,13,20],"is_endless":false,"potions_floor_spawned":[4,10,14,18],"killed_by":"Slavers","ascension_level":1}}