{"host":"6pgtslebjnyv5xmi","time":1608648308,"event":{"mods":["AchievementEnabler","BaseMod","Colored Map","Minty Spire (QoL Compilation)","Rare Cards Sparkle","SuperFastMode","everything is the same but u backflip on backflip"],"gold_per_floor":[113,127,139,60,71,105,105,105,105,124,199,199,226,242,242,337,337,348,348,21,40,51,70,80,80,80,80,107,126,126,142,142,245,245,255,275,185,35,49,49,49],"floor_reached":40,"playtime":2451,"items_purged":["Bash","Defend_R"],"score":525,"play_id":"831355dd-aa1b-4c48-bcf4-c2e555b07536","local_time":"20201222234508","is_ascension_mode":true,"campfire_choices":[{"data":"Perfected Strike","floor":7.0,"key":"SMITH"},{"data":"Perfected Strike","floor":12.0,"key":"SMITH"},{"floor":15.0,"key":"REST"},{"data":"J.A.X.","floor":30.0,"key":"SMITH"},{"data":"Intimidate","floor":32.0,"key":"SMITH"}],"circlet_count":0,"master_deck":["Strike_R","Strike_R","Strike_R+1","Strike_R","Strike_R+1","Defend_R","Defend_R","Impervious","Perfected Strike+1","Perfected Strike+1","Rage","Wild Strike","Twin Strike","Juggernaut+1","Shrug It Off","Intimidate+1","Shrug It Off","Offering","Pommel Strike+1","Rage","J.A.X.+1","Ghostly Armor+1","Feed","Armaments+1","Pommel Strike+1","Perfected Strike"],"relics":["Black Blood","Omamori","Pocketwatch","Matryoshka","Blood Vial","WarpedTongs","StrikeDummy","Toy Ornithopter","Regal Pillow","Strawberry","Whetstone","Cursed Key"],"acts_visited":["Exordium","TheCity","TheBeyond"],"potions_floor_usage":[],"damage_taken":[{"damage":5.0,"enemies":"2 Louse","floor":1.0,"turns":3.0},{"damage":7.0,"enemies":"Small Slimes","floor":2.0,"turns":4.0},{"damage":1.0,"enemies":"Cultist","floor":3.0,"turns":3.0},{"damage":9.0,"enemies":"Large Slime","floor":5.0,"turns":6.0},{"damage":29.0,"enemies":"3 Sentries","floor":6.0,"turns":6.0},{"damage":12.0,"enemies":"Exordium Thugs","floor":10.0,"turns":3.0},{"damage":27.0,"enemies":"Lagavulin","floor":13.0,"turns":5.0},{"damage":1.0,"enemies":"2 Fungi Beasts","floor":14.0,"turns":4.0},{"damage":15.0,"enemies":"Hexaghost","floor":16.0,"turns":8.0},{"damage":14.0,"enemies":"3 Byrds","floor":18.0,"turns":5.0},{"damage":15.0,"enemies":"Shell Parasite","floor":21.0,"turns":4.0},{"damage":28.0,"enemies":"Sentry and Sphere","floor":22.0,"turns":4.0},{"damage":32.0,"enemies":"Snecko","floor":23.0,"turns":4.0},{"damage":13.0,"enemies":"Chosen and Byrds","floor":24.0,"turns":5.0},{"damage":0.0,"enemies":"Centurion and Healer","floor":27.0,"turns":1.0},{"damage":14.0,"enemies":"Snake Plant","floor":29.0,"turns":2.0},{"damage":21.0,"enemies":"Shelled Parasite and Fungi","floor":31.0,"turns":5.0},{"damage":76.0,"enemies":"Champ","floor":33.0,"turns":12.0},{"damage":0,"enemies":"Orb Walker","floor":35,"turns":3},{"damage":16,"enemies":"3 Shapes","floor":36,"turns":13},{"damage":34,"enemies":"3 Darklings","floor":39,"turns":4},{"damage":81,"enemies":"Giant Head","floor":40,"turns":8}],"seed_played":"1382537472066825603","potions_obtained":[{"floor":3.0,"key":"SmokeBomb"},{"floor":5.0,"key":"LiquidMemories"},{"floor":13.0,"key":"ColorlessPotion"},{"floor":18.0,"key":"Regen Potion"},{"floor":22.0,"key":"CultistPotion"},{"floor":23.0,"key":"SpeedPotion"},{"floor":24.0,"key":"BlessingOfTheForge"}],"is_trial":false,"path_per_floor":["M","M","M","$","M","E","R","?","T","M","?","R","E","M","R","B",null,"M","?","$","M","M","M","M","?","T","M","T","M","R","M","R","B",null,"M","M","?","$","M","E"],"character_chosen":"IRONCLAD","items_purchased":["Wild Strike","Twin Strike","StrikeDummy","Perfected Strike"],"campfire_rested":1,"item_purchase_floors":[4,4,20,38],"current_hp_per_floor":[73,72,77,77,74,51,51,51,51,45,37,37,16,23,47,40,70,70,70,70,69,55,49,50,50,50,69,76,81,81,74,74,17,70,84,86,86,86,66,0,0],"gold":49,"neow_bonus":"ONE_RANDOM_RARE_CARD","is_daily":false,"chose_seed":false,"campfire_upgraded":4,"win_rate":0.0,"timestamp":1608648308,"path_taken":["M","M","M","$","M","E","R","?","T","M","?","R","E","?","R","BOSS","M","?","$","M","?","M","M","?","T","M","?","?","R","M","R","BOSS","M","M","?","$","M","E"],"items_purchased_type":["Card","Card","Relic","Card"],"build_version":"2020-12-13","purchased_purges":2,"victory":false,"max_hp_per_floor":[80,80,80,80,80,80,80,80,80,80,80,80,80,80,80,80,80,80,80,80,80,80,80,80,80,80,80,87,87,87,87,87,87,87,87,91,91,91,91,91,91],"card_choices":[{"not_picked":["Headbutt","Wild Strike"],"picked":"Perfected Strike","floor":1.0},{"not_picked":["Searing Blow","Shrug It Off"],"picked":"Perfected Strike","floor":2.0},{"not_picked":["Anger","Thunderclap"],"picked":"Rage","floor":3.0},{"not_picked":["Flex","Warcry","Wild Strike"],"picked":"SKIP","floor":5.0},{"not_picked":["Searing Blow","Flame Barrier"],"picked":"Juggernaut","floor":6.0},{"not_picked":["True Grit","Reckless Charge"],"picked":"Shrug It Off","floor":10.0},{"not_picked":["Shockwave","Reckless Charge"],"picked":"Intimidate","floor":13.0},{"not_picked":["Wild Strike","Combust"],"picked":"Shrug It Off","floor":14.0},{"not_picked":["Juggernaut","Feed"],"picked":"Offering","floor":16.0},{"not_picked":["Infernal Blade","Sword Boomerang+1"],"picked":"Pommel Strike+1","floor":18.0},{"not_picked":["Pommel Strike","Clothesline"],"picked":"Rage","floor":21.0},{"not_picked":["Rage","Warcry","Anger"],"picked":"SKIP","floor":22.0},{"not_picked":["Infernal Blade","Bludgeon","Clothesline+1"],"picked":"SKIP","floor":23.0},{"not_picked":["Body Slam","Clash","Dropkick"],"picked":"SKIP","floor":24.0},{"not_picked":["Body Slam","Clash","Dropkick"],"picked":"SKIP","floor":24.0},{"not_picked":["Corruption","Rampage"],"picked":"Ghostly Armor+1","floor":29.0},{"not_picked":["Whirlwind","Clash","Dark Embrace"],"picked":"SKIP","floor":31.0},{"not_picked":["Barricade","Offering"],"picked":"Feed","floor":33.0},{"not_picked":["Intimidate+1","Wild Strike"],"picked":"Armaments+1","floor":35},{"not_picked":["Clash+1","Dark Embrace"],"picked":"Pommel Strike+1","floor":36},{"not_picked":["Flex","Rage","Sentinel+1"],"picked":"SKIP","floor":39}],"player_experience":371313,"relics_obtained":[{"floor":6.0,"key":"Omamori"},{"floor":9.0,"key":"Matryoshka"},{"floor":13.0,"key":"Blood Vial"},{"floor":26.0,"key":"Toy Ornithopter"},{"floor":26.0,"key":"Regal Pillow"},{"floor":28.0,"key":"Strawberry"},{"floor":28.0,"key":"Whetstone"}],"event_choices":[{"damage_healed":0.0,"max_hp_gain":0.0,"max_hp_loss":0.0,"gold_gain":0.0,"event_name":"Dead Adventurer","player_choice":"Searched \u00271\u0027 times","floor":8.0,"gold_loss":0.0,"damage_taken":0.0,"relics_obtained":["Pocketwatch"]},{"damage_healed":0.0,"max_hp_gain":0.0,"max_hp_loss":0.0,"gold_gain":75.0,"event_name":"FaceTrader","player_choice":"Touch","floor":11.0,"gold_loss":0.0,"damage_taken":8.0},{"damage_healed":0.0,"max_hp_gain":0.0,"max_hp_loss":0.0,"gold_gain":0.0,"event_name":"Accursed Blacksmith","player_choice":"Rummage","floor":19.0,"gold_loss":0.0,"damage_taken":0.0,"relics_obtained":["WarpedTongs"],"cards_obtained":["Pain"]},{"damage_healed":0.0,"max_hp_gain":0.0,"max_hp_loss":0.0,"gold_gain":0.0,"event_name":"Drug Dealer","player_choice":"Obtain J.A.X.","floor":25.0,"gold_loss":0.0,"damage_taken":0.0,"cards_obtained":["J.A.X."]},{"cards_removed":["Defend_R"],"damage_healed":0,"gold_gain":0,"player_choice":"Upgrade and Remove","damage_taken":0,"max_hp_gain":0,"max_hp_loss":0,"event_name":"Designer","floor":37,"gold_loss":90,"cards_upgraded":["Juggernaut"]}],"is_beta":false,"boss_relics":[{"not_picked":["Snecko Eye","Coffee Dripper"],"picked":"Black Blood"},{"not_picked":["Busted Crown","Astrolabe"],"picked":"Cursed Key"}],"items_purged_floors":[20,38],"is_endless":false,"potions_floor_spawned":[3,5,13,18,22,23,24],"killed_by":"Giant Head","ascension_level":6}}