{"host":"2461dio7vetlq1z3","time":1608616622,"event":{"mods":["2.2 Compatiblity","AchievementEnabler","BaseMod","Better Third Choice","Hermit","Marisa????????","Minty Spire (QoL Compilation)","Relic Stats","Spicy Shops","StSLib","The Runesmith","Waifu the Spire"],"gold_per_floor":[116,66,76,76,28,61,61,94,170,183,214,234,195,207,207,284,284,302,217,217,7,23,54,54,54,54,72,98,98,109,139,139,217,217,229,276,276,50,70,70,101,101,101,101,136,136,146,24,24,24,24,24,1,28,28],"floor_reached":56,"playtime":2865,"items_purged":["UnstableBomb","AbsoluteMagnitude"],"score":1957,"play_id":"2af4fa19-a5bb-491b-8f59-a3c5b709434c","local_time":"20201222065702","is_ascension_mode":true,"campfire_choices":[{"data":"MysteriousBeam","floor":7,"key":"SMITH"},{"floor":15,"key":"REST"},{"data":"MillisecondPulsars","floor":24,"key":"SMITH"},{"data":"SporeBomb","floor":29,"key":"SMITH"},{"data":"EventHorizon","floor":32,"key":"SMITH"},{"data":"EscapeVelocity","floor":40,"key":"SMITH"},{"data":"EventHorizon","floor":42,"key":"SMITH"},{"floor":44,"key":"RECALL"},{"data":"ManaRampage","floor":49,"key":"SMITH"},{"data":"OortCloud","floor":52,"key":"SMITH"}],"circlet_count":0,"master_deck":["AscendersBane","MasterSpark","UpSweep","BlazingStar","MilkyWay","WitchLeyline","MysteriousBeam+1","SporeBomb+1","EventHorizon+1","EventHorizon+1","FairyDestructionRay","LuminesStrike","AsteroidBelt","MillisecondPulsars+1","SatelliteIllusion","EnergyFlow","OortCloud+1","AsteroidBelt","ShootingEcho","ManaRampage+1","FairyDestructionRay","TreasureHunter","ManaConvection","AsteroidBelt+1","Madness","Madness","MysteriousBeam+1","EscapeVelocity+1","EnergyFlow+1","Acceleration","SporeBomb"],"relics":["MiniHakkero","Potion Belt","War Paint","Bottled Lightning","Ancient Tea Set","Philosopher\u0027s Stone","BreadOfAWashokuLover","Membership Card","Eternal Feather","Enchiridion","Meat on the Bone","Torii","Dream Catcher","Pandora\u0027s Box","CatCart","DollysMirror","Bag of Preparation","Omamori","Frozen Egg 2","Strawberry"],"acts_visited":["Exordium","TheCity","TheBeyond","TheEnding"],"potions_floor_usage":[8,10,18,23,23,23,28,28,31,33,55,55,55],"damage_taken":[{"damage":7,"enemies":"Jaw Worm","floor":1,"turns":2},{"damage":1,"enemies":"2 Louse","floor":3,"turns":2},{"damage":16,"enemies":"Gremlin Nob","floor":6,"turns":3},{"damage":7,"enemies":"3 Sentries","floor":8,"turns":4},{"damage":2,"enemies":"Small Slimes","floor":10,"turns":3},{"damage":14,"enemies":"Lagavulin","floor":11,"turns":3},{"damage":6,"enemies":"Exordium Wildlife","floor":12,"turns":2},{"damage":0,"enemies":"3 Louse","floor":14,"turns":2},{"damage":34,"enemies":"The Guardian","floor":16,"turns":6},{"damage":5,"enemies":"3 Byrds","floor":18,"turns":4},{"damage":0,"enemies":"Spheric Guardian","floor":22,"turns":2},{"damage":12,"enemies":"Slavers","floor":23,"turns":3},{"damage":0,"enemies":"Shelled Parasite and Fungi","floor":27,"turns":2},{"damage":26,"enemies":"Gremlin Leader","floor":28,"turns":5},{"damage":9,"enemies":"Sentry and Sphere","floor":30,"turns":4},{"damage":41,"enemies":"Slavers","floor":31,"turns":4},{"damage":7,"enemies":"Automaton","floor":33,"turns":6},{"damage":12,"enemies":"3 Darklings","floor":35,"turns":2},{"damage":2,"enemies":"Orin","floor":36,"turns":3},{"damage":12,"enemies":"Orb Walker","floor":39,"turns":2},{"damage":0,"enemies":"Giant Head","floor":41,"turns":5},{"damage":36,"enemies":"Reptomancer","floor":45,"turns":4},{"damage":18,"enemies":"4 Shapes","floor":47,"turns":3},{"damage":19,"enemies":"Awakened One","floor":50,"turns":3},{"damage":36,"enemies":"Shield and Spear","floor":54,"turns":2},{"damage":64,"enemies":"The Heart","floor":55,"turns":5}],"seed_played":"-1806635551187918163","potions_obtained":[{"floor":1,"key":"DistilledChaos"},{"floor":3,"key":"Explosive Potion"},{"floor":10,"key":"StarNLove"},{"floor":12,"key":"Block Potion"},{"floor":16,"key":"Swift Potion"},{"floor":22,"key":"Explosive Potion"},{"floor":27,"key":"Weak Potion"},{"floor":28,"key":"StarNLove"},{"floor":30,"key":"PowerPotion"},{"floor":45,"key":"SteroidPotion"},{"floor":47,"key":"Swift Potion"}],"is_trial":false,"path_per_floor":["M","?","M","?","$","E","R","E","T","M","E","M","?","M","R","B",null,"M","?","?","$","M","E","R","?","T","M","E","R","M","E","R","B",null,"M","?","?","$","M","R","E","R","T","R","E","?","M","$","R","B",null,"R","$","E","B",null],"character_chosen":"MARISA","items_purchased":["WitchLeyline","Membership Card","EnergyFlow","Energy Potion","DollysMirror","EscapeVelocity","EnergyFlow+1","Acceleration","Weak Potion","SporeBomb"],"campfire_rested":1,"item_purchase_floors":[5,21,21,21,38,38,48,48,48,53],"current_hp_per_floor":[61,61,60,60,60,44,44,37,37,35,21,15,15,15,37,3,57,52,52,52,52,52,41,53,37,37,49,35,50,42,17,32,38,66,54,52,43,43,44,59,61,75,75,75,40,40,48,48,66,47,78,88,88,59,71],"gold":28,"neow_bonus":"ONE_RANDOM_RARE_CARD","is_daily":false,"chose_seed":false,"campfire_upgraded":8,"win_rate":0.0,"timestamp":1608616622,"path_taken":["M","?","M","?","$","E","R","E","T","M","E","M","?","M","R","BOSS","M","?","?","$","M","E","R","?","T","M","E","R","?","E","R","BOSS","M","?","?","$","M","R","E","R","T","R","E","?","M","?","R","BOSS","R","$","E","BOSS"],"items_purchased_type":["Card","Relic","Card","Potion","Relic","Card","Card","Card","Potion","Card"],"build_version":"2020-12-13","purchased_purges":2,"victory":true,"max_hp_per_floor":[75,75,75,75,75,75,75,75,75,75,75,75,75,75,75,75,75,75,75,75,75,75,75,75,75,75,75,75,75,75,75,75,75,75,75,75,75,75,75,75,75,75,75,75,75,75,88,88,88,88,88,88,88,95,95],"relic_stats":{"Dream Catcher":0,"Torii":34,"counters":[26,86],"Eternal Feather":99,"Pandora\u0027s Box":["ShootingEcho","ManaRampage","FairyDestructionRay","TreasureHunter","ManaConvection"],"Bag of Preparation":[10],"War Paint":["Defend_MRS","Defend_MRS"],"obtain_stats":[{"Potion Belt":6,"Torii":28,"Enchiridion":25,"BreadOfAWashokuLover":19,"Eternal Feather":23,"Bag of Preparation":41,"Omamori":45,"War Paint":8,"Frozen Egg 2":45,"Ancient Tea Set":11,"Dream Catcher":31,"DollysMirror":38,"Strawberry":54,"Philosopher\u0027s Stone":17,"Pandora\u0027s Box":34,"MiniHakkero":0,"Bottled Lightning":9,"Membership Card":21,"CatCart":36,"Meat on the Bone":26},{"Potion Belt":3,"Torii":14,"Enchiridion":12,"BreadOfAWashokuLover":10,"Eternal Feather":12,"Bag of Preparation":21,"Omamori":22,"War Paint":4,"Frozen Egg 2":22,"Ancient Tea Set":6,"Dream Catcher":16,"DollysMirror":19,"Strawberry":25,"Philosopher\u0027s Stone":9,"Pandora\u0027s Box":17,"MiniHakkero":0,"Bottled Lightning":4,"Membership Card":10,"CatCart":19,"Meat on the Bone":12},{"Potion Belt":7,"Torii":43,"Enchiridion":36,"BreadOfAWashokuLover":31,"Eternal Feather":36,"Bag of Preparation":69,"Omamori":73,"War Paint":11,"Frozen Egg 2":73,"Ancient Tea Set":17,"Dream Catcher":51,"DollysMirror":62,"Strawberry":81,"Philosopher\u0027s Stone":27,"Pandora\u0027s Box":57,"MiniHakkero":0,"Bottled Lightning":11,"Membership Card":31,"CatCart":62,"Meat on the Bone":36}],"Meat on the Bone":72},"card_choices":[{"not_picked":["SuperPerseids","AsteroidBelt"],"picked":"MilkyWay","floor":1},{"not_picked":["AsteroidBelt","Orbital"],"picked":"UnstableBomb","floor":3},{"not_picked":["Orbital","DC"],"picked":"MysteriousBeam","floor":6},{"not_picked":["GrandCross","GravityBeat"],"picked":"SporeBomb","floor":8},{"not_picked":["AsteroidBelt","CasketOfStar"],"picked":"EventHorizon","floor":10},{"not_picked":["MysteriousBeam","DC"],"picked":"EventHorizon","floor":11},{"not_picked":["IllusionStar","NonDirectionalLaser"],"picked":"FairyDestructionRay","floor":12},{"not_picked":["OrrerysSun","ShootingEcho"],"picked":"LuminesStrike","floor":14},{"not_picked":["CasketOfStar","StarDustReverie"],"picked":"AbsoluteMagnitude","floor":16},{"not_picked":["DragonMeteor","ShootingEcho"],"picked":"AsteroidBelt","floor":18},{"not_picked":["StarBarrage","PowerUp","DeepEcoloBomb"],"picked":"SKIP","floor":22},{"not_picked":["DC","EarthLightRay"],"picked":"OortCloud","floor":23},{"not_picked":["EarthLightRay","GalacticHalo"],"picked":"AsteroidBelt","floor":27},{"not_picked":["SuperPerseids","GravityBeat","GrandCross"],"picked":"SKIP","floor":28},{"not_picked":["MysteriousBeam","Orbital","Robbery"],"picked":"SKIP","floor":30},{"not_picked":["SuperPerseids","GrandCross","UnstableBomb"],"picked":"SKIP","floor":31},{"not_picked":["MilkyWay","DC+1","DoubleSpark+1"],"picked":"SKIP","floor":35},{"not_picked":["DoubleSpark","IllusionStar"],"picked":"AsteroidBelt+1","floor":36},{"not_picked":["StarlightTyphoon","IllusionStar","LuminesStrike"],"picked":"SKIP","floor":39},{"not_picked":["AsteroidBelt","OneTimeOff","IllusionStar"],"picked":"SKIP","floor":41},{"not_picked":["MaximisePower","MagicAbsorber","IllusionStar"],"picked":"SKIP","floor":45},{"not_picked":["ManaConvection","SporeBomb+1","DoubleSpark"],"picked":"SKIP","floor":47},{"not_picked":["GrandCross","StarlightTyphoon","ManaConvection"],"picked":"SKIP","floor":54}],"player_experience":919689,"relics_obtained":[{"floor":6,"key":"Potion Belt"},{"floor":8,"key":"War Paint"},{"floor":9,"key":"Bottled Lightning"},{"floor":11,"key":"Ancient Tea Set"},{"floor":23,"key":"Eternal Feather"},{"floor":25,"key":"Enchiridion"},{"floor":26,"key":"Meat on the Bone"},{"floor":28,"key":"Torii"},{"floor":31,"key":"Dream Catcher"},{"floor":36,"key":"CatCart"},{"floor":41,"key":"Bag of Preparation"},{"floor":45,"key":"Omamori"},{"floor":45,"key":"Frozen Egg 2"},{"floor":54,"key":"Strawberry"}],"event_choices":[{"cards_removed":["Strike_MRS"],"damage_healed":0,"gold_gain":0,"player_choice":"Card Removal","damage_taken":0,"max_hp_gain":0,"max_hp_loss":0,"event_name":"The Cleric","floor":2,"gold_loss":50},{"damage_healed":0,"gold_gain":0,"player_choice":"Ignored","damage_taken":76,"max_hp_gain":0,"max_hp_loss":0,"event_name":"betterThird:BetterSerpent","floor":4,"gold_loss":0},{"damage_healed":0,"gold_gain":0,"player_choice":"Left","damage_taken":0,"max_hp_gain":0,"max_hp_loss":0,"event_name":"betterThird:BetterGoop","floor":13,"gold_loss":39},{"damage_healed":0,"gold_gain":0,"player_choice":"Obtained Relic","damage_taken":0,"relics_obtained":["BreadOfAWashokuLover"],"max_hp_gain":0,"max_hp_loss":0,"event_name":"Addict","floor":19,"gold_loss":85},{"damage_healed":0,"gold_gain":0,"cards_transformed":["Strike_MRS","Strike_MRS"],"player_choice":"Became Test Subject","damage_taken":0,"max_hp_gain":0,"max_hp_loss":0,"event_name":"Drug Dealer","floor":20,"gold_loss":0,"cards_obtained":["MillisecondPulsars","SatelliteIllusion"]},{"damage_healed":0,"gold_gain":0,"player_choice":"Obtained Book","damage_taken":16,"max_hp_gain":0,"max_hp_loss":0,"event_name":"Cursed Tome","floor":25,"gold_loss":0},{"damage_healed":0,"gold_gain":0,"player_choice":"Fight","damage_taken":0,"max_hp_gain":0,"max_hp_loss":0,"event_name":"OrinTheCat","floor":36,"gold_loss":0},{"damage_healed":0,"gold_gain":0,"player_choice":"Embrace Madness","damage_taken":9,"max_hp_gain":0,"max_hp_loss":0,"event_name":"Winding Halls","floor":37,"gold_loss":0,"cards_obtained":["Madness","Madness"]},{"damage_healed":0,"gold_gain":0,"player_choice":"Ignored","damage_taken":0,"max_hp_gain":0,"max_hp_loss":0,"event_name":"Tomb of Lord Red Mask","floor":46,"gold_loss":0}],"is_beta":false,"boss_relics":[{"not_picked":["SlaversCollar","Empty Cage"],"picked":"Philosopher\u0027s Stone"},{"not_picked":["Busted Crown","Fusion Hammer"],"picked":"Pandora\u0027s Box"}],"items_purged_floors":[38,48],"is_endless":false,"potions_floor_spawned":[1,3,10,12,16,22,27,28,30,45,47],"ascension_level":13}}