{"host":"q6rs3in4l29iepap","time":1608669185,"event":{"mods":["Aspiration","BaseMod","BetterRewards","Colored Map","Downfall","Friendly Minions","Hermit","Hubris","Infinite Spire","Jorbs\u0027s Wanderer Trilogy","Minty Spire (QoL Compilation)","Replay The Spire","Shade Mod","StSLib","The Bug Knight","The Construct","The Cursed","The Disciple","The Hierophant","The Mystic","The Runesmith"],"gold_per_floor":[113,163,163,165,179,226,226,249,249,249,293,316,339,362,362,476,476,495,147,173,173,196,196,8,8,61,81,81,81,138,158,158,283,283,319,319,319,354,416,458,458,495,495,495,534,549,620,647,647,655,655,655,28,74,98],"floor_reached":56,"playtime":6829,"items_purged":["Replay:Hysterical Blindness","Languid"],"score":1587,"play_id":"edb266ee-8704-47f9-af1a-8ccf4e90dfc5","local_time":"20201222123305","is_ascension_mode":false,"campfire_choices":[{"floor":7,"key":"RECALL"},{"floor":10,"key":"REST"},{"floor":15,"key":"REST"},{"data":"Fission","floor":23,"key":"SMITH"},{"floor":25,"key":"REST"},{"floor":32,"key":"REST"},{"floor":41,"key":"REST"},{"floor":44,"key":"REST"},{"floor":49,"key":"REST"},{"data":"FIFO Queue","floor":52,"key":"SMITH"},{"data":"Creative AI","floor":52,"key":"SMITH"}],"circlet_count":0,"master_deck":["Strike_B","Strike_B","Strike_B","Strike_B","Defend_B","Defend_B","Defend_B","Defend_B","Zap","Dualcast","Crystallizer","Coolheaded","Conserve Battery","Barrage","BasicCrystalCard","Stack","Capacitor","Tempest","Fission+1","Chill","Ball Lightning","hubris:PowerSurge","hubris:Wrath","Mirror Shield","White Noise+1","Redo","Blizzard+1","Thunder Strike","Crystallizer","Ball Lightning+1","Multi-Cast","hubris:Wrath","Ball Lightning","Defragment","hubris:EnhanceAbility","Barrage","FIFO Queue+1","Creative AI","Loop+1","BasicCrystalCard+1","Crystallizer","stsjorbsmod:Withering","FIFO Queue","Creative AI+1","ReplayTheSpireMod:Calculation Training","stsjorbsmod:PollutedStrike","Compile Driver","Panic Button+1","BasicCrystalCard+1","Heatsinks","Turbo+1","Seek","hubris:Ukulele+1","Chaos+1","Redo","Voices","Coolheaded+1","hubris:PowerSurge","Fusion+1","Stack+1","Apotheosis","Static Discharge+1","Blizzard","Blizzard","BasicCrystalCard","Turbo+1"],"relics":["FrozenCore","Question Card","ReplayTheSpireMod:Ring of Exchange","Ring of Greed","infinitespire:Midas Blood","Replay:Bandana","Replay:Accelerometer","aspiration:Lifesprig","Prayer Wheel","aspiration:Nostalgia","Replay:M_StaffOfTheSnake","Dream Catcher","aspiration:BursterCore","Orichalcum","hubris:Towel","hubris:Icosahedron","Prayer Wheel","Replay:Arrowhead","Letter Opener","Blue Doll","aspiration:FrozenJewel","hubris:BundleOfHerbs","OrangePellets","Happy Flower"],"acts_visited":["Exordium","TheCity","TheBeyond","TheEnding"],"potions_floor_usage":[6,12,18,31,31,31,45,47,55,55,55],"damage_taken":[{"damage":0,"enemies":"Small Slimes","floor":1,"turns":3},{"damage":0,"enemies":"Jaw Worm","floor":5,"turns":6},{"damage":14,"enemies":"3 Sentries","floor":6,"turns":6},{"damage":11,"enemies":"2 Louse","floor":8,"turns":3},{"damage":18,"enemies":"Lagavulin","floor":11,"turns":7},{"damage":28,"enemies":"Exordium Thugs","floor":12,"turns":5},{"damage":10,"enemies":"Looter","floor":13,"turns":4},{"damage":5,"enemies":"Exordium Wildlife","floor":14,"turns":5},{"damage":21,"enemies":"The Guardian","floor":16,"turns":8},{"damage":15,"enemies":"Shell Parasite","floor":18,"turns":4},{"damage":13,"enemies":"3 Byrds","floor":20,"turns":5},{"damage":14,"enemies":"Snecko","floor":22,"turns":6},{"damage":6,"enemies":"Snake Plant","floor":27,"turns":4},{"damage":30,"enemies":"Book of Stabbing","floor":30,"turns":3},{"damage":6,"enemies":"Centurion and Healer","floor":31,"turns":8},{"damage":26,"enemies":"Collector","floor":33,"turns":9},{"damage":0,"enemies":"3 Darklings","floor":35,"turns":4},{"damage":12,"enemies":"3 Shapes","floor":38,"turns":4},{"damage":0,"enemies":"Mind Bloom Boss Battle","floor":39,"turns":11},{"damage":13,"enemies":"Reptomancer","floor":40,"turns":5},{"damage":22,"enemies":"Sphere and 2 Shapes","floor":42,"turns":6},{"damage":6,"enemies":"Nightmare","floor":45,"turns":9},{"damage":6,"enemies":"Jaw Worm Horde","floor":46,"turns":6},{"damage":42,"enemies":"2 Orb Walkers","floor":47,"turns":7},{"damage":18,"enemies":"3 Darklings","floor":48,"turns":7},{"damage":0,"enemies":"Donu and Deca","floor":50,"turns":13},{"damage":47,"enemies":"Shield and Spear","floor":54,"turns":8},{"damage":15,"enemies":"The Heart","floor":55,"turns":10}],"seed_played":"-5123802997639724517","potions_obtained":[{"floor":1,"key":"Explosive Potion"},{"floor":8,"key":"PowerPotion"},{"floor":13,"key":"BlessingOfTheForge"},{"floor":14,"key":"Death Potion"},{"floor":20,"key":"BlessingOfTheForge"},{"floor":22,"key":"SkillPotion"},{"floor":27,"key":"hexamod:EctoCoolerPotion"},{"floor":35,"key":"Explosive Potion"},{"floor":38,"key":"SpeedPotion"},{"floor":42,"key":"PotionOfCapacity"},{"floor":45,"key":"Dexterity Potion"},{"floor":54,"key":"Swift Potion"}],"is_trial":false,"path_per_floor":["M","?","?","?","M","E","R","M","T","R","E","M","M","M","R","B",null,"M","$","M","?","M","R","$","R","T","M","?","AVR","E","M","R","B",null,"M","?","?","M","?","E","R","M","T","R","NM","M","?","M","R","B",null,"R","$","E","B",null],"character_chosen":"DEFECT","items_purchased":["Crystallizer","Coolheaded","Blizzard+1","Thunder Strike","Crystallizer","hubris:EnhanceAbility","Apotheosis","OrangePellets","Static Discharge+1","Blizzard","BasicCrystalCard","ColorlessPotion","Swift Potion"],"campfire_rested":7,"item_purchase_floors":[0,0,19,19,19,24,53,53,53,53,53,53,53],"current_hp_per_floor":[75,75,80,73,73,59,59,48,48,72,54,26,16,11,35,14,80,65,65,52,52,38,38,38,62,62,56,56,56,26,20,44,18,80,80,80,80,68,68,55,79,57,57,80,74,68,26,26,50,50,80,80,80,33,29],"gold":98,"neow_bonus":"","is_daily":false,"chose_seed":false,"campfire_upgraded":3,"win_rate":0.0,"timestamp":1608669185,"path_taken":["M","?","?","?","M","E","R","M","T","R","E","?","M","M","R","BOSS","M","$","M","?","M","R","?","R","T","M","?","AVR","E","M","R","BOSS","M","?","?","M","?","E","R","M","T","R","NM","M","?","M","R","BOSS","R","$","E","BOSS"],"items_purchased_type":["Card","Card","Card","Card","Card","Card","Card","Relic","Card","Card","Card","Potion","Potion"],"build_version":"2020-12-13","purchased_purges":2,"victory":true,"max_hp_per_floor":[75,75,80,80,80,80,80,80,80,80,80,80,80,80,80,80,80,80,80,80,80,80,80,80,80,80,80,80,80,80,80,80,80,80,80,80,80,80,80,80,80,80,80,80,80,80,80,80,80,80,80,80,80,80,80],"card_choices":[{"not_picked":["Rebound","Turbo","Rip and Tear"],"picked":"Conserve Battery","floor":1},{"not_picked":["Sweeping Beam","Streamline","Stack"],"picked":"Barrage","floor":5},{"not_picked":["Fusion","Sunder","ReplayTheSpireMod:Calculation Training"],"picked":"BasicCrystalCard","floor":6},{"not_picked":["Panic Button","ReplayTheSpireMod:Repulse","Steam"],"picked":"Stack","floor":8},{"not_picked":["ReplayGash","Gash","Coolheaded"],"picked":"ReplayTheSpireMod:Fabricate Wheel","floor":11},{"not_picked":["Rip and Tear","Rebound","Coolheaded"],"picked":"Capacitor","floor":12},{"not_picked":["Double Energy","Redo","Sweeping Beam"],"picked":"Tempest","floor":12},{"not_picked":["Redo","Stack","Sweeping Beam"],"picked":"Fission","floor":13},{"not_picked":["Beam Cell","Auto Shields","Storm"],"picked":"Chill","floor":13},{"not_picked":["Steam","Streamline","Redo"],"picked":"Ball Lightning","floor":14},{"not_picked":["Sweeping Beam","Panic Button","Biased Cognition"],"picked":"hubris:PowerSurge","floor":14},{"not_picked":["Fission","hubris:DoWhile","All For One"],"picked":"Mirror Shield","floor":16},{"not_picked":["Go for the Eyes","Rebound","Recycle"],"picked":"White Noise","floor":18},{"not_picked":["Skim","FTL","Panic Button"],"picked":"Redo","floor":18},{"not_picked":["BootSequence","Sweeping Beam+1","Gash"],"picked":"Ball Lightning+1","floor":20},{"not_picked":["Chaos","Turbo","Force Field"],"picked":"Multi-Cast","floor":20},{"not_picked":["Steam","Leap","Sunder"],"picked":"Ball Lightning","floor":22},{"not_picked":["Hello World","Go for the Eyes+1","Heatsinks"],"picked":"Defragment","floor":22},{"not_picked":["Turbo+1","Reprogram+1","Reinforced Body+1"],"picked":"Barrage","floor":27},{"not_picked":["Gash+1","Panic Button+1","Steam"],"picked":"FIFO Queue","floor":27},{"not_picked":["Scrape","Steam","Conserve Battery+1"],"picked":"Creative AI","floor":30},{"not_picked":["Leap","Barrage","Rip and Tear"],"picked":"Loop+1","floor":31},{"not_picked":["Coolheaded+1","Gash","Conserve Battery"],"picked":"BasicCrystalCard+1","floor":31},{"not_picked":["Go for the Eyes","Blizzard","Conserve Battery+1"],"picked":"Crystallizer","floor":32},{"not_picked":["Echo Form","Creative AI","Machine Learning"],"picked":"ReplayTheSpireMod:Fabricate Wheel","floor":33},{"not_picked":["Glacier","Defragment","Fusion+1"],"picked":"FIFO Queue","floor":35},{"not_picked":["Beam Cell","Reinforced Body","Hologram+1","Stack+1"],"picked":"SKIP","floor":35},{"not_picked":["Aggregate+1","ReplaySolidLightProjector+1","Cold Snap+1"],"picked":"Creative AI","floor":38},{"not_picked":["Leap","Force Field","Fusion"],"picked":"ReplayTheSpireMod:Calculation Training","floor":38},{"not_picked":["Turbo+1","Go for the Eyes","ReplaySolidLightProjector+1"],"picked":"Compile Driver","floor":40},{"not_picked":["Hello World","Turbo","Fusion+1"],"picked":"Panic Button+1","floor":41},{"not_picked":["Fusion","Stack","Turbo"],"picked":"BasicCrystalCard+1","floor":42},{"not_picked":["Ball Lightning+1","Turbo","Coolheaded"],"picked":"Heatsinks","floor":42},{"not_picked":["Steam","Lockon+1","Hologram","Recycle"],"picked":"SKIP","floor":42},{"not_picked":["Stack+1","Hologram+1","Sweeping Beam"],"picked":"Turbo+1","floor":44},{"not_picked":["ReplaySort","Reinforced Body+1","BootSequence+1"],"picked":"Seek","floor":45},{"not_picked":["Coolheaded+1","Gash","Beam Cell+1"],"picked":"hubris:Ukulele+1","floor":46},{"not_picked":["Leap+1","Barrage","Redo+1"],"picked":"Chaos+1","floor":46},{"not_picked":["Rainbow","Aggregate","Go for the Eyes+1"],"picked":"Redo","floor":46},{"not_picked":["Ball Lightning","Stack","ReplaySolidLightProjector+1"],"picked":"Coolheaded+1","floor":47},{"not_picked":["Double Energy","Lockon","Chaos+1"],"picked":"hubris:PowerSurge","floor":48},{"not_picked":["White Noise","Time Bomb","Hologram+1"],"picked":"Fusion+1","floor":48},{"not_picked":["Rebound","hubris:Prefetch","Beam Cell+1","Sweeping Beam"],"picked":"SKIP","floor":48},{"not_picked":["Rip and Tear+1","Turbo","Hello World"],"picked":"Stack+1","floor":49},{"not_picked":["Go for the Eyes","Self Repair","Steam Power+1"],"picked":"Turbo+1","floor":54}],"player_experience":95212,"relics_obtained":[{"floor":2,"key":"ReplayTheSpireMod:Ring of Exchange"},{"floor":2,"key":"Ring of Greed"},{"floor":2,"key":"infinitespire:Midas Blood"},{"floor":2,"key":"Replay:Bandana"},{"floor":6,"key":"Replay:Accelerometer"},{"floor":11,"key":"aspiration:Lifesprig"},{"floor":26,"key":"Dream Catcher"},{"floor":30,"key":"Orichalcum"},{"floor":39,"key":"Replay:Arrowhead"},{"floor":40,"key":"Letter Opener"},{"floor":43,"key":"Blue Doll"},{"floor":45,"key":"aspiration:FrozenJewel"},{"floor":47,"key":"hubris:BundleOfHerbs"},{"floor":54,"key":"Happy Flower"}],"event_choices":[{"damage_healed":0,"gold_gain":0,"player_choice":"Donut","damage_taken":0,"max_hp_gain":5,"max_hp_loss":0,"event_name":"Big Fish","floor":3,"gold_loss":0},{"cards_removed":["CommonCold"],"damage_healed":0,"gold_gain":0,"player_choice":"Card Removal","damage_taken":7,"max_hp_gain":0,"max_hp_loss":0,"event_name":"Golden Wing","floor":4,"gold_loss":0},{"damage_healed":0,"gold_gain":0,"player_choice":"Upgraded","damage_taken":0,"max_hp_gain":0,"max_hp_loss":0,"event_name":"Upgrade Shrine","floor":21,"gold_loss":0,"cards_upgraded":["White Noise"]},{"damage_healed":0,"gold_gain":0,"player_choice":"Fight","damage_taken":0,"max_hp_gain":0,"max_hp_loss":0,"event_name":"MindBloom","floor":39,"gold_loss":0},{"damage_healed":0,"gold_gain":0,"player_choice":"Fight","damage_taken":0,"max_hp_gain":0,"max_hp_loss":0,"event_name":"Mysterious Sphere","floor":47,"gold_loss":0}],"is_beta":false,"boss_relics":[{"not_picked":["HandDrill","hubris:EmptyBottle"],"picked":"aspiration:Nostalgia"},{"not_picked":["Medical Kit","Ring of Chaos"],"picked":"FrozenCore"}],"items_purged_floors":[19,53],"is_endless":false,"potions_floor_spawned":[1,8,13,14,20,22,27,35,38,42,45,54],"ascension_level":0}}