{"host":"tbel5nf5tai26ewc","time":1608649272,"event":{"mods":["Act Like it!","BaseMod","Better Match","Better Sensory Stone","Better Skull","Better Third Choice","Colored Map","Colored Powertips","Custom Start","Filter the Spire","Minty Spire (QoL Compilation)","Rare Cards Sparkle","Relic Stats","Say the Spire","StSLib"],"gold_per_floor":[116,191,208,219,219,250,250,275,298,298,298,341,360,383,383,507,507,530,555,55,74,95,95,111,130,130,130,55,90,90,123,123,254,254,272,495,509,28,52,52,88,109,134,134,9,42,42,65,65,65,65],"floor_reached":50,"playtime":3392,"items_purged":["Strike_R","Strike_R","Strike_R"],"score":832,"play_id":"bd48c3a0-46dc-4c2b-96eb-91a7d9ebc968","local_time":"20201222160111","is_ascension_mode":true,"campfire_choices":[{"data":"Evolve","floor":7.0,"key":"SMITH"},{"floor":10.0,"key":"REST"},{"floor":15.0,"key":"REST"},{"data":"Apotheosis","floor":23.0,"key":"SMITH"},{"floor":27.0,"key":"REST"},{"floor":30.0,"key":"REST"},{"data":"Whirlwind","floor":32.0,"key":"SMITH"},{"floor":40,"key":"REST"},{"floor":44,"key":"RECALL"},{"data":"Offering","floor":47,"key":"SMITH"},{"data":"Shockwave","floor":49,"key":"SMITH"}],"circlet_count":0,"master_deck":["Strike_R","Defend_R","Defend_R","Defend_R","Defend_R","Bash+1","Shockwave+1","Evolve+1","Dropkick","Wild Strike","Headbutt","Uppercut","Impervious","Feed","Shrug It Off+1","Spot Weakness","Apotheosis+1","Rage","Whirlwind+1","Immolate","Reckless Charge","Hemokinesis+1","Offering+1","Evolve","Inflame+1","Whirlwind+1","Evolve+1"],"relics":["Burning Blood","Golden Idol","Oddly Smooth Stone","Happy Flower","Omamori","Sozu","Chemical X","HornCleat","Toy Ornithopter","Ice Cream","Cursed Key","CaptainsWheel","Incense Burner","Charon\u0027s Ashes"],"acts_visited":["Exordium","TheCity","TheBeyond"],"potions_floor_usage":[],"damage_taken":[{"damage":2.0,"enemies":"Jaw Worm","floor":1.0,"turns":3.0},{"damage":9.0,"enemies":"2 Louse","floor":3.0,"turns":4.0},{"damage":4.0,"enemies":"Small Slimes","floor":4.0,"turns":4.0},{"damage":40.0,"enemies":"3 Sentries","floor":6.0,"turns":11.0},{"damage":25.0,"enemies":"Gremlin Gang","floor":8.0,"turns":5.0},{"damage":16.0,"enemies":"Gremlin Nob","floor":12.0,"turns":4.0},{"damage":12.0,"enemies":"Lots of Slimes","floor":13.0,"turns":4.0},{"damage":8.0,"enemies":"Red Slaver","floor":14.0,"turns":3.0},{"damage":33.0,"enemies":"The Guardian","floor":16.0,"turns":11.0},{"damage":11.0,"enemies":"Spheric Guardian","floor":18.0,"turns":3.0},{"damage":0.0,"enemies":"Shell Parasite","floor":19.0,"turns":5.0},{"damage":29.0,"enemies":"Centurion and Healer","floor":21.0,"turns":3.0},{"damage":31.0,"enemies":"Snecko","floor":22.0,"turns":7.0},{"damage":2.0,"enemies":"Chosen and Byrds","floor":24.0,"turns":4.0},{"damage":3.0,"enemies":"Snake Plant","floor":25.0,"turns":5.0},{"damage":20.0,"enemies":"Slavers","floor":29.0,"turns":4.0},{"damage":14.0,"enemies":"Book of Stabbing","floor":31.0,"turns":5.0},{"damage":38.0,"enemies":"Champ","floor":33.0,"turns":9.0},{"damage":14.0,"enemies":"3 Darklings","floor":35.0,"turns":3.0},{"damage":19,"enemies":"3 Shapes","floor":37,"turns":5},{"damage":11,"enemies":"Transient","floor":39,"turns":5},{"damage":10,"enemies":"Giant Head","floor":41,"turns":5},{"damage":2,"enemies":"Jaw Worm Horde","floor":42,"turns":4},{"damage":14,"enemies":"Reptomancer","floor":46,"turns":6},{"damage":2,"enemies":"Spire Growth","floor":48,"turns":3},{"damage":64,"enemies":"Time Eater","floor":50,"turns":7}],"seed_played":"-2381966271143820184","potions_obtained":[{"floor":1.0,"key":"FearPotion"},{"floor":4.0,"key":"Swift Potion"},{"floor":13.0,"key":"Energy Potion"},{"floor":16.0,"key":"EssenceOfSteel"}],"is_trial":false,"path_per_floor":["M","?","M","M","?","E","R","M","T","R","?","E","M","M","R","B",null,"M","M","$","M","M","R","M","M","T","R","?","E","R","E","R","B",null,"M","?","M","$","M","R","E","M","T","R","$","E","R","M","R","B"],"character_chosen":"IRONCLAD","items_purchased":["Apotheosis","Rage","Whirlwind","Chemical X","Evolve","CaptainsWheel"],"campfire_rested":5,"item_purchase_floors":[20,20,20,20,38,38],"current_hp_per_floor":[76,65,62,64,64,30,30,11,11,33,33,23,17,15,37,10,58,56,65,65,42,21,21,28,35,35,62,62,48,75,67,67,35,77,69,47,38,38,33,61,57,64,64,64,64,60,60,64,64,0,0],"gold":65,"neow_bonus":"UPGRADE_CARD","is_daily":false,"chose_seed":false,"campfire_upgraded":5,"win_rate":0.0,"timestamp":1608649271,"path_taken":["M","?","M","M","?","E","R","M","T","R","?","E","M","M","R","BOSS","M","M","$","M","M","R","M","M","T","R","?","E","R","E","R","BOSS","M","?","M","$","?","R","E","?","T","R","?","E","R","M","R","BOSS"],"items_purchased_type":["Card","Card","Card","Relic","Card","Relic"],"build_version":"2020-12-13","purchased_purges":3,"victory":false,"max_hp_per_floor":[80,80,80,80,74,74,74,74,74,74,74,74,74,74,74,74,74,77,80,80,80,84,84,87,91,91,91,91,91,91,91,91,91,91,91,91,95,95,95,95,95,98,98,98,98,102,102,102,102,102,102],"relic_stats":{"Sozu":8,"Happy Flower":[35],"counters":[26,132],"Golden Idol":158,"Charon\u0027s Ashes":[13],"Chemical X":[12],"Cursed Key":1,"obtain_stats":[{"Ice Cream":31,"Happy Flower":9,"Golden Idol":5,"Oddly Smooth Stone":6,"Charon\u0027s Ashes":46,"Omamori":12,"Incense Burner":41,"Cursed Key":34,"Burning Blood":0,"Sozu":17,"CaptainsWheel":38,"HornCleat":26,"Chemical X":20,"Toy Ornithopter":29},{"Ice Cream":17,"Happy Flower":5,"Golden Idol":3,"Oddly Smooth Stone":4,"Charon\u0027s Ashes":24,"Omamori":6,"Incense Burner":22,"Cursed Key":18,"Burning Blood":0,"Sozu":9,"CaptainsWheel":20,"HornCleat":15,"Chemical X":11,"Toy Ornithopter":16},{"Ice Cream":85,"Happy Flower":27,"Golden Idol":11,"Oddly Smooth Stone":22,"Charon\u0027s Ashes":122,"Omamori":31,"Incense Burner":112,"Cursed Key":94,"Burning Blood":0,"Sozu":49,"CaptainsWheel":102,"HornCleat":76,"Chemical X":57,"Toy Ornithopter":80}],"Burning Blood":150,"Toy Ornithopter":0},"card_choices":[{"not_picked":["Power Through","Pummel"],"picked":"Shockwave","floor":1.0},{"not_picked":["Pommel Strike","Anger"],"picked":"Evolve","floor":3.0},{"not_picked":["Flex","Armaments"],"picked":"Dropkick","floor":4.0},{"not_picked":["Combust","Heavy Blade"],"picked":"Wild Strike","floor":6.0},{"not_picked":["Perfected Strike","Entrench"],"picked":"Headbutt","floor":8.0},{"not_picked":["Entrench","Clash"],"picked":"Uppercut","floor":12.0},{"not_picked":["Fire Breathing","Inflame"],"picked":"Impervious","floor":13.0},{"not_picked":["Second Wind","Cleave","Pommel Strike"],"picked":"SKIP","floor":14.0},{"not_picked":["Exhume","Bludgeon"],"picked":"Feed","floor":16.0},{"not_picked":["Clash","Havoc+1"],"picked":"Shrug It Off+1","floor":18.0},{"not_picked":["Havoc","Thunderclap"],"picked":"Spot Weakness","floor":19.0},{"not_picked":["Fire Breathing","Perfected Strike","Metallicize"],"picked":"SKIP","floor":21.0},{"not_picked":["Pommel Strike+1","Iron Wave"],"picked":"Immolate","floor":22.0},{"not_picked":["Twin Strike","Pommel Strike+1"],"picked":"Reckless Charge","floor":24.0},{"not_picked":["Body Slam","Heavy Blade+1","Cleave+1"],"picked":"SKIP","floor":25.0},{"not_picked":["Uppercut+1","Clash"],"picked":"Hemokinesis+1","floor":29.0},{"not_picked":["Thunderclap","Dual Wield","Sever Soul"],"picked":"SKIP","floor":31.0},{"not_picked":["Demon Form","Juggernaut"],"picked":"Offering","floor":33.0},{"not_picked":["Body Slam","Clash+1","Entrench"],"picked":"SKIP","floor":35.0},{"not_picked":["Armaments","Iron Wave","Entrench"],"picked":"SKIP","floor":37},{"not_picked":["Entrench","Havoc+1"],"picked":"Inflame+1","floor":39},{"not_picked":["Body Slam+1","Infernal Blade+1"],"picked":"Whirlwind+1","floor":41},{"not_picked":["Second Wind+1","Inflame"],"picked":"Evolve+1","floor":42},{"not_picked":["Iron Wave","Rupture","Clothesline+1"],"picked":"SKIP","floor":46},{"not_picked":["Bludgeon","True Grit","Armaments"],"picked":"SKIP","floor":48}],"player_experience":324122,"relics_obtained":[{"floor":6.0,"key":"Oddly Smooth Stone"},{"floor":9.0,"key":"Happy Flower"},{"floor":12.0,"key":"Omamori"},{"floor":26.0,"key":"HornCleat"},{"floor":29.0,"key":"Toy Ornithopter"},{"floor":31.0,"key":"Ice Cream"},{"floor":41,"key":"Incense Burner"},{"floor":46,"key":"Charon\u0027s Ashes"}],"event_choices":[{"damage_healed":0.0,"max_hp_gain":0.0,"max_hp_loss":0.0,"gold_gain":75.0,"event_name":"betterThird:BetterGoop","player_choice":"Gold","floor":2.0,"gold_loss":0.0,"damage_taken":11.0},{"damage_healed":0.0,"max_hp_gain":0.0,"max_hp_loss":6.0,"gold_gain":0.0,"event_name":"Golden Idol","player_choice":"Lose Max HP","floor":5.0,"gold_loss":0.0,"damage_taken":0.0,"relics_obtained":["Golden Idol"]},{"damage_healed":0.0,"max_hp_gain":0.0,"max_hp_loss":0.0,"gold_gain":0.0,"event_name":"betterThird:BetterSerpent","player_choice":"Ignored","floor":11.0,"gold_loss":0.0,"damage_taken":298.0},{"cards_removed":["Strike_R"],"damage_healed":0.0,"max_hp_gain":0.0,"max_hp_loss":0.0,"gold_gain":0.0,"event_name":"Beggar","player_choice":"Gave Gold","floor":28.0,"gold_loss":75.0,"damage_taken":0.0},{"damage_healed":0,"gold_gain":223,"player_choice":"GO GO ","damage_taken":24,"relics_obtained":[],"max_hp_gain":0,"max_hp_loss":0,"event_name":"betterSkull:BetterSkull","floor":36,"gold_loss":0,"cards_upgraded":[]}],"is_beta":false,"boss_relics":[{"not_picked":["Runic Pyramid","Snecko Eye"],"picked":"Sozu"},{"not_picked":["Busted Crown","Philosopher\u0027s Stone"],"picked":"Cursed Key"}],"items_purged_floors":[20,38,45],"is_endless":false,"potions_floor_spawned":[1,4,13,16,19,21,25,29,33,35,42,48],"killed_by":"Time Eater","ascension_level":7}}