{"host":"yhemb00fn7g5zwp1","time":1608614510,"event":{"mods":["AchievementEnabler","Act Like it!","BaseMod","CapriCore","Gensokyo","Highlight Path","KinomotoSakuraMod(Ä¾Ö®±¾Ó£)","Koishi","KomeijiMod","Marisa£¨ìFÓê¡¡Ä§ÀíÉ³£©","Minty Spire (QoL Compilation)","MostiFishMod","Pale of the Ancients","Prisma Mod","Reimu£¨²©ÀöÁéÃÎ£©","Remilia£¨ÀÙÃ×ÀòÑÇ£©","StSLib","Td1madao Mod","The Hayseed","The Servant 0.9.4","Youmu£¨»êÆÇÑýÃÎ£©","Yuyuko","¡¾¶«·½¶þ´Î´´×÷¡¿°ËÔÆ×Ïmod","¡¾ÒÅÎï¿¨ÅÆ¡¿REMEMod"],"gold_per_floor":[119,119,136,136,147,181,181,44,44,44,44,55,55,18,18,120,120,137,152,171,188,188,220,220,100,100,134,134,14,27,47,47,142,142,160,180,180,180,192,192,210,210,210,210,221,239,174,69,69,69],"floor_reached":51,"playtime":2305,"items_purged":[],"score":1012,"play_id":"fde03a2d-9ff1-4177-9682-9a7c4e1c31ef","local_time":"20201222132150","is_ascension_mode":false,"campfire_choices":[{"data":"SanzenSekai","floor":7,"key":"SMITH"},{"data":"ConstancyOfTheConventionalTruth","floor":10,"key":"SMITH"},{"data":"SwordExtraction","floor":13,"key":"SMITH"},{"data":"HumanGodSword","floor":15,"key":"SMITH"},{"data":"StrangeHalfBody","floor":24,"key":"SMITH"},{"floor":32,"key":"REST"},{"data":"HumanGodSword","floor":40,"key":"SMITH"},{"data":"SuddenPhantomFormationSlashOfKarmicWind","floor":42,"key":"SMITH"},{"data":"BizarrenessOfSixRealms","floor":49,"key":"SMITH"}],"circlet_count":0,"master_deck":["Strike_YM","Strike_YM","Strike_YM","Strike_YM","Defend_YM","Defend_YM","Defend_YM+1","Defend_YM+1","SlashOfPresentWorld","WheelOfPainOfLivingAndDead","LowerRealmReflectionSlash","Core Surge","SanzenSekai+1","CrescentMoonSlash","Gensokyo:CrescentMoonSlash","SwordExtraction+1","ConstancyOfTheConventionalTruth+1","PhosphoricSlash","HumanGodSword+1","StrangeHalfBody+1","LowerRealmReflectionSlash","SuddenPhantomFormationSlashOfKarmicWind+1","HumanGodSword+1","CrescentMoonSlash","MostiFishMod:FlyOverUtopia+1","DoubleWheelOfPain","Gensokyo:Kunekune","LowerRealmReflectionSlash+1","SlashOfSaigyouSpringWind","HellFireSword","ThreeKonsSevenHakus","CherryBlossomFlashing","ThreeKonsSevenHakus+1","BizarrenessOfSixRealms+1","SuddenPhantomFormationSlashOfKarmicWind","HellFireSword","CherryBlossomFlashing"],"relics":["HalfPhantom","REME_ComplimentaryCards","DaveBox","ArrowTower","Question Card","Gensokyo:LunaticRedEyes","Art of War","TheAbacus","HornCleat","ImportantClient","BirthdayGift-Tetrahedron","White Beast Statue","Gensokyo:SpiderMask","Mummified Hand","Turnip","War Paint","GreenFoldingFan","CrazyTorch:ReiMu","Gensokyo:EmptyGrave","Sundial"],"acts_visited":["Exordium","Gensokyo:Gensokyo","Gensokyo:Gensokyoer"],"potions_floor_usage":[6,20,31,33],"damage_taken":[{"damage":0,"enemies":"Gensokyo:3_Fairies","floor":1,"turns":3},{"damage":0,"enemies":"Gensokyo:2_Kodama","floor":3,"turns":2},{"damage":0,"enemies":"Gensokyo:Gryphon","floor":5,"turns":2},{"damage":5,"enemies":"Gensokyo:Aya","floor":6,"turns":4},{"damage":0,"enemies":"Gensokyo:Kitsune","floor":12,"turns":2},{"damage":0,"enemies":"Gensokyo:Yukari","floor":16,"turns":7},{"damage":2,"enemies":"Gensokyo:CosmicMonolith","floor":18,"turns":2},{"damage":2,"enemies":"Gensokyo:3_Dogs","floor":19,"turns":2},{"damage":2,"enemies":"Gensokyo:Swordslinger","floor":20,"turns":2},{"damage":4,"enemies":"Gensokyo:Slime_Group","floor":21,"turns":3},{"damage":10,"enemies":"Gensokyo:Koishi","floor":23,"turns":4},{"damage":6,"enemies":"Gensokyo:Tenshi","floor":27,"turns":2},{"damage":8,"enemies":"Gensokyo:3_Gloops","floor":30,"turns":3},{"damage":6,"enemies":"Gensokyo:Swordslinger","floor":31,"turns":2},{"damage":12,"enemies":"Gensokyo:Eternal_Rivals","floor":33,"turns":5},{"damage":10,"enemies":"Gensokyo:3_Boulders","floor":35,"turns":2},{"damage":14,"enemies":"Gensokyo:AncientGuardian","floor":36,"turns":3},{"damage":14,"enemies":"Gensokyo:AtlasGolem","floor":39,"turns":3},{"damage":10,"enemies":"Gensokyo:Sharpion","floor":41,"turns":2},{"damage":10,"enemies":"Gensokyo:3_Boulders","floor":45,"turns":2},{"damage":10,"enemies":"Gensokyo:SeedOfUnknown","floor":46,"turns":2},{"damage":14,"enemies":"Gensokyo:Scarlet_Devils","floor":50,"turns":3}],"seed_played":"133865798037842616","potions_obtained":[{"floor":3,"key":"Energy Potion"},{"floor":6,"key":"SteroidPotion"},{"floor":16,"key":"ColorlessPotion"},{"floor":19,"key":"Strength Potion"},{"floor":20,"key":"PowerPotion"},{"floor":23,"key":"Energy Potion"},{"floor":27,"key":"Ancient Potion"},{"floor":31,"key":"AttackPotion"},{"floor":33,"key":"Fire Potion"},{"floor":36,"key":"AttackPotion"}],"is_trial":false,"path_per_floor":["M","?","M","?","M","E","R","COS","T","R","?","M","R","$","R","B",null,"M","M","M","M","?","E","R","?","T","E","?","$","M","M","R","B",null,"M","M","?","?","M","R","M","R","T","?","M","M","$","$","R","B",null],"character_chosen":"YOUMU","items_purchased":["HumanGodSword","War Paint","SuddenPhantomFormationSlashOfKarmicWind","HellFireSword","CherryBlossomFlashing"],"campfire_rested":1,"item_purchase_floors":[14,29,47,48,48],"current_hp_per_floor":[75,75,75,68,68,63,63,63,63,63,63,63,63,63,63,63,75,73,71,69,65,65,55,55,55,55,49,49,49,41,35,55,43,68,68,64,51,51,47,47,63,63,63,63,63,63,63,63,63,59],"gold":69,"neow_bonus":"THREE_CARDS","is_daily":false,"chose_seed":false,"campfire_upgraded":8,"win_rate":0.0,"timestamp":1608614510,"path_taken":["M","?","M","?","?","E","R","COS","T","R","?","?","R","?","R","BOSS","M","?","M","M","?","E","R","?","T","E","?","?","M","M","R","BOSS","M","M","?","?","?","R","M","R","T","?","M","M","?","$","R","BOSS"],"items_purchased_type":["Card","Relic","Card","Card","Card"],"build_version":"2020-12-13","purchased_purges":0,"victory":true,"max_hp_per_floor":[75,75,75,75,75,75,75,75,75,75,75,75,75,75,75,75,75,75,75,75,75,75,75,75,75,75,75,68,68,68,68,68,68,68,68,68,68,63,63,63,63,63,63,63,63,63,63,63,63,63],"card_choices":[{"not_picked":["FiveSignsOfTheDyingDeva","SwordExtraction"],"picked":"LowerRealmReflectionSlash","floor":0},{"not_picked":["LifeCuttingSword","SlashOfAscensionToBuddhahood"],"picked":"SanzenSekai","floor":1},{"not_picked":["SwordExtraction","SlashClearingTheSixSenses","SanzenSekai"],"picked":"CrescentMoonSlash","floor":3},{"not_picked":["ThoughtCuttingSword","KarmicPunishmentOfTheIdleAndUnfocused","ConstancyOfTheConventionalTruth"],"picked":"SwordExtraction","floor":5},{"not_picked":["HeartExcerptSlash","DeadlyForm","ThoughtCuttingSword"],"picked":"ConstancyOfTheConventionalTruth","floor":6},{"not_picked":["HiganSword","SpiritMediumsBind","AsTheSilentNirvana"],"picked":"PhosphoricSlash","floor":12},{"not_picked":["HellRealmSword","FastingOfTheYoungPreta","GreatEnlightenmentAppearingAndDisappearing"],"picked":"StrangeHalfBody","floor":16},{"not_picked":["SpiritCuttingSword","SanzenSekai","SlashClearingTheSixSenses"],"picked":"LowerRealmReflectionSlash","floor":18},{"not_picked":["SlashClearingTheSixSenses","FlashingScatteredFlowers","LifeCuttingSword"],"picked":"SuddenPhantomFormationSlashOfKarmicWind","floor":19},{"not_picked":["CherryBlossomFlashing","TwoHundredYojanaInOneSlash+1","SpiderLilyBurial"],"picked":"HumanGodSword","floor":20},{"not_picked":["HellGodSword+1","FiveSignsOfTheDyingDeva","GhostSword"],"picked":"CrescentMoonSlash","floor":21},{"not_picked":["LotusPostureSlash+1","CherryBlossomFlashing","MatsuyoiReflectingSatelliteSlash"],"picked":"DoubleWheelOfPain","floor":23},{"not_picked":["PretaSword+1","SwordOfBindingDesires+1","GhostSword","ConstancyOfTheConventionalTruth+1"],"picked":"SKIP","floor":27},{"not_picked":["Gensokyo:LochNessMonster","Gensokyo:HAARP","Gensokyo:TekeTeke"],"picked":"Gensokyo:Kunekune","floor":28},{"not_picked":["FourBirthsSword+1","DispleasureOfTheSevenHakus","LowerRealmReflectionSlash","PhosphoricSlash+1"],"picked":"SKIP","floor":30},{"not_picked":["SuddenPhantomFormationSlashOfKarmicWind","HeavenlyHaloSlash","StrangeHalfBody"],"picked":"LowerRealmReflectionSlash+1","floor":31},{"not_picked":["SlashOfTheEternalFuture","FastingOfTheYoungPreta","HeavenGodSword"],"picked":"SlashOfSaigyouSpringWind","floor":33},{"not_picked":["SlashOfAscensionToBuddhahood+1","SanzenSekai","LifeCuttingSword"],"picked":"HellFireSword","floor":35},{"not_picked":["FourBirthsSword+1","ConstancyOfTheConventionalTruth","HeartExcerptSlash"],"picked":"ThreeKonsSevenHakus","floor":36},{"not_picked":["EchoesOfTheInclemencyOfAllBeings","SpiritCuttingSword+1","SlashOfMeditation"],"picked":"CherryBlossomFlashing","floor":39},{"not_picked":["IrresoluteSoul","LowerRealmReflectionSlash","PhosphoricSlash"],"picked":"ThreeKonsSevenHakus+1","floor":41},{"not_picked":["ConstancyOfTheConventionalTruth","HiganSword+1","CrescentMoonSlash"],"picked":"BizarrenessOfSixRealms","floor":45},{"not_picked":["SwordOfBindingDesires","SlashOfMeditation","BloodOfAsura","DispleasureOfTheSevenHakus"],"picked":"SKIP","floor":46}],"player_experience":440458,"relics_obtained":[{"floor":1,"key":"Question Card"},{"floor":6,"key":"Art of War"},{"floor":9,"key":"HornCleat"},{"floor":16,"key":"ImportantClient"},{"floor":23,"key":"White Beast Statue"},{"floor":26,"key":"Mummified Hand"},{"floor":27,"key":"Turnip"},{"floor":43,"key":"Sundial"}],"event_choices":[],"is_beta":false,"boss_relics":[{"not_picked":["HereWithMe","Fusion Hammer"],"picked":"BirthdayGift-Tetrahedron"},{"not_picked":["Runic Dome","Tiny House"],"picked":"GreenFoldingFan"}],"items_purged_floors":[],"is_endless":false,"potions_floor_spawned":[3,6,16,19,20,23,27,30,31,33,35,36,39,41,45,46],"ascension_level":0}}