{"host":"30jsp143e4v19aze","time":1608655198,"event":{"mods":["BaseMod","Colored Map","Colored Powertips","Curses Come First","DeckTracker","Highlight Path","Minty Spire (QoL Compilation)","Quick Restart","Relic Stats","StSLib"],"gold_per_floor":[367,367,38,49,14,14,33,58,58,58,72,97,117,117,117,191,191,201,213,229,247,247,247,280,280,306,306,43,43,70,80,80,154,154,167,167,1,1,18,33,68,113,113,138,138,48,83,94,94,94,94,94,4,32,32],"floor_reached":56,"playtime":3078,"items_purged":["Normality","Writhe","Bite"],"score":1990,"play_id":"f0d2af5f-6df6-48d8-b265-a5918ead0e15","local_time":"20201222173958","is_ascension_mode":true,"campfire_choices":[{"data":"Neutralize","floor":6,"key":"SMITH"},{"floor":10,"key":"REST"},{"data":"Accuracy","floor":15,"key":"SMITH"},{"data":"Infinite Blades","floor":23,"key":"SMITH"},{"data":"Crippling Poison","floor":25,"key":"SMITH"},{"floor":32,"key":"REST"},{"floor":45,"key":"RECALL"},{"data":"Doppelganger","floor":49,"key":"SMITH"},{"data":"Well Laid Plans","floor":52,"key":"SMITH"}],"circlet_count":0,"master_deck":["AscendersBane","Defend_G+1","Defend_G","Defend_G","Defend_G","Survivor","Neutralize+1","PiercingWail","Well Laid Plans+1","Backflip","Infinite Blades+1","Accuracy+1","Phantasmal Killer","Cloak And Dagger","Infinite Blades+1","Blade Dance","Crippling Poison+1","Bite","Bite","Bite","Doppelganger+1","Noxious Fumes","Backflip","Purity","Deadly Poison","Skewer+1","Cloak And Dagger+1","Wraith Form v2","Dodge and Roll+1","Wraith Form v2","Infinite Blades","Expertise"],"relics":["Ring of the Snake","TwistedFunnel","Lantern","Shuriken","Du-Vu Doll","WristBlade","Dream Catcher","Meat on the Bone","White Beast Statue","Busted Crown","Bird Faced Urn","Membership Card","Bottled Lightning","FossilizedHelix","Kunai","CaptainsWheel","Question Card","TungstenRod"],"acts_visited":["Exordium","TheCity","TheBeyond","TheEnding"],"potions_floor_usage":[8,16,24,30,33,44,50,55,55,55],"damage_taken":[{"damage":13,"enemies":"Jaw Worm","floor":1,"turns":7},{"damage":0,"enemies":"Small Slimes","floor":4,"turns":3},{"damage":5,"enemies":"2 Louse","floor":7,"turns":3},{"damage":18,"enemies":"3 Sentries","floor":8,"turns":12},{"damage":0,"enemies":"Lots of Slimes","floor":11,"turns":3},{"damage":22,"enemies":"Gremlin Nob","floor":12,"turns":4},{"damage":3,"enemies":"Large Slime","floor":13,"turns":4},{"damage":2,"enemies":"Hexaghost","floor":16,"turns":8},{"damage":5,"enemies":"Shell Parasite","floor":18,"turns":4},{"damage":0,"enemies":"Chosen","floor":19,"turns":2},{"damage":0,"enemies":"Snecko","floor":20,"turns":4},{"damage":10,"enemies":"Centurion and Healer","floor":21,"turns":4},{"damage":10,"enemies":"Slavers","floor":24,"turns":4},{"damage":21,"enemies":"Book of Stabbing","floor":30,"turns":4},{"damage":8,"enemies":"3 Cultists","floor":31,"turns":4},{"damage":27,"enemies":"Automaton","floor":33,"turns":6},{"damage":18,"enemies":"3 Darklings","floor":35,"turns":4},{"damage":7,"enemies":"Orb Walker","floor":39,"turns":3},{"damage":25,"enemies":"Writhing Mass","floor":40,"turns":5},{"damage":26,"enemies":"Reptomancer","floor":41,"turns":6},{"damage":29,"enemies":"2 Orb Walkers","floor":42,"turns":4},{"damage":14,"enemies":"Mind Bloom Boss Battle","floor":44,"turns":6},{"damage":0,"enemies":"Giant Head","floor":47,"turns":5},{"damage":2,"enemies":"3 Darklings","floor":48,"turns":4},{"damage":10,"enemies":"Time Eater","floor":50,"turns":9},{"damage":27,"enemies":"Shield and Spear","floor":54,"turns":7},{"damage":75,"enemies":"The Heart","floor":55,"turns":10}],"seed_played":"5888158880238942488","potions_obtained":[{"floor":1,"key":"Poison Potion"},{"floor":7,"key":"Weak Potion"},{"floor":8,"key":"Weak Potion"},{"floor":12,"key":"CunningPotion"},{"floor":18,"key":"SkillPotion"},{"floor":30,"key":"SkillPotion"},{"floor":33,"key":"Ancient Potion"},{"floor":39,"key":"FairyPotion"},{"floor":42,"key":"Fruit Juice"},{"floor":44,"key":"Explosive Potion"},{"floor":47,"key":"PowerPotion"},{"floor":54,"key":"EntropicBrew"}],"is_trial":false,"path_per_floor":["M","?","$","M","?","R","M","E","T","R","M","E","M","?","R","B",null,"M","M","M","M","?","R","E","R","T","?","$","?","E","M","R","B",null,"M","?","$","?","M","M","E","?","T","?","R","$","E","M","R","B",null,"R","$","E","B",null],"character_chosen":"THE_SILENT","items_purchased":["TwistedFunnel","PiercingWail","Flying Knee","Noxious Fumes","Backflip","Block Potion","Membership Card","Wraith Form v2","Poison Potion"],"campfire_rested":2,"item_purchase_floors":[3,3,3,28,28,28,37,46,53],"current_hp_per_floor":[46,26,26,26,42,42,37,19,19,38,38,16,13,13,13,11,52,47,47,47,37,37,37,33,33,33,33,33,33,26,24,37,26,41,31,31,31,31,34,35,35,30,30,43,43,43,51,51,51,48,50,50,50,44,29],"gold":32,"neow_bonus":"TWO_FIFTY_GOLD","is_daily":false,"chose_seed":false,"campfire_upgraded":6,"win_rate":0.0,"timestamp":1608655198,"path_taken":["M","?","$","M","?","R","?","E","T","R","M","E","M","?","R","BOSS","M","M","?","M","?","R","E","R","T","?","?","?","E","M","R","BOSS","M","?","$","?","M","M","E","?","T","?","R","$","E","M","R","BOSS","R","$","E","BOSS"],"items_purchased_type":["Relic","Card","Card","Card","Card","Potion","Relic","Card","Potion"],"build_version":"2020-12-13","purchased_purges":3,"victory":true,"max_hp_per_floor":[66,66,66,66,66,66,66,66,66,66,66,66,66,66,66,66,66,66,66,66,66,46,46,46,46,46,46,46,46,46,46,46,46,46,46,46,46,46,46,46,46,46,46,51,51,51,51,51,51,51,51,51,51,51,51],"relic_stats":{"Dream Catcher":1,"Busted Crown":18,"counters":[27,139],"Shuriken":[77],"Bird Faced Urn":[84],"Kunai":[34],"Question Card":2,"obtain_stats":[{"TwistedFunnel":3,"Lantern":8,"Question Card":47,"White Beast Statue":30,"Du-Vu Doll":12,"Dream Catcher":24,"CaptainsWheel":44,"Busted Crown":34,"WristBlade":17,"Shuriken":9,"Bird Faced Urn":36,"Membership Card":37,"Bottled Lightning":41,"Kunai":43,"FossilizedHelix":42,"TungstenRod":54,"Ring of the Snake":0,"Meat on the Bone":27},{"TwistedFunnel":1,"Lantern":4,"Question Card":23,"White Beast Statue":14,"Du-Vu Doll":6,"Dream Catcher":13,"CaptainsWheel":22,"Busted Crown":16,"WristBlade":8,"Shuriken":4,"Bird Faced Urn":17,"Membership Card":17,"Bottled Lightning":20,"Kunai":21,"FossilizedHelix":21,"TungstenRod":26,"Ring of the Snake":0,"Meat on the Bone":13},{"TwistedFunnel":7,"Lantern":25,"Question Card":109,"White Beast Statue":66,"Du-Vu Doll":32,"Dream Catcher":62,"CaptainsWheel":104,"Busted Crown":76,"WristBlade":44,"Shuriken":25,"Bird Faced Urn":80,"Membership Card":80,"Bottled Lightning":94,"Kunai":98,"FossilizedHelix":98,"TungstenRod":129,"Ring of the Snake":0,"Meat on the Bone":62}],"TungstenRod":62,"Ring of the Snake":[54],"Meat on the Bone":60},"card_choices":[{"not_picked":["Reflex","Bane","Prepared"],"picked":"SKIP","floor":1},{"not_picked":["Flying Knee","Underhanded Strike","Tactician"],"picked":"SKIP","floor":4},{"not_picked":["Infinite Blades","Dagger Throw"],"picked":"Well Laid Plans","floor":7},{"not_picked":["Escape Plan","Slice"],"picked":"Backflip","floor":8},{"not_picked":["Tactician","Concentrate"],"picked":"Infinite Blades","floor":11},{"not_picked":["Calculated Gamble","Underhanded Strike"],"picked":"Unload","floor":12},{"not_picked":["Sucker Punch","Prepared"],"picked":"Accuracy","floor":13},{"not_picked":["A Thousand Cuts","Unload"],"picked":"Phantasmal Killer","floor":16},{"not_picked":["Bane","Predator"],"picked":"Cloak And Dagger","floor":18},{"not_picked":["Acrobatics","Calculated Gamble"],"picked":"Infinite Blades","floor":19},{"not_picked":["Eviscerate","Calculated Gamble"],"picked":"Blade Dance","floor":20},{"not_picked":["PiercingWail","Flying Knee"],"picked":"Crippling Poison","floor":21},{"not_picked":["Underhanded Strike","Dagger Spray"],"picked":"Doppelganger","floor":24},{"not_picked":["Catalyst","Quick Slash","Flechettes+1"],"picked":"SKIP","floor":30},{"not_picked":["Deadly Poison","Reflex"],"picked":"Skewer+1","floor":31},{"not_picked":["Dodge and Roll","Sucker Punch"],"picked":"Cloak And Dagger+1","floor":32},{"not_picked":["Phantasmal Killer","Adrenaline"],"picked":"Wraith Form v2","floor":33},{"not_picked":["Sucker Punch"],"picked":"SKIP","floor":35},{"not_picked":["Deadly Poison"],"picked":"SKIP","floor":39},{"not_picked":["Bane+1"],"picked":"SKIP","floor":40},{"not_picked":[],"picked":"Dodge and Roll+1","floor":41},{"not_picked":[],"picked":"Infinite Blades","floor":47},{"not_picked":["A Thousand Cuts","Dagger Throw"],"picked":"SKIP","floor":48},{"not_picked":["Poisoned Stab"],"picked":"Expertise","floor":54}],"player_experience":3050080,"relics_obtained":[{"floor":8,"key":"Lantern"},{"floor":9,"key":"Shuriken"},{"floor":12,"key":"Du-Vu Doll"},{"floor":24,"key":"Dream Catcher"},{"floor":30,"key":"White Beast Statue"},{"floor":41,"key":"Bottled Lightning"},{"floor":42,"key":"FossilizedHelix"},{"floor":43,"key":"Kunai"},{"floor":44,"key":"CaptainsWheel"},{"floor":47,"key":"Question Card"},{"floor":54,"key":"TungstenRod"}],"event_choices":[{"damage_healed":0,"gold_gain":0,"player_choice":"Entered Light","damage_taken":20,"max_hp_gain":0,"max_hp_loss":0,"event_name":"Shining Light","floor":2,"gold_loss":0,"cards_upgraded":["Strike_G","Defend_G"]},{"damage_healed":16,"gold_gain":0,"player_choice":"Healed","damage_taken":0,"max_hp_gain":0,"max_hp_loss":0,"event_name":"The Cleric","floor":5,"gold_loss":35},{"damage_healed":0,"gold_gain":0,"player_choice":"Upgraded","damage_taken":0,"max_hp_gain":0,"max_hp_loss":0,"event_name":"Upgrade Shrine","floor":14,"gold_loss":0,"cards_upgraded":["Infinite Blades"]},{"damage_healed":0,"gold_gain":0,"player_choice":"Became a vampire","damage_taken":0,"max_hp_gain":0,"max_hp_loss":20,"event_name":"Vampires","floor":22,"gold_loss":0,"cards_obtained":["Bite","Bite","Bite","Bite","Bite"]},{"damage_healed":0,"gold_gain":0,"player_choice":"Opened","damage_taken":0,"relics_obtained":["Meat on the Bone"],"max_hp_gain":0,"max_hp_loss":0,"event_name":"The Mausoleum","floor":27,"gold_loss":0,"cards_obtained":["Writhe"]},{"damage_healed":0,"gold_gain":0,"cards_transformed":["Bite","Defend_G"],"player_choice":"Became Test Subject","damage_taken":0,"max_hp_gain":0,"max_hp_loss":0,"event_name":"Drug Dealer","floor":29,"gold_loss":0,"cards_obtained":["Purity","Deadly Poison"]},{"cards_removed":["Flying Knee"],"damage_healed":0,"gold_gain":0,"player_choice":"Gave Card","damage_taken":0,"relics_obtained":["Bird Faced Urn"],"max_hp_gain":0,"max_hp_loss":0,"event_name":"WeMeetAgain","floor":36,"gold_loss":0},{"cards_removed":["Unload"],"damage_healed":0,"gold_gain":0,"player_choice":"Removed Attack","damage_taken":0,"max_hp_gain":0,"max_hp_loss":0,"event_name":"Falling","floor":38,"gold_loss":0},{"damage_healed":0,"gold_gain":0,"player_choice":"Fight","damage_taken":0,"max_hp_gain":0,"max_hp_loss":0,"event_name":"Mysterious Sphere","floor":42,"gold_loss":0},{"damage_healed":0,"gold_gain":0,"player_choice":"Fight","damage_taken":0,"max_hp_gain":0,"max_hp_loss":0,"event_name":"MindBloom","floor":44,"gold_loss":0}],"is_beta":false,"boss_relics":[{"not_picked":["SlaversCollar","SacredBark"],"picked":"WristBlade"},{"not_picked":["Pandora\u0027s Box","Astrolabe"],"picked":"Busted Crown"}],"items_purged_floors":[3,28,53],"is_endless":false,"potions_floor_spawned":[1,7,8,12,18,30,31,33,35,39,40,41,42,44,47,48,54],"ascension_level":16}}