{"host":"hfvpa4llnnjpeawn","time":1608613306,"event":{"mods":["2.2 Compatiblity","AchievementEnabler","Act Like it!","Aspiration","Bard","BaseMod","Beaked The Cultist","Better Sensory Stone","Better Skull","Better Third Choice","BetterRewards","CapriCore","Conspire","Downfall","Elementarium","Energized Spire","Hubris","Infinite Spire","Jorbs\u0027s Wanderer Trilogy","Minty Spire (QoL Compilation)","Replay The Spire","Shade Mod","Spicy Shops","StSLib","The Bladedancer","The Factory","The Gatherer","The Jungle","Waifu the Spire","Wandering Minibosses"],"gold_per_floor":[117,67,67,67,79,108,14,42,96,110,110,110,110,122,122,224,224,237,43,43,146,160,160,178,178,178,196,196,196,98,110,110,208,208,225,225,275,287,303,303,303],"floor_reached":40,"playtime":2554,"items_purged":["hubris:Wrath"],"score":319,"play_id":"1c8a22c9-e54d-45ef-9e86-cd61b9eb179f","local_time":"20201222000146","is_ascension_mode":false,"campfire_choices":[{"floor":12,"key":"REST"},{"floor":15,"key":"REST"},{"floor":23,"key":"REST"},{"floor":25,"key":"REST"}],"circlet_count":0,"master_deck":["Strike_P+1","Strike_P","Strike_P","Strike_P","Defend_P","Defend_P","Defend_P","Eruption","Vigilance","FlurryOfBlows","Consecrate","EmptyBody","expansioncontent:Collect+1","BattleHymn+1","Halt+1","FlurryOfBlows","Ragnarok","Crow Ritual","Tantrum","Prostrate+1","Wallop+1","DeceiveReality","Halt","Alpha","Madness","Madness","WindmillStrike+1"],"relics":["PureWater","NeowsBlessing","hubris:Reverence","Gremlin Horn","hubris:GrandSneckoEye","ReplayTheSpireMod:CursedCoin","Tiny Chest","Sundial","infinitespire:Magic Flask","VioletLotus","MealTicket"],"acts_visited":["Exordium","TheCity","TheBeyond"],"potions_floor_usage":[14,16,18,22,28,35,38,40,40],"damage_taken":[{"damage":0,"enemies":"Small Slimes","floor":1,"turns":1},{"damage":0,"enemies":"2 Louse","floor":5,"turns":1},{"damage":0,"enemies":"Replay:BlueRogue","floor":6,"turns":1},{"damage":30,"enemies":"Lagavulin","floor":8,"turns":4},{"damage":2,"enemies":"conspire:RoseBush","floor":10,"turns":3},{"damage":0,"enemies":"conspire:2 RoseBushes","floor":14,"turns":3},{"damage":27,"enemies":"Slime Boss","floor":16,"turns":4},{"damage":10,"enemies":"2 Thieves","floor":18,"turns":3},{"damage":11,"enemies":"Chosen","floor":22,"turns":3},{"damage":12,"enemies":"conspire:HollyBat","floor":24,"turns":7},{"damage":16,"enemies":"Snecko","floor":27,"turns":4},{"damage":0,"enemies":"conspire:MimicChest","floor":28,"turns":2},{"damage":10,"enemies":"Sentry and Sphere","floor":31,"turns":4},{"damage":0,"enemies":"Automaton","floor":33,"turns":1},{"damage":3,"enemies":"3 Darklings","floor":35,"turns":4},{"damage":33,"enemies":"3 Shapes","floor":38,"turns":5},{"damage":54,"enemies":"Transient","floor":39,"turns":5},{"damage":24,"enemies":"Giant Head","floor":40,"turns":4}],"seed_played":"-6580982203207975791","potions_obtained":[{"floor":6,"key":"Reflective Coating"},{"floor":8,"key":"SteroidPotion"},{"floor":14,"key":"Death Potion"},{"floor":18,"key":"ColorlessPotion"},{"floor":27,"key":"SmokeBomb"},{"floor":31,"key":"Slimebound:ThreeZeroPotion"},{"floor":32,"key":"FearPotion"},{"floor":32,"key":"DuplicationPotion"},{"floor":33,"key":"FairyPotion"},{"floor":35,"key":"Energy Potion"},{"floor":39,"key":"FearPotion"}],"is_trial":false,"path_per_floor":["M","?","?","?","M","E","$","E","T","M","?","R","?","M","R","B",null,"M","$","?","?","M","R","M","R","T","M","?","AVR","$","M","R","B",null,"M","?","T","M","M","E"],"character_chosen":"WATCHER","items_purchased":["expansioncontent:Collect","ReplayTheSpireMod:CursedCoin","Crow Ritual","Halt"],"campfire_rested":4,"item_purchase_floors":[7,19,19,30],"current_hp_per_floor":[72,72,72,72,72,72,72,42,42,40,40,61,61,61,72,45,72,62,62,62,34,23,44,32,53,53,37,37,37,37,27,27,27,72,69,60,60,27,21,0,0],"gold":303,"neow_bonus":"THREE_ENEMY_KILL","is_daily":false,"chose_seed":false,"campfire_upgraded":0,"win_rate":0.0,"timestamp":1608613306,"path_taken":["M","?","?","?","M","E","?","E","T","M","?","R","?","M","R","BOSS","M","$","?","?","M","R","M","R","T","M","?","AVR","?","M","R","BOSS","M","?","?","M","M","E"],"items_purchased_type":["Card","Relic","Card","Card"],"build_version":"2020-12-13","purchased_purges":1,"victory":false,"max_hp_per_floor":[72,72,72,72,72,72,72,72,72,72,72,72,72,72,72,72,72,72,72,72,72,72,72,72,72,72,72,72,72,72,72,72,72,72,72,72,72,72,72,72,72],"card_choices":[{"not_picked":["PathToVictory","Replay:AtTheReady"],"picked":"FlurryOfBlows","floor":1},{"not_picked":["Replay:DivineShield","FlyingSleeves","Protect"],"picked":"SKIP","floor":5},{"not_picked":["EmptyFist","Nirvana"],"picked":"EmptyBody","floor":6},{"not_picked":["EmptyBody","Replay:ManipulateFuture"],"picked":"BattleHymn","floor":8},{"not_picked":["WheelKick","Meditate"],"picked":"Halt","floor":10},{"not_picked":["Sanctity","InnerPeace"],"picked":"FlurryOfBlows","floor":14},{"not_picked":["Devotion","ConjureBlade"],"picked":"Ragnarok","floor":16},{"not_picked":["Nirvana+1","EmptyBody","SashWhip"],"picked":"SKIP","floor":18},{"not_picked":["LikeWater","Weave"],"picked":"Prostrate+1","floor":21},{"not_picked":["Evaluate","ClearTheMind"],"picked":"Wallop+1","floor":22},{"not_picked":["SashWhip","Prostrate","Nirvana"],"picked":"SKIP","floor":24},{"not_picked":["Replay:AtTheReady","Halt+1"],"picked":"DeceiveReality","floor":27},{"not_picked":["SashWhip","Pray","CrushJoints"],"picked":"SKIP","floor":31},{"not_picked":["Omniscience","Wish"],"picked":"Alpha","floor":33},{"not_picked":["Replay:BluntJabs+1","Pray+1","Halt+1"],"picked":"SKIP","floor":35},{"not_picked":["Replay:BluntJabs+1","Wallop","ClearTheMind"],"picked":"SKIP","floor":38},{"not_picked":["Replay:AtTheReady","Consecrate"],"picked":"WindmillStrike+1","floor":39}],"player_experience":313636,"relics_obtained":[{"floor":6,"key":"hubris:Reverence"},{"floor":8,"key":"Gremlin Horn"},{"floor":9,"key":"Boot"},{"floor":21,"key":"Tiny Chest"},{"floor":26,"key":"Sundial"},{"floor":37,"key":"MealTicket"}],"event_choices":[{"cards_removed":["Defend_P"],"damage_healed":0,"gold_gain":0,"player_choice":"Card Removal","damage_taken":0,"max_hp_gain":0,"max_hp_loss":0,"event_name":"The Cleric","floor":2,"gold_loss":50},{"damage_healed":0,"gold_gain":0,"player_choice":"Grow","damage_taken":0,"max_hp_gain":0,"max_hp_loss":0,"event_name":"Living Wall","floor":13,"gold_loss":0,"cards_upgraded":["Halt"]},{"damage_healed":0,"gold_gain":0,"player_choice":"Read","damage_taken":0,"max_hp_gain":0,"max_hp_loss":0,"event_name":"The Library","floor":20,"gold_loss":0,"cards_obtained":["Tantrum"]},{"damage_healed":0,"gold_gain":0,"player_choice":"Embrace Madness","damage_taken":9,"max_hp_gain":0,"max_hp_loss":0,"event_name":"Winding Halls","floor":36,"gold_loss":0,"cards_obtained":["Madness","Madness"]}],"is_beta":false,"boss_relics":[{"not_picked":["Painkiller Herb","energizedSpire:RedRose"],"picked":"hubris:GrandSneckoEye"},{"not_picked":["energizedSpire:SpiderWeb","Replay:Fungal Core"],"picked":"VioletLotus"}],"items_purged_floors":[29],"is_endless":false,"potions_floor_spawned":[6,8,14,18,27,28,31,33,35,39],"killed_by":"Giant Head","ascension_level":0}}