{"host":"ohugux5wi6kc4oge","time":1608641449,"event":{"mods":["BaseMod","Beaked The Cultist","Better Third Choice","Colored Powertips","Downfall","GifTheSpireLib","Minty Spire (QoL Compilation)","Quick Restart","Replay The Spire","StSLib","Stuff the Spire","The Construct","The IronCluck","egg","everything is the same but u backflip on backflip"],"gold_per_floor":[118,43,61,74,74,100,100,100,100],"floor_reached":8,"playtime":367,"items_purged":["Strike_R"],"score":73,"play_id":"e13b738b-dd71-4b44-8528-f961c0b3ecb7","local_time":"20201222135049","is_ascension_mode":true,"campfire_choices":[{"floor":7,"key":"REST"}],"circlet_count":0,"master_deck":["Strike_R","Strike_R","Strike_R","Strike_R","Defend_R","Defend_R","Defend_R","Defend_R","Bash"],"relics":["Burning Blood","StuffTheSpire:Expresso","StuffTheSpire:PointBlank"],"acts_visited":["Exordium"],"potions_floor_usage":[],"damage_taken":[{"damage":7,"enemies":"Jaw Worm","floor":1,"turns":4},{"damage":0,"enemies":"Cultist","floor":3,"turns":3},{"damage":7,"enemies":"Small Slimes","floor":4,"turns":3},{"damage":55,"enemies":"3 Sentries","floor":6,"turns":14},{"damage":43,"enemies":"Lagavulin","floor":8,"turns":5}],"seed_played":"-6014104402725484679","potions_obtained":[{"floor":4,"key":"Languid Potion"},{"floor":6,"key":"DuplicationPotion"}],"is_trial":false,"path_per_floor":["M","$","M","M","?","E","R","E"],"character_chosen":"IRONCLAD","items_purchased":[],"campfire_rested":1,"item_purchase_floors":[],"current_hp_per_floor":[71,71,72,71,71,22,43,0,0],"gold":100,"neow_bonus":"ONE_RARE_RELIC","is_daily":false,"chose_seed":false,"campfire_upgraded":0,"win_rate":0.0,"timestamp":1608641449,"path_taken":["M","$","M","M","?","E","R","E"],"items_purchased_type":[],"build_version":"2020-12-13","purchased_purges":1,"victory":false,"max_hp_per_floor":[72,72,72,72,72,72,72,72,72],"card_choices":[{"not_picked":["Armaments","StuffTheSpire:RockThrow","Shockwave"],"picked":"SKIP","floor":1},{"not_picked":["Seeing Red","True Grit","ReplayTheSpireMod:LeadingStrike"],"picked":"SKIP","floor":3},{"not_picked":["Metallicize","Iron Wave","Anger"],"picked":"SKIP","floor":4},{"not_picked":["Thunderclap","Twin Strike","Anger"],"picked":"SKIP","floor":6}],"player_experience":513815,"relics_obtained":[{"floor":6,"key":"StuffTheSpire:PointBlank"}],"event_choices":[{"damage_healed":0,"gold_gain":0,"player_choice":"Bought 0 Potions","damage_taken":0,"max_hp_gain":0,"max_hp_loss":0,"event_name":"The Woman in Blue","floor":5,"gold_loss":0}],"is_beta":false,"boss_relics":[],"items_purged_floors":[2],"is_endless":false,"potions_floor_spawned":[4,6],"killed_by":"Lagavulin","ascension_level":6}}