{"host":"6gzy6nvr8uokwcne","time":1608678499,"event":{"mods":["2.2 Compatiblity","AchievementEnabler","BaseMod","Downfall","Minty Spire (QoL Compilation)","Quick Restart","StSLib"],"gold_per_floor":[99,118,137,137,137,137,137,137,137,171,21,41,57,73,85,187,187,187,199,212,312,330,30,53,64,80,5,5,5,17,0,18,113,113,113,128,21,34,134,134,134,134,154,170,184,213,41,41,54,54,54,87,9,9,9],"floor_reached":56,"playtime":17485,"items_purged":[],"score":1258,"play_id":"6176dfc0-2507-4888-8add-f959bf1532b4","local_time":"20201222160819","is_ascension_mode":false,"campfire_choices":[{"floor":1,"key":"RECALL"},{"data":"Guardian:ChargeCore","floor":8,"key":"SMITH"},{"floor":11,"key":"REST"},{"data":"Guardian:FloatingOrbs","floor":18,"key":"SMITH"},{"floor":27,"key":"REST"},{"data":"Guardian:CurlUp","floor":35,"key":"SMITH"},{"data":"Guardian:SpikerProtocol","floor":40,"key":"SMITH"},{"data":"Guardian:RevengeProtocol","floor":42,"key":"SMITH"},{"floor":54,"key":"REST"}],"circlet_count":0,"master_deck":["Guardian:Strike_Guardian","Guardian:Strike_Guardian","Guardian:Strike_Guardian+1","Guardian:Defend_Guardian","Guardian:Defend_Guardian+1","Guardian:Defend_Guardian","Guardian:CurlUp+1","Guardian:TwinSlam","Guardian:ChargeCore+1","Guardian:SentryBeam","Guardian:ShieldCharger","Guardian:FloatingOrbs+1","Guardian:Emergency","Guardian:Preprogram","Guardian:Incinerate+1","Guardian:RefractedBeam+2","expansioncontent:DefensiveStance","Guardian:TimeCapacitor","Guardian:WalkerClaw+1","Guardian:PrimingBeam+1","Guardian:ShieldSpikes","Guardian:BronzeOrb+1","Guardian:RevengeProtocol+1","Parasite","Guardian:Emergency+1","Guardian:Planning+1","Guardian:SpikerProtocol+1","Guardian:PiercingHide+1","Guardian:DecasProtection+1","Guardian:ExploitGems","Guardian:Repulse","Guardian:EvasiveProtocol","Guardian:RefractedBeam+2"],"relics":["Guardian:ModeShifter","Pear","Strawberry","The Courier","Matryoshka","Pantograph","downfall:HeartBlessingRed","downfall:HeartBlessingGreen","Busted Crown","Turnip","Molten Egg 2","War Paint","downfall:HeartBlessingBlue","downfall:RedIOU","Astrolabe","Toy Ornithopter","Whetstone","Blue Candle","Letter Opener","DollysMirror","Centennial Puzzle","Art of War"],"acts_visited":["Exordium","TheCity","TheBeyond","TheEnding"],"potions_floor_usage":[10,15,16,19,21,25,26,31,33,38,39,39,43,43,43,44,46,46,46,47,50,50,50,52,52,52,52,52,53,55,55,55],"damage_taken":[{"damage":0,"enemies":"Jaw Worm","floor":2,"turns":3},{"damage":0,"enemies":"2 Louse","floor":3,"turns":3},{"damage":82,"enemies":"Lagavulin","floor":10,"turns":18},{"damage":1,"enemies":"Small Slimes","floor":12,"turns":2},{"damage":15,"enemies":"Exordium Wildlife","floor":13,"turns":6},{"damage":13,"enemies":"Large Slime","floor":14,"turns":6},{"damage":3,"enemies":"Exordium Thugs","floor":15,"turns":4},{"damage":22,"enemies":"downfall:Ironclad","floor":16,"turns":9},{"damage":10,"enemies":"Chosen","floor":19,"turns":5},{"damage":15,"enemies":"Shell Parasite","floor":20,"turns":5},{"damage":14,"enemies":"Colosseum Nobs","floor":21,"turns":6},{"damage":23,"enemies":"Chosen and Byrds","floor":22,"turns":5},{"damage":3,"enemies":"downfall:FleeingMerchant","floor":23,"turns":4},{"damage":16,"enemies":"Snecko","floor":25,"turns":6},{"damage":1,"enemies":"Centurion and Healer","floor":26,"turns":5},{"damage":20,"enemies":"Cultist and Chosen","floor":30,"turns":6},{"damage":1,"enemies":"downfall:FleeingMerchant","floor":31,"turns":4},{"damage":13,"enemies":"Snake Plant","floor":32,"turns":4},{"damage":45,"enemies":"downfall:Silent","floor":33,"turns":10},{"damage":16,"enemies":"3 Darklings","floor":36,"turns":5},{"damage":0,"enemies":"downfall:FleeingMerchant","floor":37,"turns":4},{"damage":7,"enemies":"3 Shapes","floor":38,"turns":11},{"damage":0,"enemies":"downfall:LadyInBlue","floor":39,"turns":8},{"damage":2,"enemies":"3 Darklings","floor":43,"turns":5},{"damage":8,"enemies":"4 Shapes","floor":44,"turns":6},{"damage":5,"enemies":"Spire Growth","floor":45,"turns":4},{"damage":10,"enemies":"Reptomancer","floor":46,"turns":5},{"damage":7,"enemies":"downfall:FleeingMerchant","floor":47,"turns":3},{"damage":0,"enemies":"Sphere and 2 Shapes","floor":49,"turns":4},{"damage":0,"enemies":"downfall:Watcher","floor":50,"turns":6},{"damage":86,"enemies":"downfall:CharBossMerchant","floor":52,"turns":9},{"damage":46,"enemies":"downfall:NeowBoss","floor":55,"turns":31}],"seed_played":"1984680299573593702","potions_obtained":[{"floor":3,"key":"EssenceOfSteel"},{"floor":13,"key":"LiquidMemories"},{"floor":14,"key":"DuplicationPotion"},{"floor":15,"key":"DuplicationPotion"},{"floor":20,"key":"Swift Potion"},{"floor":22,"key":"Dexterity Potion"},{"floor":25,"key":"sneckomod:MuddlingPotion"},{"floor":26,"key":"sneckomod:MuddlingPotion"},{"floor":33,"key":"Guardian:StasisDiscoveryPotion"},{"floor":36,"key":"Regen Potion"},{"floor":39,"key":"Block Potion"},{"floor":39,"key":"EntropicBrew"},{"floor":39,"key":"DistilledChaos"},{"floor":44,"key":"DistilledChaos"},{"floor":45,"key":"EntropicBrew"},{"floor":49,"key":"EntropicBrew"}],"is_trial":false,"path_per_floor":["R","M","M","?","?","?","T","R","?","E","R","M","M","M","M","B",null,"R","M","M","?","M","$","T","M","M","R","?","?","M","$","M","B",null,"R","M","$","M","?","R","T","R","M","M","M","E","$","$","M","B",null,"E","$","R","B",null],"character_chosen":"GUARDIAN","items_purchased":["expansioncontent:DefensiveStance","War Paint","Energy Potion","Guardian:TimeCapacitor","Guardian:Gem_Orange","Guardian:SpikerProtocol","Energy Potion","Guardian:ExploitGems","Guardian:Repulse","Guardian:EvasiveProtocol","DollysMirror","Centennial Puzzle","EntropicBrew","EntropicBrew"],"campfire_rested":3,"item_purchase_floors":[23,23,23,23,31,37,37,47,47,47,47,47,47,53],"current_hp_per_floor":[88,88,88,98,102,102,102,102,102,20,51,50,35,22,19,22,105,105,95,80,66,43,40,40,24,23,67,67,67,47,46,33,13,115,115,99,99,107,107,107,107,107,115,112,107,110,108,108,108,115,115,54,59,93,74],"gold":9,"neow_bonus":"TEN_PERCENT_HP_BONUS","is_daily":false,"chose_seed":false,"campfire_upgraded":5,"win_rate":0.0,"timestamp":1608678499,"path_taken":["R","M","M","?","?","?","T","R","?","E","R","M","M","M","M","BOSS","R","M","M","?","M","$","T","M","M","R","?","?","?","$","M","BOSS","R","M","$","M","?","R","T","R","M","M","M","E","?","$","M","BOSS","E","$","R","BOSS"],"items_purchased_type":["Card","Relic","Potion","Card","Card","Card","Potion","Card","Card","Card","Relic","Relic","Potion","Potion"],"build_version":"2020-12-13","purchased_purges":0,"victory":true,"max_hp_per_floor":[88,88,88,98,105,105,105,105,105,105,105,105,105,105,105,105,105,105,105,105,105,105,105,105,105,105,115,115,115,115,115,115,115,115,115,115,115,115,115,115,115,115,115,115,115,115,115,115,115,115,115,115,115,115,115],"card_choices":[{"not_picked":["Guardian:WalkerClaw","Guardian:CrystalBeam"],"picked":"Guardian:Gem_Lightblue","floor":2},{"not_picked":["Guardian:MultiBeam","Guardian:Recover"],"picked":"Guardian:ChargeCore","floor":3},{"not_picked":["Guardian:PrismaticBeam","Guardian:Planning"],"picked":"Guardian:SentryBeam","floor":10},{"not_picked":["Guardian:TimeBomb","Guardian:TemporalShield"],"picked":"Guardian:ShieldCharger","floor":12},{"not_picked":["Guardian:AncientConstruct","Guardian:ShieldCharger"],"picked":"Guardian:Gem_Red","floor":13},{"not_picked":["Guardian:CrystalBeam","Guardian:ChargeCore"],"picked":"Guardian:FloatingOrbs","floor":14},{"not_picked":["Guardian:PrimingBeam","Guardian:CrystalBeam"],"picked":"Guardian:Emergency","floor":15},{"not_picked":["Guardian:StasisStrike","Guardian:ConstructionForm"],"picked":"Guardian:Gem_Synthetic","floor":16},{"not_picked":[],"picked":"Guardian:Preprogram","floor":19},{"not_picked":[],"picked":"Guardian:Gem_Red","floor":20},{"not_picked":[],"picked":"Guardian:Incinerate+1","floor":21},{"not_picked":[],"picked":"Guardian:RefractedBeam+1","floor":22},{"not_picked":[],"picked":"Guardian:Gem_Lightblue","floor":23},{"not_picked":[],"picked":"Guardian:WalkerClaw+1","floor":25},{"not_picked":[],"picked":"Guardian:PrimingBeam+1","floor":26},{"not_picked":[],"picked":"Guardian:ShieldSpikes","floor":30},{"not_picked":[],"picked":"Guardian:BronzeOrb+1","floor":31},{"not_picked":[],"picked":"Guardian:Gem_Blue","floor":32},{"not_picked":[],"picked":"Guardian:RevengeProtocol","floor":33},{"not_picked":[],"picked":"Guardian:Planning+1","floor":36},{"not_picked":["Guardian:TimeCapacitor+1"],"picked":"SKIP","floor":37},{"not_picked":["Guardian:MultiBeam+1"],"picked":"SKIP","floor":38},{"not_picked":[],"picked":"Guardian:PiercingHide+1","floor":43},{"not_picked":[],"picked":"Guardian:DecasProtection+1","floor":44},{"not_picked":["Guardian:Suspension"],"picked":"SKIP","floor":45},{"not_picked":["Guardian:RefractedBeam+1"],"picked":"SKIP","floor":46},{"not_picked":["Guardian:Gem_Green"],"picked":"SKIP","floor":47},{"not_picked":["Guardian:Gem_Purple"],"picked":"SKIP","floor":49},{"not_picked":[],"picked":"Guardian:Gem_Purple","floor":52}],"player_experience":405718,"relics_obtained":[{"floor":7,"key":"Matryoshka"},{"floor":10,"key":"Pantograph"},{"floor":21,"key":"Turnip"},{"floor":21,"key":"Molten Egg 2"},{"floor":24,"key":"Akabeko"},{"floor":39,"key":"Toy Ornithopter"},{"floor":41,"key":"Whetstone"},{"floor":41,"key":"Blue Candle"},{"floor":46,"key":"Letter Opener"},{"floor":52,"key":"Art of War"}],"event_choices":[{"damage_healed":0,"gold_gain":0,"player_choice":"Success","damage_taken":3,"relics_obtained":["Strawberry"],"max_hp_gain":0,"max_hp_loss":0,"event_name":"Scrap Ooze","floor":5,"gold_loss":0},{"damage_healed":0,"gold_gain":0,"player_choice":"Box","damage_taken":0,"relics_obtained":["The Courier"],"max_hp_gain":0,"max_hp_loss":0,"event_name":"Big Fish","floor":6,"gold_loss":0,"cards_obtained":["Regret"]}],"is_beta":false,"boss_relics":[{"not_picked":["Empty Cage","Cursed Key"],"picked":"Busted Crown"},{"not_picked":["Pandora\u0027s Box","Calling Bell"],"picked":"Astrolabe"}],"items_purged_floors":[],"is_endless":false,"potions_floor_spawned":[3,13,14,15,20,22,25,26,33,36,43,44,45,49],"ascension_level":0}}