{"host":"3ek78t4i81ecmdy1","time":1608612406,"event":{"mods":["2.2 Compatiblity","AchievementEnabler","BaseMod","Colored Map","DeckTracker","Filter the Spire","Keyboard Shortcuts","Minty Spire (QoL Compilation)","Permanent Neow","Quick Restart","SuperFastMode","everything is the same but u backflip on backflip"],"gold_per_floor":[114,129,47,47,47,47,63,63,138,138,178,203,237,312,312,312,312],"floor_reached":16,"playtime":353,"items_purged":[],"score":113,"play_id":"e44492d8-82b3-4fe0-aa47-c87d8b523dac","local_time":"20201222134646","is_ascension_mode":true,"campfire_choices":[{"data":"Infernal Blade","floor":6,"key":"SMITH"},{"data":"Uppercut","floor":8,"key":"SMITH"},{"data":"Feel No Pain","floor":10,"key":"SMITH"},{"floor":15,"key":"REST"}],"circlet_count":0,"master_deck":["Strike_R","Strike_R","Strike_R","Strike_R","Strike_R","Defend_R","Defend_R","Defend_R","Defend_R","Bash","Bloodletting","Uppercut+1","Infernal Blade+1","Decay","Feel No Pain+1","Offering","Flex","Dark Embrace+1"],"relics":["Burning Blood","WingedGreaves","Golden Idol","White Beast Statue","Frozen Egg 2","Molten Egg 2"],"acts_visited":["Exordium"],"potions_floor_usage":[12,16],"damage_taken":[{"damage":13,"enemies":"Cultist","floor":1,"turns":5},{"damage":0,"enemies":"Small Slimes","floor":2,"turns":3},{"damage":0,"enemies":"2 Louse","floor":7,"turns":1},{"damage":10,"enemies":"Gremlin Nob","floor":11,"turns":4},{"damage":0,"enemies":"Looter","floor":12,"turns":2},{"damage":29,"enemies":"3 Sentries","floor":13,"turns":13},{"damage":37,"enemies":"The Guardian","floor":16,"turns":5}],"seed_played":"-7915644852042495239","potions_obtained":[{"floor":7,"key":"Block Potion"},{"floor":11,"key":"DuplicationPotion"},{"floor":13,"key":"Strength Potion"}],"is_trial":false,"path_per_floor":["M","M","$","?","?","R","M","R","T","R","E","M","E","?","R","B"],"character_chosen":"IRONCLAD","items_purchased":["Infernal Blade"],"campfire_rested":1,"item_purchase_floors":[3],"current_hp_per_floor":[49,55,55,35,35,35,41,41,41,41,37,43,20,9,33,0,0],"gold":312,"neow_bonus":"ONE_RARE_RELIC","is_daily":false,"chose_seed":false,"campfire_upgraded":3,"win_rate":0.0,"timestamp":1608612406,"path_taken":["M","?","$","?","?","R","M","R","T","R","E","?","E","?","R","BOSS"],"items_purchased_type":["Card"],"build_version":"2020-12-13","purchased_purges":0,"victory":false,"max_hp_per_floor":[80,80,80,80,80,80,80,80,80,80,80,80,80,80,80,80,80],"card_choices":[{"not_picked":["Wild Strike","Reckless Charge"],"picked":"Bloodletting","floor":1},{"not_picked":["Dual Wield","Body Slam"],"picked":"Uppercut","floor":2},{"not_picked":["Dual Wield","Disarm"],"picked":"Feel No Pain","floor":7},{"not_picked":["Twin Strike","Thunderclap"],"picked":"Offering","floor":11},{"not_picked":["Pommel Strike","Shrug It Off"],"picked":"Flex","floor":12},{"not_picked":["Heavy Blade+1","True Grit"],"picked":"Dark Embrace+1","floor":13}],"player_experience":14791,"relics_obtained":[{"floor":9,"key":"White Beast Statue"},{"floor":11,"key":"Frozen Egg 2"},{"floor":13,"key":"Molten Egg 2"}],"event_choices":[{"damage_healed":0,"gold_gain":0,"player_choice":"Take Damage","damage_taken":20,"relics_obtained":["Golden Idol"],"max_hp_gain":0,"max_hp_loss":0,"event_name":"Golden Idol","floor":4,"gold_loss":0},{"damage_healed":0,"gold_gain":0,"player_choice":"Cursed","damage_taken":0,"max_hp_gain":0,"max_hp_loss":0,"event_name":"Wheel of Change","floor":5,"gold_loss":0,"cards_obtained":["Decay"]},{"damage_healed":0,"gold_gain":75,"player_choice":"Gather Gold","damage_taken":11,"max_hp_gain":0,"max_hp_loss":0,"event_name":"World of Goop","floor":14,"gold_loss":0}],"is_beta":false,"boss_relics":[],"items_purged_floors":[],"is_endless":false,"potions_floor_spawned":[7,11,12,13],"killed_by":"The Guardian","ascension_level":1}}