{"host":"qy6st0zp32tctd9l","time":1608640408,"event":{"mods":["AchievementEnabler","Act Like it!","BaseMod","Colored Map","Hallownest","Hermit","Marisa£®ÏF”Í°°ƒß¿Ì…≥£©","Minty Spire (QoL Compilation)","Remilia£®¿Ÿ√◊¿Ú—«£©","StSLib","The Bug Knight","The Cursed","The Servant 0.9.4","UnlockEverythingMod"],"gold_per_floor":[116,129,129,54,65,92,92,104,159,187,201,201,231,254,254,360,360,375,375,375,375,401,443,443,465,465,356,369,396,435,455,455,560,560,571,584,664,359,283,283,320,346,346,383,392,446,478,298,298,298,298,298,97,138,138,138],"floor_reached":55,"playtime":3571,"items_purged":["HollowMod:NailStrikeStart","HollowMod:NailStrikeStart","HollowMod:NailStrikeStart","HollowMod:NailStrikeStart+1"],"score":890,"play_id":"857bb9cc-1a96-4301-84f1-c8b90d64fdcf","local_time":"20201222203328","is_ascension_mode":false,"campfire_choices":[{"data":"HollowMod:CycloneSlash","floor":12.0,"key":"SMITH"},{"floor":15.0,"key":"RECALL"},{"data":"HollowMod:FocusHealStart","floor":24.0,"key":"SMITH"},{"data":"HollowMod:MantisMark","floor":32.0,"key":"SMITH"},{"data":"HollowMod:SlysStrikes","floor":40.0,"key":"SMITH"},{"data":"HollowMod:BaldurShell","floor":49,"key":"SMITH"},{"data":"HollowMod:GoodIntentions","floor":52,"key":"SMITH"}],"circlet_count":0,"master_deck":["HollowMod:QuickDashStart","HollowMod:QuickDashStart","HollowMod:QuickDashStart","HollowMod:QuickDashStart","HollowMod:FocusHealStart+1","HollowMod:PogoStrike","HollowMod:CycloneSlash+1","HollowMod:VengefulSpirit","HollowMod:ZotesMagnificence","HollowMod:HuntersJournal","HollowMod:BaldurShell+1","HollowMod:AwokenDreamNail+1","HollowMod:CloakDash","HollowMod:QuirrelsAssistance+1","HollowMod:MantisMark+1","HollowMod:GrimmsGift+1","HollowMod:MonarchWings+1","HollowMod:SoulSplash","HollowMod:GreatSlash+1","HollowMod:SlysStrikes+1","Hallownest:skillKingdomsEdgeMap","HollowMod:GoodIntentions+1","HollowMod:PureNailStrike+1","HollowMod:HuntersJournal+1","HollowMod:MylasSalvation","HollowMod:LifebloodCocoon"],"relics":["HollowMod:VesselMask","NeowsBlessing","Hallownest:DreamNailRelic","HollowMod:StagPassRelic","Hallownest:TeacherSealRelic","PreservedInsect","CeramicFish","Coffee Dripper","Smiling Mask","Tiny Chest","Whetstone","HollowMod:LifeEnderRelic","Sozu","HornCleat","Ancient Tea Set","Pantograph","Bronze Scales","HollowMod:KingsBrand","Nunchaku","Hallownest:StagBellRelic1","Centennial Puzzle","Ice Cream"],"acts_visited":["Exordium","Hallownest:Greenpath","Hallownest:CityofTears","TheEnding"],"potions_floor_usage":[47,55,55],"damage_taken":[{"damage":2.0,"enemies":"Hallownest:2_Tiktiks_and_1_Crawlid","floor":1.0,"turns":2.0},{"damage":0.0,"enemies":"Hallownest:2_Baldur","floor":2.0,"turns":1.0},{"damage":0.0,"enemies":"Hallownest:2_MossCreeps","floor":5.0,"turns":1.0},{"damage":3.0,"enemies":"Hallownest:eliteVengeflyKing","floor":6.0,"turns":8.0},{"damage":0.0,"enemies":"Hallownest:monsterAspidMother","floor":8.0,"turns":3.0},{"damage":15.0,"enemies":"Hallownest:eliteCrystalGuardian","floor":10.0,"turns":5.0},{"damage":0.0,"enemies":"Hallownest:monsterMossCharger","floor":11.0,"turns":2.0},{"damage":23.0,"enemies":"Hallownest:eliteMossKnight","floor":13.0,"turns":7.0},{"damage":0.0,"enemies":"Hallownest:monsterFoolEater","floor":14.0,"turns":3.0},{"damage":26.0,"enemies":"Hallownest:BossFalseKnight","floor":16.0,"turns":11.0},{"damage":13.0,"enemies":"Hallownest:Guard_and_Sentry","floor":18.0,"turns":5.0},{"damage":10.0,"enemies":"Hallownest:Guard_and_Sentry","floor":21.0,"turns":5.0},{"damage":0.0,"enemies":"Hallownest:2_Mistakes","floor":22.0,"turns":6.0},{"damage":6.0,"enemies":"Hallownest:eliteSoulWarrior","floor":23.0,"turns":5.0},{"damage":12.0,"enemies":"Hallownest:2_Husk_Sentries","floor":25.0,"turns":5.0},{"damage":0.0,"enemies":"Hallownest:monsterShrumalOgre","floor":28.0,"turns":4.0},{"damage":0.0,"enemies":"Hallownest:Master_and_Novice","floor":29.0,"turns":3.0},{"damage":0.0,"enemies":"Hallownest:Nosk","floor":30.0,"turns":7.0},{"damage":3.0,"enemies":"Hallownest:monsterMisterMushroom","floor":31.0,"turns":5.0},{"damage":65.0,"enemies":"Hallownest:BossMantisLord","floor":33.0,"turns":6.0},{"damage":8.0,"enemies":"Hallownest:Shield_Heavy","floor":35.0,"turns":6.0},{"damage":29.0,"enemies":"Hallownest:2_Littles","floor":36.0,"turns":5.0},{"damage":13.0,"enemies":"Hallownest:2_Littles","floor":37.0,"turns":3.0},{"damage":0.0,"enemies":"Hallownest:2_Littles","floor":37.0,"turns":2.0},{"damage":0.0,"enemies":"Hallownest:StalkingDevout","floor":41.0,"turns":4.0},{"damage":14,"enemies":"Hallownest:2_Wing_and_1_Kings","floor":42,"turns":5},{"damage":6,"enemies":"Hallownest:eliteCollector","floor":44,"turns":6},{"damage":0,"enemies":"Hallownest:StalkingDevout","floor":47,"turns":4},{"damage":30,"enemies":"Hallownest:Radiance","floor":50,"turns":7},{"damage":13,"enemies":"Shield and Spear","floor":54,"turns":4},{"damage":81,"enemies":"The Heart","floor":55,"turns":5}],"seed_played":"8785114525851508288","potions_obtained":[{"floor":5.0,"key":"Ancient Potion"},{"floor":10.0,"key":"LiquidMemories"},{"floor":11.0,"key":"SteroidPotion"},{"floor":14.0,"key":"EssenceOfSteel"},{"floor":25.0,"key":"ColorlessPotion"},{"floor":33.0,"key":"Strength Potion"}],"is_trial":false,"path_per_floor":["M","M","?","$","M","E","?","M","T","E","M","R","E","M","R","B",null,"M","?","?","?","M","E","R","M","T","$","M","M","E","M","R","B",null,"M","M","?","$","?","R","E","M","T","E","?","T","E","?","R","B",null,"R","$","E","B"],"character_chosen":"THE_BUGKNIGHT","items_purchased":["HollowMod:GrimmsGift","HornCleat","Centennial Puzzle"],"campfire_rested":0,"item_purchase_floors":[27,38,53],"current_hp_per_floor":[73,73,73,73,73,75,75,75,75,66,66,66,49,49,49,37,75,67,67,67,67,73,73,73,67,67,67,73,73,75,75,75,10,75,71,52,45,45,45,45,51,49,49,49,49,49,55,55,55,50,75,75,75,62,0,0],"gold":138,"neow_bonus":"THREE_ENEMY_KILL","is_daily":false,"chose_seed":false,"campfire_upgraded":6,"win_rate":0.0,"timestamp":1608640408,"path_taken":["M","M","?","$","M","E","?","M","T","E","M","R","E","M","R","BOSS","M","?","?","?","?","E","R","M","T","$","M","M","E","M","R","BOSS","M","M","?","$","?","R","E","M","T","E","?","?","E","?","R","BOSS","R","$","E","BOSS"],"items_purchased_type":["Card","Relic","Relic"],"build_version":"2020-12-13","purchased_purges":4,"victory":false,"max_hp_per_floor":[75,75,75,75,75,75,75,75,75,75,75,75,75,75,75,75,75,75,75,75,75,75,75,75,75,75,75,75,75,75,75,75,75,75,75,75,75,75,75,75,75,75,75,75,75,75,75,75,75,75,75,75,75,75,75,75],"card_choices":[{"not_picked":["HollowMod:DoubleDash","HollowMod:DashSlash"],"picked":"HollowMod:CycloneSlash","floor":1.0},{"not_picked":["HollowMod:HeavyBlow","HollowMod:SiblingsSouls"],"picked":"HollowMod:VengefulSpirit","floor":2.0},{"not_picked":["HollowMod:ShapeofUnn","HollowMod:NewJinnsSoul","HollowMod:SoulStrike"],"picked":"SKIP","floor":5.0},{"not_picked":["HollowMod:GrimmsGift","HollowMod:InfectedAttack"],"picked":"HollowMod:ZotesMagnificence","floor":6.0},{"not_picked":["HollowMod:SoulSplash","HollowMod:HowlingWraiths"],"picked":"HollowMod:HuntersJournal","floor":8.0},{"not_picked":["HollowMod:NewJinnsSoul","HollowMod:ShapeofUnn","HollowMod:Grubsong"],"picked":"SKIP","floor":10.0},{"not_picked":["HollowMod:NewLittleFool","HollowMod:SoulStrike","HollowMod:DescendingDark"],"picked":"SKIP","floor":11.0},{"not_picked":["HollowMod:ElderbugsWisdom","HollowMod:DescendingDark","HollowMod:GreatSlash"],"picked":"SKIP","floor":13.0},{"not_picked":["HollowMod:NewLittleFool","HollowMod:SharpenedShadows"],"picked":"HollowMod:BaldurShell","floor":14.0},{"not_picked":["HollowMod:SoulMaster","HollowMod:theNailsmith"],"picked":"HollowMod:AwokenDreamNail","floor":16.0},{"not_picked":["HollowMod:NewGlowingWomb","HollowMod:SoulStrike","HollowMod:ChannelNail"],"picked":"SKIP","floor":18.0},{"not_picked":["HollowMod:WraithStrike","HollowMod:HeavyBlow+1"],"picked":"HollowMod:CloakDash","floor":22.0},{"not_picked":["HollowMod:CycloneSlash","HollowMod:SharpenedShadows"],"picked":"HollowMod:QuirrelsAssistance+1","floor":23.0},{"not_picked":["HollowMod:GoodIntentions","HollowMod:HowlingWraiths"],"picked":"HollowMod:MantisMark","floor":25.0},{"not_picked":["HollowMod:SharpenedShadows","HollowMod:SharpenedNail","HollowMod:DoubleDash"],"picked":"SKIP","floor":28.0},{"not_picked":["HollowMod:AbyssShriek","HollowMod:NewJinnsSoul"],"picked":"HollowMod:MonarchWings+1","floor":29.0},{"not_picked":["HollowMod:SoulStrike","HollowMod:SoulEater"],"picked":"HollowMod:SoulSplash","floor":30.0},{"not_picked":["HollowMod:InfectedCysts+1","HollowMod:GoodIntentions"],"picked":"HollowMod:GreatSlash+1","floor":31.0},{"not_picked":["HollowMod:SoulMaster","HollowMod:LifebloodCore"],"picked":"HollowMod:SlysStrikes","floor":33.0},{"not_picked":["HollowMod:TaintedHusks+1","HollowMod:FallenFury","HollowMod:InfectedAttack+1"],"picked":"SKIP","floor":35.0},{"not_picked":["HollowMod:InfectionAssault","HollowMod:ShadowDash+1","HollowMod:MothsMistake"],"picked":"SKIP","floor":36.0},{"not_picked":["HollowMod:DesolateDive","HollowMod:BlackTendrils"],"picked":"HollowMod:GoodIntentions","floor":41},{"not_picked":["HollowMod:CycloneSlash","HollowMod:RecoilStrike"],"picked":"HollowMod:PureNailStrike+1","floor":42},{"not_picked":["HollowMod:HornetsHelp","HollowMod:CrystalDash+1"],"picked":"HollowMod:HuntersJournal+1","floor":44},{"not_picked":["HollowMod:BlackTendrils+1","HollowMod:MonarchWings","HollowMod:HornetsHelp"],"picked":"SKIP","floor":47},{"not_picked":["HollowMod:TaintedHusks+1","HollowMod:ZotesMagnificence"],"picked":"HollowMod:LifebloodCocoon","floor":54}],"player_experience":117014,"relics_obtained":[{"floor":6.0,"key":"HollowMod:StagPassRelic"},{"floor":10.0,"key":"PreservedInsect"},{"floor":13.0,"key":"CeramicFish"},{"floor":23.0,"key":"Tiny Chest"},{"floor":26.0,"key":"Whetstone"},{"floor":30.0,"key":"HollowMod:LifeEnderRelic"},{"floor":41,"key":"Ancient Tea Set"},{"floor":43,"key":"Pantograph"},{"floor":44,"key":"Bronze Scales"},{"floor":46,"key":"HollowMod:KingsBrand"},{"floor":47,"key":"Nunchaku"},{"floor":54,"key":"Ice Cream"}],"event_choices":[],"is_beta":false,"boss_relics":[{"not_picked":["Empty Cage","Pandora\u0027s Box"],"picked":"Coffee Dripper"},{"not_picked":["Tiny House","Busted Crown"],"picked":"Sozu"}],"items_purged_floors":[4,27,38,53],"is_endless":false,"potions_floor_spawned":[5,10,11,14,21,22,25,30,33,35,41,44,47],"killed_by":"The Heart","ascension_level":0}}