{"host":"mt3nndg5ku536gxi","time":1608613155,"event":{"mods":["BaseMod","Colored Powertips","Minty Spire (QoL Compilation)","Permanent Neow","Quick Restart","StSLib"],"gold_per_floor":[113,113,132,132,149,149,166,166,166,184,184,184,184],"floor_reached":12,"playtime":639,"items_purged":[],"score":140,"play_id":"7ea0e0c3-ef46-49a3-a556-fd78a4af32f0","local_time":"20201222125915","is_ascension_mode":true,"campfire_choices":[{"data":"Armaments","floor":6,"key":"SMITH"},{"data":"Shrug It Off","floor":8,"key":"SMITH"},{"data":"Searing Blow","floor":11,"key":"SMITH"}],"circlet_count":0,"master_deck":["AscendersBane","Strike_R","Strike_R","Strike_R","Strike_R","Defend_R","Defend_R","Defend_R","Defend_R","Bash","CurseOfTheBell","Shrug It Off+1","Shockwave","Armaments+1","Decay","Burning Pact","Bloodletting","Searing Blow+1"],"relics":["Calling Bell","Potion Belt","White Beast Statue","Unceasing Top","Pantograph"],"acts_visited":["Exordium"],"potions_floor_usage":[7,10,12,12],"damage_taken":[{"damage":5,"enemies":"Small Slimes","floor":1,"turns":3},{"damage":4,"enemies":"Cultist","floor":3,"turns":4},{"damage":5,"enemies":"Jaw Worm","floor":5,"turns":6},{"damage":17,"enemies":"Gremlin Gang","floor":7,"turns":8},{"damage":10,"enemies":"Large Slime","floor":10,"turns":9},{"damage":20,"enemies":"3 Sentries","floor":12,"turns":4}],"seed_played":"-7141414811937424862","potions_obtained":[{"floor":1,"key":"BlessingOfTheForge"},{"floor":3,"key":"Strength Potion"},{"floor":5,"key":"Fire Potion"},{"floor":7,"key":"DistilledChaos"},{"floor":10,"key":"AttackPotion"}],"is_trial":false,"path_per_floor":["M","?","M","?","M","R","M","R","T","M","R","E"],"character_chosen":"IRONCLAD","items_purchased":[],"campfire_rested":0,"item_purchase_floors":[],"current_hp_per_floor":[63,63,59,59,54,54,37,37,37,27,27,7,7],"gold":184,"neow_bonus":"BOSS_RELIC","is_daily":false,"chose_seed":false,"campfire_upgraded":3,"win_rate":0.0,"timestamp":1608613155,"path_taken":["M","?","M","?","M","R","?","R","T","M","R","E"],"items_purchased_type":[],"build_version":"2020-12-13","purchased_purges":0,"victory":false,"max_hp_per_floor":[75,75,75,75,75,75,75,75,75,75,75,75,75],"card_choices":[{"not_picked":["Twin Strike","Wild Strike"],"picked":"Shrug It Off","floor":1},{"not_picked":["Fire Breathing","Body Slam"],"picked":"Armaments","floor":3},{"not_picked":["Shrug It Off","Thunderclap"],"picked":"Burning Pact","floor":5},{"not_picked":["Iron Wave","Rupture"],"picked":"Bloodletting","floor":7},{"not_picked":["Anger","Bloodletting"],"picked":"Searing Blow","floor":10}],"player_experience":132667,"relics_obtained":[{"floor":0,"key":"Potion Belt"},{"floor":0,"key":"White Beast Statue"},{"floor":0,"key":"Unceasing Top"},{"floor":9,"key":"Pantograph"}],"event_choices":[{"damage_healed":0,"gold_gain":0,"cards_transformed":["Strike_R"],"player_choice":"Change","damage_taken":0,"max_hp_gain":0,"max_hp_loss":0,"event_name":"Living Wall","floor":2,"gold_loss":0,"cards_obtained":["Shockwave"]},{"damage_healed":0,"gold_gain":0,"player_choice":"Cursed","damage_taken":0,"max_hp_gain":0,"max_hp_loss":0,"event_name":"Wheel of Change","floor":4,"gold_loss":0,"cards_obtained":["Decay"]}],"is_beta":false,"boss_relics":[],"items_purged_floors":[],"is_endless":false,"potions_floor_spawned":[1,3,5,7,10],"killed_by":"3 Sentries","ascension_level":20}}