{"host":"djfsqftupta9xgss","time":1608642869,"event":{"mods":["ATMod(°¢èªMod)","Act Like it!","BaseMod","Gensokyo","Minty Spire (QoL Compilation)","MostiFishMod","Replay The Spire","Robot Space Explorer","Spicy Shops","StSLib"],"gold_per_floor":[115,132,144,144,159,193,193,219,287,287,287,287,303,303,128,144,144,239,239,256,84,104,122,135,161,161,161,243,243,312,329,344,372,372,469,469,487,1536,1586,70,85,85,154,180,180,257,58,77,92,102,102,102,102,102,2,36,36],"floor_reached":58,"playtime":1724,"items_purged":["RobotSpaceExplorer:Defend","RobotSpaceExplorer:Defend","RobotSpaceExplorer:Strike","RobotSpaceExplorer:Strike","Normality"],"score":1793,"play_id":"487f25dc-8290-4728-b21c-aa0a43f09221","local_time":"20201222211429","is_ascension_mode":false,"campfire_choices":[{"data":"RobotSpaceExplorer:Blaster","floor":7,"key":"SMITH"},{"floor":26,"key":"RECALL"},{"data":"RobotSpaceExplorer:MiniLasers","floor":29,"key":"SMITH"},{"floor":34,"key":"DIG"},{"floor":51,"key":"DIG"},{"floor":54,"key":"REST"}],"circlet_count":0,"master_deck":["RobotSpaceExplorer:Strike","RobotSpaceExplorer:Strike+1","RobotSpaceExplorer:Defend","RobotSpaceExplorer:Scan","RobotSpaceExplorer:MiniLasers+1","RobotSpaceExplorer:RigExplosive","RobotSpaceExplorer:Blaster+1","Dramatic Entrance+1","RobotSpaceExplorer:ShockMissile+1","RobotSpaceExplorer:JunkDive","MostiFishMod:ButterFly","MostiFishMod:PerfectForm+1"],"relics":["RobotSpaceExplorer:RoboCore","AT_ATBox","DaveBox","PatriotShield","NeowsBlessing","Question Card","RobotSpaceExplorer:RingOfTheNewt","Bird Faced Urn","Ornamental Fan","ImportantClient","BirthdayGift-Icosahedron","BargainBundle","StoneCalendar","DianPoetry","Replay:Rubber Ducky","Chameleon Ring","Frozen Eye","Oddly Smooth Stone","SsserpentHead","The Courier","AT_ForceNature","Tiny Chest","Fusion Hammer","Toy Ornithopter","Kunai","Potion Belt","CeramicFish","Shuriken","AT_BellowingDragoncrestRing","Mango","TungstenRod","InkBottle","AT_ChloranthyRing","TimeFreeze","Replay:Bottled Eggs","BrkXgEgg","Nunchaku"],"acts_visited":["Exordium","TheCity","TheBeyond","TheEnding"],"potions_floor_usage":[21,57],"damage_taken":[{"damage":0,"enemies":"Cultist","floor":1,"turns":1},{"damage":0,"enemies":"2 Louse","floor":2,"turns":2},{"damage":0,"enemies":"Small Slimes","floor":3,"turns":2},{"damage":0,"enemies":"Looter","floor":5,"turns":1},{"damage":0,"enemies":"Lagavulin","floor":6,"turns":4},{"damage":0,"enemies":"3 Sentries","floor":8,"turns":2},{"damage":0,"enemies":"Lots of Slimes","floor":13,"turns":1},{"damage":0,"enemies":"Blue Slaver","floor":16,"turns":1},{"damage":0,"enemies":"The Guardian","floor":18,"turns":3},{"damage":0,"enemies":"3 Byrds","floor":20,"turns":1},{"damage":0,"enemies":"Chosen","floor":22,"turns":1},{"damage":0,"enemies":"Centurion and Healer","floor":23,"turns":1},{"damage":0,"enemies":"Sentry and Sphere","floor":24,"turns":1},{"damage":0,"enemies":"Book of Stabbing","floor":25,"turns":1},{"damage":0,"enemies":"Cultist and Chosen","floor":30,"turns":1},{"damage":0,"enemies":"Snake Plant","floor":31,"turns":1},{"damage":0,"enemies":"Centurion and Healer","floor":32,"turns":1},{"damage":0,"enemies":"Replay:Snechameleon","floor":33,"turns":1},{"damage":0,"enemies":"Automaton","floor":35,"turns":1},{"damage":0,"enemies":"3 Darklings","floor":37,"turns":1},{"damage":0,"enemies":"Orb Walker","floor":41,"turns":1},{"damage":0,"enemies":"Transient","floor":43,"turns":5},{"damage":0,"enemies":"R_Hoarder","floor":44,"turns":2},{"damage":0,"enemies":"3 Darklings","floor":48,"turns":1},{"damage":0,"enemies":"Jaw Worm Horde","floor":49,"turns":1},{"damage":0,"enemies":"Spire Growth","floor":50,"turns":1},{"damage":0,"enemies":"Time Eater","floor":52,"turns":2},{"damage":0,"enemies":"Shield and Spear","floor":56,"turns":1},{"damage":0,"enemies":"The Heart","floor":57,"turns":3}],"seed_played":"-1442962110451223953","potions_obtained":[{"floor":1,"key":"Weak Potion"},{"floor":13,"key":"EntropicBrew"},{"floor":41,"key":"FairyPotion"},{"floor":42,"key":"DuplicationPotion"}],"is_trial":false,"path_per_floor":["M","M","M","?","M","E","R","E","T","?","PTL","PTL","M","?","$","M","R","B",null,"M","$","M","M","M","E","R","?","T","R","M","M","M","E","R","B",null,"M","?","?","$","M","R","M","E","T","T","$","M","M","M","R","B",null,"R","$","E","B",null],"character_chosen":"RobotSpaceExplorer","items_purchased":["BargainBundle","StoneCalendar","DianPoetry","Replay:Rubber Ducky","Chameleon Ring","Frozen Eye","MostiFishMod:ButterFly","Fruit Juice","EntropicBrew","Toy Ornithopter","Kunai","Potion Belt","CeramicFish","Shuriken","AT_BellowingDragoncrestRing","Mango","TungstenRod","MostiFishMod:PerfectForm","TimeFreeze","BrkXgEgg"],"campfire_rested":1,"item_purchase_floors":[21,21,21,21,21,21,21,21,21,40,40,40,40,40,40,40,40,47,47,55],"current_hp_per_floor":[75,75,75,75,75,75,75,75,75,60,60,60,60,60,60,60,60,60,75,75,82,82,82,82,82,82,82,82,82,82,82,82,82,82,82,82,82,82,82,96,96,96,96,96,96,96,96,96,96,96,96,96,96,96,96,96,96],"gold":36,"neow_bonus":"THREE_ENEMY_KILL","is_daily":false,"chose_seed":false,"campfire_upgraded":2,"win_rate":0.0,"timestamp":1608642869,"path_taken":["M","M","?","?","M","E","R","E","T","?","PTL","PTL","M","?","$","M","R","BOSS","M","?","M","M","M","E","R","?","T","R","?","M","M","E","R","BOSS","M","?","?","$","M","R","?","E","T","?","$","M","M","M","R","BOSS","R","$","E","BOSS"],"items_purchased_type":["Relic","Relic","Relic","Relic","Relic","Relic","Card","Potion","Potion","Relic","Relic","Relic","Relic","Relic","Relic","Relic","Relic","Card","Relic","Relic"],"build_version":"2020-12-13","purchased_purges":5,"victory":true,"max_hp_per_floor":[75,75,75,75,75,75,75,75,75,75,75,75,75,75,75,75,75,75,75,75,82,82,82,82,82,82,82,82,82,82,82,82,82,82,82,82,82,82,82,96,96,96,96,96,96,96,96,96,96,96,96,96,96,96,96,96,96],"card_choices":[{"not_picked":["RobotSpaceExplorer:Blitz","RobotSpaceExplorer:ScrapShield","RobotSpaceExplorer:SurgingShield"],"picked":"SKIP","floor":1},{"not_picked":["RobotSpaceExplorer:Pulsar","RobotSpaceExplorer:SurgingStrike","RobotSpaceExplorer:SurgingShield"],"picked":"RobotSpaceExplorer:RigExplosive","floor":2},{"not_picked":["RobotSpaceExplorer:ScrapToss","RobotSpaceExplorer:Calculate","RobotSpaceExplorer:ImprovisedAttack"],"picked":"RobotSpaceExplorer:Blaster","floor":3},{"not_picked":["RobotSpaceExplorer:Counterblock","RobotSpaceExplorer:ExhaustFan","RobotSpaceExplorer:GlueShot","RobotSpaceExplorer:TurboDodge"],"picked":"SKIP","floor":5},{"not_picked":["RobotSpaceExplorer:Ammunition","RobotSpaceExplorer:ToxicBomb","RobotSpaceExplorer:ScrapMissile"],"picked":"RobotSpaceExplorer:ShockMissile","floor":6},{"not_picked":["RobotSpaceExplorer:ShovelStrike","RobotSpaceExplorer:SurgingStrike","RobotSpaceExplorer:DoubleFind","RobotSpaceExplorer:Discharger"],"picked":"SKIP","floor":8},{"not_picked":["RobotSpaceExplorer:DualCore","RobotSpaceExplorer:StunGrenade","RobotSpaceExplorer:GlueShot","RobotSpaceExplorer:MetalStrike"],"picked":"SKIP","floor":13},{"not_picked":["RobotSpaceExplorer:SelfCleaning","RobotSpaceExplorer:TrailblazerForm","RobotSpaceExplorer:SwiftStep","RobotSpaceExplorer:StunGrenade"],"picked":"SKIP","floor":16},{"not_picked":["RobotSpaceExplorer:ShockKick","RobotSpaceExplorer:Probe","RobotSpaceExplorer:Pulsar","RobotSpaceExplorer:MetalStrike+1"],"picked":"SKIP","floor":20},{"not_picked":["RobotSpaceExplorer:ImprovisedAttack","RobotSpaceExplorer:SwiftStep","RobotSpaceExplorer:Pulsar","RobotSpaceExplorer:Counterblock"],"picked":"SKIP","floor":22},{"not_picked":["RobotSpaceExplorer:SurgingStrike","RobotSpaceExplorer:Pulsar","RobotSpaceExplorer:Electroshield","RobotSpaceExplorer:SlimeMissile"],"picked":"SKIP","floor":23},{"not_picked":["RobotSpaceExplorer:IronShell+1","RobotSpaceExplorer:SurgingShield","RobotSpaceExplorer:ShovelStrike","RobotSpaceExplorer:SwiftStep"],"picked":"SKIP","floor":24},{"not_picked":["RobotSpaceExplorer:BigMissile","RobotSpaceExplorer:JunkDive","RobotSpaceExplorer:ImprovisedAttack","RobotSpaceExplorer:PowerGlove"],"picked":"SKIP","floor":25},{"not_picked":["RobotSpaceExplorer:MetalStrike","RobotSpaceExplorer:StunGrenade","RobotSpaceExplorer:Calculate","RobotSpaceExplorer:ShovelStrike"],"picked":"SKIP","floor":30},{"not_picked":["RobotSpaceExplorer:PowerGlove+1","RobotSpaceExplorer:SurgingShield+1","RobotSpaceExplorer:MiniDrones","RobotSpaceExplorer:ScrapMissile"],"picked":"SKIP","floor":31},{"not_picked":["RobotSpaceExplorer:StunGrenade","RobotSpaceExplorer:MiniBoosters+1","RobotSpaceExplorer:Blitz","RobotSpaceExplorer:GlueSpray"],"picked":"SKIP","floor":32},{"not_picked":["RobotSpaceExplorer:Probe","RobotSpaceExplorer:PlasmaMissile","RobotSpaceExplorer:BigMissile+1","RobotSpaceExplorer:BlastShield"],"picked":"SKIP","floor":33},{"not_picked":["RobotSpaceExplorer:Counterblock+1","RobotSpaceExplorer:PlasmaMissile+1","RobotSpaceExplorer:FrostMissile+1","RobotSpaceExplorer:SwiftStep+1"],"picked":"SKIP","floor":37},{"not_picked":["RobotSpaceExplorer:Ammunition+1","RobotSpaceExplorer:SurgingStrike","RobotSpaceExplorer:MiniDrones","RobotSpaceExplorer:StunGrenade"],"picked":"SKIP","floor":41},{"not_picked":["RobotSpaceExplorer:Ammunition+1","RobotSpaceExplorer:SurgingStrike","RobotSpaceExplorer:MiniDrones","RobotSpaceExplorer:StunGrenade"],"picked":"SKIP","floor":41},{"not_picked":["RobotSpaceExplorer:FrostMissile","RobotSpaceExplorer:SurgingShield","RobotSpaceExplorer:DualCore","RobotSpaceExplorer:SurgingStrike+1"],"picked":"SKIP","floor":43},{"not_picked":["RobotSpaceExplorer:SwiftStep+1","RobotSpaceExplorer:Autoloader","RobotSpaceExplorer:ScrapMissile+1","RobotSpaceExplorer:MiniDrones"],"picked":"SKIP","floor":44},{"not_picked":["RobotSpaceExplorer:Jetpack","RobotSpaceExplorer:LaserBurst","RobotSpaceExplorer:Pulsar+1","RobotSpaceExplorer:Probe"],"picked":"SKIP","floor":48},{"not_picked":["RobotSpaceExplorer:Probe+1","RobotSpaceExplorer:StunGrenade+1","RobotSpaceExplorer:SurgingStrike+1","RobotSpaceExplorer:DoubleBlock"],"picked":"SKIP","floor":49},{"not_picked":["RobotSpaceExplorer:Electropulse+1","RobotSpaceExplorer:BigMissile+1","RobotSpaceExplorer:ExhaustFan","RobotSpaceExplorer:SurgingStrike+1"],"picked":"SKIP","floor":50},{"not_picked":["RobotSpaceExplorer:Jetpack","RobotSpaceExplorer:Electropulse+1","RobotSpaceExplorer:SurgingShield","RobotSpaceExplorer:MiniDrones"],"picked":"SKIP","floor":56}],"player_experience":325590,"relics_obtained":[{"floor":1,"key":"Question Card"},{"floor":6,"key":"RobotSpaceExplorer:RingOfTheNewt"},{"floor":8,"key":"Bird Faced Urn"},{"floor":9,"key":"Ornamental Fan"},{"floor":16,"key":"ImportantClient"},{"floor":25,"key":"Oddly Smooth Stone"},{"floor":28,"key":"The Courier"},{"floor":33,"key":"AT_ForceNature"},{"floor":34,"key":"Tiny Chest"},{"floor":44,"key":"InkBottle"},{"floor":46,"key":"AT_ChloranthyRing"},{"floor":51,"key":"Replay:Bottled Eggs"},{"floor":56,"key":"Nunchaku"}],"event_choices":[{"damage_healed":0,"gold_gain":0,"player_choice":"Entered Light","damage_taken":15,"max_hp_gain":0,"max_hp_loss":0,"event_name":"Shining Light","floor":10,"gold_loss":0,"cards_upgraded":["RobotSpaceExplorer:Strike","RobotSpaceExplorer:ShockMissile"]},{"damage_healed":0,"gold_gain":0,"cards_transformed":["RobotSpaceExplorer:Defend"],"player_choice":"Change","damage_taken":0,"max_hp_gain":0,"max_hp_loss":0,"event_name":"Living Wall","floor":17,"gold_loss":0,"cards_obtained":["RobotSpaceExplorer:JunkDive"]},{"damage_healed":0,"gold_gain":0,"player_choice":"Trade","damage_taken":0,"relics_obtained":["SsserpentHead"],"max_hp_gain":0,"max_hp_loss":0,"event_name":"FaceTrader","floor":27,"gold_loss":0},{"damage_healed":0,"gold_gain":999,"player_choice":"Gold","damage_taken":0,"max_hp_gain":0,"max_hp_loss":0,"event_name":"MindBloom","floor":38,"gold_loss":0,"cards_obtained":["Normality","Normality"]},{"cards_removed":["Normality"],"damage_healed":0,"gold_gain":0,"player_choice":"Card Removal","damage_taken":0,"max_hp_gain":0,"max_hp_loss":0,"event_name":"Wheel of Change","floor":39,"gold_loss":0}],"is_beta":false,"boss_relics":[{"not_picked":["TimeKeys","RobotSpaceExplorer:Reprocessor"],"picked":"BirthdayGift-Icosahedron"},{"not_picked":["FixedStarFall","RhineFirstAidKit"],"picked":"Fusion Hammer"}],"items_purged_floors":[15,15,21,21,40],"is_endless":false,"potions_floor_spawned":[1,5,6,13,16,23,24,30,41,43,48,56],"ascension_level":0}}