{"host":"kgj3hkp928synzkd","time":1608622241,"event":{"mods":["2.2 Compatiblity","A Magickal Journey","AchievementEnabler","Act Like it!","AlwaysNeverKeys","BaseMod","Better Altar","Better Match","Better Note","Better Sensory Stone","Better Synergies","Better Third Choice","Better Vampires","Block Reminder","Colored Map","Colored Powertips","Conspire","Curses Come First","Disable Question Mark Monsters","Downfall","GifTheSpireLib","Googly Eyes","Gremlin Skip","GungeonMod","Hallownest","Infinite Spire","Luminous","Marisa????????","Marked Mod","Minty Spire (QoL Compilation)","Permanent Neow","Quick Restart","Random Character Button","Rare Cards Sparkle","Replay The Spire","Spicy Shops","StSLib","SuperFastMode","The Bug Knight","The Exalted","The Jungle","Uncapped"],"gold_per_floor":[119,134,84,84,134,174,174,230,230,230,230,276,320,366,366,533,533,574,642,682,682,743,743,797,852,877,877,12,108,175,213,213,393,393,439,504,404,445,468,468,541,581,581,581,581,310,528,562,562,562,562],"floor_reached":50,"playtime":3726,"items_purged":["Amnesia","Amnesia","Hallownest:curseDreamersLament"],"score":779,"play_id":"28f32bca-d264-44ae-80a2-fbcc435a9dc5","local_time":"20201222023041","is_ascension_mode":false,"campfire_choices":[{"data":"infinitespire:Starlight","floor":7,"key":"SMITH"},{"floor":10,"key":"REST"},{"data":"Hallownest:skillLeafShield","floor":15,"key":"SMITH"},{"floor":23,"key":"REST"},{"floor":27,"key":"REST"},{"data":"MillisecondPulsars","floor":32,"key":"SMITH"},{"data":"ManaRampage","floor":40,"key":"SMITH"},{"floor":49,"key":"REST"}],"circlet_count":0,"master_deck":["Strike_MRS","Strike_MRS","Strike_MRS","Strike_MRS","MasterSpark","UpSweep","infinitespire:Starlight+1","GrandCross","AsteroidBelt","conspire:SpireCoStock","WitchLeyline","Robbery","Hallownest:skillLeafShield+1","Hallownest:skillLeafShield","Hallownest:skillLeafShield","Hallownest:skillLeafShield+1","Hallownest:skillLeafShield+1","EnergyRecoil","PowerUp","betterMatch:CurseCard","CasketOfStar","Spreading Infection","6A","Singularity","Decay","WitchOfGreed","MillisecondPulsars+1","betterMatch:CurseCard","IllusionStar","Injury","WitchOfGreed","AlicesGift+1","MachineGunSpark+1","CommonCold","MachineGunSpark+1","Doubt","CollectingQuirk+1","ReplayTheSpireMod:Faulty Equipment","IllusionStar+1","ManaRampage+1","Occultation+1","Slimebound:Icky","Languid"],"relics":["MiniHakkero","Ring of Misfortune","Ring of Greed","MealTicket","Golden Idol","Boot","PreservedInsect","ReplayFunnel","ChewingGum","Molten Egg 2","Replay:Baseball","DemoMod:GreenGuonStone","ReplayTheSpireMod:CursedCoin","Oddly Smooth Stone","Bag of Preparation","SimpleLauncher","DemoMod:Metronome","Kunai","Snack Pack","War Paint","Hallownest:GodTamersBeastRelic"],"acts_visited":["Exordium","Hallownest:Greenpath","theJungle:Jungle"],"potions_floor_usage":[47,47],"damage_taken":[{"damage":15,"enemies":"Hallownest:monsterHuskGuard","floor":1,"turns":4},{"damage":5,"enemies":"Hallownest:2_MossCreeps","floor":2,"turns":4},{"damage":1,"enemies":"Hallownest:2_Tiktiks_and_1_Crawlid","floor":6,"turns":5},{"damage":34,"enemies":"Hallownest:eliteCrystalGuardian","floor":8,"turns":7},{"damage":29,"enemies":"Hallownest:eliteMossKnight","floor":12,"turns":10},{"damage":4,"enemies":"Hallownest:1_Baldur_1_Crawlid_1_Warrior","floor":14,"turns":5},{"damage":43,"enemies":"Hallownest:BossFalseKnight","floor":16,"turns":9},{"damage":10,"enemies":"Shell Parasite","floor":18,"turns":4},{"damage":0,"enemies":"conspire:MimicChest","floor":19,"turns":5},{"damage":5,"enemies":"theJungle:Flameango_and_Byrd","floor":20,"turns":6},{"damage":46,"enemies":"theJungle:2_Snecko_Cultists","floor":22,"turns":6},{"damage":19,"enemies":"theJungle:Snecko_Cultist_And_Trap","floor":24,"turns":6},{"damage":36,"enemies":"Snake Plant","floor":25,"turns":5},{"damage":33,"enemies":"theJungle:MamaSnecko","floor":29,"turns":6},{"damage":0,"enemies":"theJungle:SlimyTreeVines","floor":30,"turns":5},{"damage":9,"enemies":"theJungle:JungleHuntersEncounter","floor":31,"turns":5},{"damage":0,"enemies":"theJungle:FunGuy","floor":33,"turns":10},{"damage":29,"enemies":"Hallownest:2_Littles","floor":35,"turns":7},{"damage":9,"enemies":"Hallownest:3_Siblings","floor":36,"turns":6},{"damage":0,"enemies":"Hallownest:Shield_Sturdy","floor":38,"turns":5},{"damage":0,"enemies":"Hallownest:2_Great","floor":39,"turns":4},{"damage":9,"enemies":"Hallownest:2_Soldiers_and_1_Guardian","floor":41,"turns":6},{"damage":1,"enemies":"Hallownest:StalkingDevout","floor":42,"turns":2},{"damage":17,"enemies":"Hallownest:StalkingDevout","floor":47,"turns":4},{"damage":3,"enemies":"Hallownest:StalkingDevout","floor":47,"turns":5},{"damage":99,"enemies":"Hallownest:StalkingDevout","floor":47,"turns":7},{"damage":0,"enemies":"Hallownest:StalkingDevout","floor":47,"turns":2},{"damage":0,"enemies":"Hallownest:Xero_Hu_Marmu","floor":48,"turns":4},{"damage":51,"enemies":"Hallownest:BossGreyPrinceZote","floor":50,"turns":7}],"seed_played":"-3030030253475919714","potions_obtained":[{"floor":1,"key":"Block Potion"},{"floor":12,"key":"LifebloodPotion"},{"floor":14,"key":"Elixir"},{"floor":31,"key":"BlessingOfTheForge"},{"floor":48,"key":"ShroomBrew"}],"is_trial":false,"path_per_floor":["M","M","?","$","?","M","R","E","T","R","?","E","?","M","R","B",null,"M","?","M","?","M","R","M","M","T","R","$","E","M","M","R","B",null,"M","M","$","M","M","R","M","E","T","?","?","$","?","M","R","B"],"character_chosen":"MARISA","items_purchased":["DemoMod:GreenGuonStone","ReplayTheSpireMod:CursedCoin","WitchOfGreed","AlicesGift+1","Oddly Smooth Stone","Bag of Preparation","SimpleLauncher","War Paint"],"campfire_rested":4,"item_purchase_floors":[28,28,28,28,28,28,28,46],"current_hp_per_floor":[52,57,57,57,57,66,66,41,41,63,63,49,49,60,60,32,75,65,75,70,65,34,58,39,18,18,42,57,45,66,72,72,80,80,72,63,78,78,80,80,71,70,70,70,70,80,14,16,40,0,0],"gold":562,"neow_bonus":"RANDOM_EVENT","is_daily":false,"chose_seed":false,"campfire_upgraded":4,"win_rate":0.0,"timestamp":1608622241,"path_taken":["M","M","?","$","?","M","R","E","T","R","?","E","?","M","R","BOSS","M","?","M","?","M","R","M","M","T","R","?","E","M","M","R","BOSS","M","M","$","M","M","R","M","E","T","?","?","$","?","M","R","BOSS"],"items_purchased_type":["Relic","Relic","Card","Card","Relic","Relic","Relic","Relic"],"build_version":"2020-12-13","purchased_purges":3,"victory":false,"max_hp_per_floor":[75,75,75,75,75,75,75,75,75,75,75,75,75,75,75,75,75,75,75,75,80,80,80,80,80,80,80,80,80,80,80,80,80,80,80,80,80,80,80,80,80,80,80,80,80,80,80,80,80,80,80],"card_choices":[{"not_picked":["infinitespire:TheBestDefense","infinitespire:NeuralNetwork"],"picked":"infinitespire:Starlight","floor":0},{"not_picked":["SporeBomb","LuminesStrike"],"picked":"GrandCross","floor":1},{"not_picked":["DoubleSpark","PowerUp"],"picked":"AsteroidBelt","floor":2},{"not_picked":["DC","UnstableBomb"],"picked":"WitchLeyline","floor":6},{"not_picked":["Acceleration","GrandCross"],"picked":"Robbery","floor":8},{"not_picked":["StarlightTyphoon","DC"],"picked":"EnergyRecoil","floor":12},{"not_picked":["IllusionStar","ShootingEcho"],"picked":"PowerUp","floor":14},{"not_picked":["BlazingStar","EscapeVelocity"],"picked":"CasketOfStar","floor":16},{"not_picked":["ShootingEcho","EventHorizon"],"picked":"6A","floor":18},{"not_picked":["DC+1","Occultation+1"],"picked":"Singularity","floor":19},{"not_picked":["AlicesGift+1","StarBarrage+1","MagicChant"],"picked":"SKIP","floor":20},{"not_picked":["AlicesGift+1","StarBarrage+1","MagicChant"],"picked":"SKIP","floor":20},{"not_picked":["Robbery+1","EarthLightRay"],"picked":"WitchOfGreed","floor":22},{"not_picked":["Robbery+1","MysteriousBeam+1"],"picked":"MillisecondPulsars","floor":24},{"not_picked":["WitchLeyline+1","ShootingEcho+1"],"picked":"IllusionStar","floor":25},{"not_picked":["Singularity","ShootTheMoon+1"],"picked":"MachineGunSpark+1","floor":29},{"not_picked":["DoubleSpark+1","GrandCross+1"],"picked":"MachineGunSpark+1","floor":30},{"not_picked":["DragonMeteor+1","StarDustReverie","OpenUniverse"],"picked":"SKIP","floor":31},{"not_picked":["CasketOfStar","MillisecondPulsars"],"picked":"CollectingQuirk+1","floor":33},{"not_picked":["DragonMeteor+1","MilkyWay","NonDirectionalLaser+1"],"picked":"SKIP","floor":35},{"not_picked":["GrandCross+1","EventHorizon+1"],"picked":"IllusionStar+1","floor":36},{"not_picked":["WitchOfGreed","Singularity+1"],"picked":"ManaRampage","floor":38},{"not_picked":["Acceleration","SuperPerseids","MysteriousBeam+1"],"picked":"SKIP","floor":39},{"not_picked":["MagicChant+1","MysteriousBeam+1"],"picked":"Occultation+1","floor":41},{"not_picked":["BlazeAway","IllusionStar","ManaConvection+1"],"picked":"SKIP","floor":42},{"not_picked":["Acceleration+1","OrrerysSun","6A+1"],"picked":"SKIP","floor":48}],"player_experience":282283,"relics_obtained":[{"floor":5,"key":"Ring of Misfortune"},{"floor":5,"key":"Ring of Greed"},{"floor":5,"key":"MealTicket"},{"floor":5,"key":"Golden Idol"},{"floor":8,"key":"Boot"},{"floor":9,"key":"PreservedInsect"},{"floor":12,"key":"ReplayFunnel"},{"floor":19,"key":"Molten Egg 2"},{"floor":26,"key":"Replay:Baseball"},{"floor":29,"key":"DemoMod:Metronome"},{"floor":42,"key":"Kunai"},{"floor":43,"key":"Snack Pack"}],"event_choices":[{"damage_healed":0,"gold_gain":0,"player_choice":"Invest 1","damage_taken":0,"max_hp_gain":0,"max_hp_loss":0,"event_name":"conspire:Investor","floor":3,"gold_loss":0}],"is_beta":false,"boss_relics":[{"not_picked":["Replay:Fungal Core","Ectoplasm"],"picked":"ChewingGum"},{"not_picked":["Sozu","Replay:Bronze Core","conspire:RunicOctahedron"]}],"items_purged_floors":[28,37,46],"is_endless":false,"potions_floor_spawned":[1,12,14,19,25,29,31,35,41,47,47],"killed_by":"Hallownest:BossGreyPrinceZote","ascension_level":0}}