{"host":"758m3734uc3348yu","time":1608681081,"event":{"mods":["BaseMod","Beaked The Cultist","BetterRewards","Clockwork Mod","Downfall","Hubris","Minty Spire (QoL Compilation)","Replay The Spire","Spicy Shops","StSLib","The Cursed","The Gatherer"],"gold_per_floor":[99,119,35,54,154,170,170,170,170,195,206,206,206,224,244,348,348,348,368,387,387,387,417,417,417,417,417],"floor_reached":25,"playtime":1968,"items_purged":[],"score":246,"play_id":"74e725fd-aac8-4cc3-a188-517d822b8500","local_time":"20201222175121","is_ascension_mode":false,"campfire_choices":[{"floor":13,"key":"REST"},{"data":"Slimebound:Recycling","floor":18,"key":"SMITH"}],"circlet_count":0,"master_deck":["Slimebound:Strike_Slimebound","Slimebound:Strike_Slimebound","Slimebound:Strike_Slimebound+1","Slimebound:Tackle","Slimebound:Defend_Slimebound","Slimebound:Defend_Slimebound+1","Slimebound:Defend_Slimebound+1","Slimebound:Defend_Slimebound","Slimebound:Split","Slimebound:CorrosiveSpit","Slimebound:AcidTongue+1","Slimebound:DisruptingSlam","Slimebound:Grow","Slimebound:LeechingTouch","Slimebound:ProtectTheBoss","Regret","Slimebound:LeechLife","Slimebound:Teamwork","Slimebound:SlimeSpikes","Slimebound:Gluttony","Slimebound:SplitMire","Slimebound:Recycling+1","Slimebound:RejuvenatingLick","Slimebound:LevelUp","Slimebound:RainOfGoop"],"relics":["Slimebound:AbsorbEndCombat","Replay:Rubber Ducky","Slimebound:MaxSlimesRelic","Ice Cream","Philosopher\u0027s Stone","hubris:Towel","Bronze Scales","Thread and Needle"],"acts_visited":["Exordium","TheCity"],"potions_floor_usage":[16,16,23,25],"damage_taken":[{"damage":4,"enemies":"Small Slimes","floor":2,"turns":3},{"damage":4,"enemies":"downfall:FleeingMerchant","floor":3,"turns":4},{"damage":4,"enemies":"2 Louse","floor":4,"turns":4},{"damage":6,"enemies":"Jaw Worm","floor":6,"turns":3},{"damage":11,"enemies":"Gremlin Nob","floor":10,"turns":5},{"damage":15,"enemies":"Blue Slaver","floor":11,"turns":4},{"damage":15,"enemies":"Lots of Slimes","floor":14,"turns":4},{"damage":12,"enemies":"2 Fungi Beasts","floor":15,"turns":5},{"damage":58,"enemies":"downfall:Defect","floor":16,"turns":7},{"damage":21,"enemies":"Spheric Guardian","floor":19,"turns":5},{"damage":16,"enemies":"Shell Parasite","floor":20,"turns":5},{"damage":41,"enemies":"Book of Stabbing","floor":23,"turns":6},{"damage":87,"enemies":"Slavers","floor":25,"turns":4}],"seed_played":"2637269714982039950","potions_obtained":[{"floor":2,"key":"BlessingOfTheForge"},{"floor":11,"key":"Venom Potion"},{"floor":14,"key":"Swift Potion"},{"floor":15,"key":"DistilledChaos"},{"floor":20,"key":"Weak Potion"}],"is_trial":false,"path_per_floor":["R","M","$","M","?","M","T","?","?","E","M","?","R","M","M","B",null,"R","M","M","?","?","E","T","E"],"character_chosen":"SLIMEBOUND","items_purchased":["Slimebound:Grow"],"campfire_rested":1,"item_purchase_floors":[3],"current_hp_per_floor":[60,60,60,60,60,60,60,60,60,60,53,53,60,57,60,35,60,60,60,60,60,60,50,50,0,0,0],"gold":417,"neow_bonus":"RANDOM_COMMON_RELIC","is_daily":false,"chose_seed":false,"campfire_upgraded":1,"win_rate":0.0,"timestamp":1608681081,"path_taken":["R","M","$","M","?","M","T","?","?","E","?","?","R","?","M","BOSS","R","M","M","?","?","E","T","E"],"items_purchased_type":["Card"],"build_version":"2020-12-13","purchased_purges":0,"victory":false,"max_hp_per_floor":[60,60,60,60,60,60,60,60,60,60,60,60,60,60,60,60,60,60,60,60,60,60,60,60,60,60,60],"card_choices":[{"not_picked":["Slimebound:LeechEnergy","Slimebound:SplitLeeching"],"picked":"Slimebound:AcidTongue","floor":2},{"not_picked":["Slimebound:GrowthPunch","Slimebound:Repurpose"],"picked":"Slimebound:DisruptingSlam","floor":3},{"not_picked":["Slimebound:PressTheAttack","Slimebound:Equalize"],"picked":"Slimebound:LeechingTouch","floor":4},{"not_picked":["Slimebound:SlimeSpikes","Slimebound:RejuvenatingLick"],"picked":"Slimebound:ProtectTheBoss","floor":6},{"not_picked":["Slimebound:SplitMire","Slimebound:Recollect"],"picked":"Slimebound:Teamwork","floor":10},{"not_picked":["Slimebound:PressTheAttack","Slimebound:SplitAcid"],"picked":"Slimebound:SlimeSpikes","floor":11},{"not_picked":["Slimebound:SplitMire","Slimebound:GoopTackle"],"picked":"Slimebound:Gluttony","floor":14},{"not_picked":["Slimebound:FinishingTackle","Slimebound:LeechEnergy"],"picked":"Slimebound:SplitMire","floor":15},{"not_picked":["Slimebound:CheckThePlaybook","Slimebound:Teamwork"],"picked":"Slimebound:Recycling","floor":16},{"not_picked":["Slimebound:ComboTackle","Slimebound:Dissolve"],"picked":"Slimebound:RejuvenatingLick","floor":19},{"not_picked":["Slimebound:GoopSpray+1","Slimebound:SplitBruiser"],"picked":"Slimebound:LevelUp","floor":20},{"not_picked":["Slimebound:PressTheAttack","Slimebound:ViciousTackle"],"picked":"Slimebound:RainOfGoop","floor":23}],"player_experience":165171,"relics_obtained":[{"floor":7,"key":"Slimebound:MaxSlimesRelic"},{"floor":10,"key":"Ice Cream"},{"floor":23,"key":"Bronze Scales"},{"floor":24,"key":"Thread and Needle"}],"event_choices":[{"damage_healed":0,"gold_gain":0,"player_choice":"Upgraded","damage_taken":0,"max_hp_gain":0,"max_hp_loss":0,"event_name":"Upgrade Shrine","floor":12,"gold_loss":0,"cards_upgraded":["Slimebound:AcidTongue"]}],"is_beta":false,"boss_relics":[{"not_picked":["hubris:Stopwatch","Replay:Wanted Poster"],"picked":"Philosopher\u0027s Stone"}],"items_purged_floors":[],"is_endless":false,"potions_floor_spawned":[2,11,14,15,20],"killed_by":"Slavers","ascension_level":0}}