{"host":"o5jvvi5yapo90aia","time":1608624215,"event":{"mods":["BaseMod","CapriCore","Minty Spire (QoL Compilation)","MostiFishMod","Prisma Mod","Spicy Shops","StSLib","TestMod","The Immortal","【东方二次创作】八云紫mod","【人物mod】游戏王New YuGiOh mod","【功能Mod】Neow奖励"],"gold_per_floor":[109,125,145,158,158,186,196,227,305,230,260,260,260,273,273,347,347,362,382,415,415,431,459,859,859],"floor_reached":24,"playtime":1072,"items_purged":[],"score":776,"play_id":"ebfd5576-0d8a-4c17-890c-3b38fbd1fcb0","local_time":"20201222160335","is_ascension_mode":true,"campfire_choices":[{"data":"Eruption","floor":15,"key":"SMITH"}],"circlet_count":0,"master_deck":["AscendersBane","Strike_P","Strike_P","Strike_P","Strike_P","Defend_P","Defend_P","Eruption+1","Vigilance","christmas-Famine","BowlingBash","Worship","MostiFishMod:Pointsdynamics","FearNoEvil","Tantrum","PathToVictory","MostiFishMod:LegendTransform","MostiFishMod:Speedup+1"],"relics":["testmod-TestBox","SacredBark","TimeKeys","testmod-GiftOfSatan","Question Card","Shuriken","Ancient Tea Set","Singing Bowl","Girya","ImportantClient","testmod-NegativeEmotionEnhancer","Red Mask","Art of War"],"acts_visited":["Exordium","TheCity"],"potions_floor_usage":[4],"damage_taken":[{"damage":7,"enemies":"Cultist","floor":1,"turns":3},{"damage":0,"enemies":"2 Louse","floor":2,"turns":2},{"damage":33,"enemies":"Small Slimes","floor":3,"turns":5},{"damage":25,"enemies":"3 Louse","floor":4,"turns":7},{"damage":0,"enemies":"Lagavulin","floor":6,"turns":3},{"damage":5,"enemies":"2 Fungi Beasts","floor":7,"turns":4},{"damage":0,"enemies":"3 Sentries","floor":8,"turns":1},{"damage":16,"enemies":"Gremlin Nob","floor":11,"turns":3},{"damage":24,"enemies":"Blue Slaver","floor":14,"turns":4},{"damage":0,"enemies":"Slime Boss","floor":16,"turns":5},{"damage":11,"enemies":"Spheric Guardian","floor":18,"turns":3},{"damage":87,"enemies":"Shell Parasite","floor":19,"turns":4},{"damage":0,"enemies":"Masked Bandits","floor":20,"turns":1},{"damage":72,"enemies":"Cultist and Chosen","floor":22,"turns":5},{"damage":0,"enemies":"Gremlin Leader","floor":23,"turns":2}],"seed_played":"-7710768000250373030","potions_obtained":[{"floor":3,"key":"ColorlessPotion"},{"floor":4,"key":"StancePotion"},{"floor":6,"key":"ColorlessPotion"},{"floor":22,"key":"testmod-TestPotion"}],"is_trial":false,"path_per_floor":["M","M","M","M","?","E","M","E","T","?","E","?","?","M","R","B",null,"M","M","?","?","M","E","?"],"character_chosen":"WATCHER","items_purchased":[],"campfire_rested":0,"item_purchase_floors":[],"current_hp_per_floor":[61,83,63,73,66,67,84,85,85,85,97,102,102,91,91,110,132,139,70,77,77,39,57,57,57],"gold":859,"neow_bonus":"BOSS_RELIC","is_daily":false,"chose_seed":false,"campfire_upgraded":1,"win_rate":0.0,"timestamp":1608624215,"path_taken":["M","M","?","M","?","E","M","E","T","?","E","?","?","M","R","BOSS","M","M","?","?","M","E","?"],"items_purchased_type":[],"build_version":"2020-12-13","purchased_purges":0,"victory":false,"max_hp_per_floor":[73,83,88,103,103,103,113,113,113,113,120,125,125,127,127,139,139,145,151,154,154,165,166,166,166],"card_choices":[{"not_picked":["christmas-Death","christmas-War","christmas-Plague"],"picked":"christmas-Famine","floor":1},{"not_picked":["Consecrate","WheelKick","MostiFishMod:Speedup"],"picked":"SKIP","floor":1},{"not_picked":["Perseverance","Study","SignatureMove","LikeWater"],"picked":"SKIP","floor":2},{"not_picked":["Consecrate","SignatureMove","Halt","CarveReality"],"picked":"SKIP","floor":3},{"not_picked":["Weave","SignatureMove","Evaluate"],"picked":"BowlingBash","floor":4},{"not_picked":["Worship","Vengeance","Consecrate","WheelKick"],"picked":"SKIP","floor":6},{"not_picked":["Vengeance","Consecrate","WheelKick"],"picked":"Worship","floor":6},{"not_picked":["Perseverance","Consecrate","Weave"],"picked":"MostiFishMod:Pointsdynamics","floor":7},{"not_picked":["Evaluate","JustLucky","FlyingSleeves","FollowUp"],"picked":"SKIP","floor":8},{"not_picked":["ThirdEye","EmptyMind","Crescendo","EmptyBody"],"picked":"Singing Bowl","floor":11},{"not_picked":["MentalFortress","EmptyBody","Consecrate","CutThroughFate"],"picked":"Singing Bowl","floor":14},{"not_picked":["SpiritShield","Alpha","MostiFishMod:StarHerder","MostiFishMod:DustFall"],"picked":"Singing Bowl","floor":16},{"not_picked":["ClearTheMind","Perseverance","Halt"],"picked":"FearNoEvil","floor":18},{"not_picked":["Wireheading","FlyingSleeves","Wallop+1"],"picked":"Tantrum","floor":19},{"not_picked":["JustLucky","FollowUp+1","SashWhip","PathToVictory"],"picked":"Singing Bowl","floor":20},{"not_picked":["ClearTheMind+1","CutThroughFate","MostiFishMod:Clarity"],"picked":"MostiFishMod:LegendTransform","floor":22},{"not_picked":["Evaluate","ReachHeaven","Protect"],"picked":"MostiFishMod:Speedup+1","floor":23}],"player_experience":1341170,"relics_obtained":[{"floor":1,"key":"Question Card"},{"floor":6,"key":"Shuriken"},{"floor":8,"key":"Ancient Tea Set"},{"floor":9,"key":"Singing Bowl"},{"floor":11,"key":"Girya"},{"floor":16,"key":"ImportantClient"},{"floor":20,"key":"Red Mask"},{"floor":23,"key":"Art of War"}],"event_choices":[{"cards_removed":["Defend_P"],"damage_healed":0,"gold_gain":0,"player_choice":"Card Removal","damage_taken":7,"max_hp_gain":0,"max_hp_loss":0,"event_name":"Golden Wing","floor":5,"gold_loss":0},{"cards_removed":["Defend_P"],"damage_healed":0,"gold_gain":0,"player_choice":"Card Removal","damage_taken":0,"max_hp_gain":0,"max_hp_loss":0,"event_name":"The Cleric","floor":10,"gold_loss":75},{"damage_healed":0,"gold_gain":0,"player_choice":"Donut","damage_taken":0,"max_hp_gain":5,"max_hp_loss":0,"event_name":"Big Fish","floor":12,"gold_loss":0},{"damage_healed":0,"gold_gain":0,"player_choice":"Ignored","damage_taken":0,"max_hp_gain":0,"max_hp_loss":0,"event_name":"Liars Game","floor":13,"gold_loss":0},{"damage_healed":0,"gold_gain":0,"player_choice":"Fought Bandits","damage_taken":0,"max_hp_gain":0,"max_hp_loss":0,"event_name":"Masked Bandits","floor":20,"gold_loss":0},{"damage_healed":0,"gold_gain":0,"player_choice":"Read","damage_taken":0,"max_hp_gain":0,"max_hp_loss":0,"event_name":"The Library","floor":21,"gold_loss":0,"cards_obtained":["PathToVictory"]},{"damage_healed":0,"gold_gain":400,"player_choice":"Sell","damage_taken":0,"max_hp_gain":0,"max_hp_loss":0,"event_name":"恩洛斯的盘子","floor":24,"relics_lost":["DaveBox"],"gold_loss":0}],"is_beta":false,"boss_relics":[{"not_picked":["EE1DDrone","Snecko Eye"],"picked":"testmod-NegativeEmotionEnhancer"}],"items_purged_floors":[],"is_endless":false,"potions_floor_spawned":[3,4,6,16,20,22],"ascension_level":20}}