{"host":"a61r67bv2jut9r88","time":1608610016,"event":{"mods":["AchievementEnabler","BaseMod","Downfall","Marisa£®ÏF”Í°°ƒß¿Ì…≥£©","Minty Spire (QoL Compilation)","Replay The Spire","Shop Mod","StSLib","SuperFastMode","The Bug Knight","The Cursed","The Servant 0.9.4"],"gold_per_floor":[119,194,47,60,75,110,123,123,147,147,147,147,163,188,188,188,188],"floor_reached":16,"playtime":471,"items_purged":["Defend_S"],"score":102,"play_id":"2517c500-1deb-4392-beae-99a8adcd9b62","local_time":"20201222120656","is_ascension_mode":false,"campfire_choices":[{"floor":8,"key":"REST"},{"floor":15,"key":"REST"}],"circlet_count":0,"master_deck":["Strike_S","Strike_S","Strike_S+1","Strike_S","Defend_S+1","Defend_S+1","Defend_S+1","KidneyShot","Exchange","SoulSculpture","BestPractice"],"relics":["Uniform","ReplayTheSpireMod:Lightbulb","MealTicket","Golden Idol","War Paint"],"acts_visited":["Exordium"],"potions_floor_usage":[16,16,16],"damage_taken":[{"damage":3,"enemies":"Jaw Worm","floor":1,"turns":3},{"damage":5,"enemies":"2 Louse","floor":4,"turns":2},{"damage":3,"enemies":"Small Slimes","floor":5,"turns":4},{"damage":6,"enemies":"Lagavulin","floor":6,"turns":8},{"damage":2,"enemies":"Exordium Wildlife","floor":7,"turns":4},{"damage":10,"enemies":"2 Fungi Beasts","floor":13,"turns":3},{"damage":4,"enemies":"Red Slaver","floor":14,"turns":3},{"damage":32,"enemies":"Slime Boss","floor":16,"turns":9}],"seed_played":"-7432284697973447917","potions_obtained":[{"floor":6,"key":"champ:CounterPotion"},{"floor":7,"key":"AttackPotion"},{"floor":13,"key":"DuplicationPotion"}],"is_trial":false,"path_per_floor":["M","?","$","M","M","E","M","R","T","?","?","?","M","M","R","B"],"character_chosen":"THE_SERVANT","items_purchased":["BestPractice"],"campfire_rested":2,"item_purchase_floors":[3],"current_hp_per_floor":[62,51,51,46,43,37,35,54,54,38,31,18,8,4,23,0,0],"gold":188,"neow_bonus":"ONE_RANDOM_RARE_CARD","is_daily":false,"chose_seed":false,"campfire_upgraded":0,"win_rate":0.0,"timestamp":1608610016,"path_taken":["M","?","$","M","M","E","M","R","T","?","?","?","M","?","R","BOSS"],"items_purchased_type":["Card"],"build_version":"2020-12-13","purchased_purges":1,"victory":false,"max_hp_per_floor":[65,65,65,65,65,65,65,65,65,65,65,65,65,65,65,65,65],"card_choices":[{"not_picked":["Starlight","FastForward","DoubleEdge"],"picked":"SKIP","floor":1},{"not_picked":["Replace","Potential","Alleviate"],"picked":"SKIP","floor":4},{"not_picked":["Sabotage","Rewind","Rearm"],"picked":"SKIP","floor":5},{"not_picked":["Shuttle","SoulSculpture","Snipe"],"picked":"SKIP","floor":6},{"not_picked":["Alleviate","Gouge","Desolation"],"picked":"SKIP","floor":7},{"not_picked":["Defy","FastForward","Shuttle"],"picked":"SKIP","floor":13},{"not_picked":["StarChef","Defy","Gouge"],"picked":"SKIP","floor":14}],"player_experience":415677,"relics_obtained":[{"floor":6,"key":"ReplayTheSpireMod:Lightbulb"},{"floor":9,"key":"MealTicket"}],"event_choices":[{"damage_healed":0,"gold_gain":75,"player_choice":"Gather Gold","damage_taken":11,"max_hp_gain":0,"max_hp_loss":0,"event_name":"World of Goop","floor":2,"gold_loss":0},{"damage_healed":0,"gold_gain":0,"player_choice":"Take Damage","damage_taken":16,"relics_obtained":["Golden Idol"],"max_hp_gain":0,"max_hp_loss":0,"event_name":"Golden Idol","floor":10,"gold_loss":0},{"damage_healed":0,"gold_gain":0,"player_choice":"Success","damage_taken":7,"relics_obtained":["War Paint"],"max_hp_gain":0,"max_hp_loss":0,"event_name":"Scrap Ooze","floor":11,"gold_loss":0},{"damage_healed":0,"gold_gain":0,"player_choice":"Entered Light","damage_taken":13,"max_hp_gain":0,"max_hp_loss":0,"event_name":"Shining Light","floor":12,"gold_loss":0,"cards_upgraded":["Defend_S","Strike_S"]}],"is_beta":false,"boss_relics":[],"items_purged_floors":[3],"is_endless":false,"potions_floor_spawned":[6,7,13],"killed_by":"Slime Boss","ascension_level":0}}