{"host":"ÇïÍ¥»¨¿ªÃÎÀïÏã","time":1608636402,"event":{"mods":["ATMod(°¢èªMod)","BaseMod","Custom Start","Minty Spire (QoL Compilation)","StSLib"],"gold_per_floor":[16,16,30,41,41,41,41,55,55,55,90,90,109,109,109],"floor_reached":14,"playtime":1073,"items_purged":[],"score":122,"play_id":"42a219af-9852-49e6-8e12-dc28070ce95e","local_time":"20201222192642","is_ascension_mode":true,"campfire_choices":[{"data":"AT_RightCognition","floor":6.0,"key":"SMITH"},{"floor":12.0,"key":"REST"}],"circlet_count":0,"master_deck":["Strike_B","Strike_B","Strike_B+1","Defend_B","Defend_B","Defend_B","Defend_B","Zap","Dualcast","AT_RobotInSpace","AT_RightCognition+1","Storm","AT_ThreeBodyProblem+1","Conserve Battery","Coolheaded","Tempest","Heatsinks"],"relics":["Cracked Core","AT_ATBox","Molten Egg 2","StrikeDummy"],"acts_visited":["Exordium"],"potions_floor_usage":[],"damage_taken":[{"damage":14.0,"enemies":"2 Louse","floor":1.0,"turns":4.0},{"damage":8.0,"enemies":"Small Slimes","floor":3.0,"turns":2.0},{"damage":14.0,"enemies":"Jaw Worm","floor":4.0,"turns":5.0},{"damage":0.0,"enemies":"Large Slime","floor":8.0,"turns":5.0},{"damage":16.0,"enemies":"Lagavulin","floor":11.0,"turns":5.0},{"damage":0.0,"enemies":"Exordium Wildlife","floor":13.0,"turns":3.0},{"damage":23,"enemies":"3 Sentries","floor":14,"turns":4}],"seed_played":"3049135216304173543","potions_obtained":[{"floor":1.0,"key":"AttackPotion"},{"floor":8.0,"key":"Dexterity Potion"},{"floor":11.0,"key":"Weak Potion"}],"is_trial":false,"path_per_floor":["M","?","M","M","$","R","?","M","T","?","E","R","M","E"],"character_chosen":"DEFECT","items_purchased":[],"campfire_rested":1,"item_purchase_floors":[],"current_hp_per_floor":[54,54,46,32,32,32,17,17,17,17,1,23,23,0,0],"gold":109,"neow_bonus":"THREE_RARE_CARDS","is_daily":false,"chose_seed":false,"campfire_upgraded":1,"win_rate":0.0,"timestamp":1608636402,"path_taken":["M","?","M","M","$","R","?","M","T","?","E","R","M","E"],"items_purchased_type":[],"build_version":"2020-12-18","purchased_purges":0,"victory":false,"max_hp_per_floor":[75,75,75,75,75,75,75,75,75,75,75,75,75,75,75],"card_choices":[{"not_picked":["Echo Form","Machine Learning"],"picked":"AT_RightCognition","floor":0.0},{"not_picked":["Undo","Aggregate","Cold Snap"],"picked":"SKIP","floor":1.0},{"not_picked":["AT_EMC2","Go for the Eyes"],"picked":"AT_ThreeBodyProblem","floor":3.0},{"not_picked":["Ball Lightning","Steam"],"picked":"Conserve Battery","floor":4.0},{"not_picked":["Rainbow","Chill"],"picked":"Coolheaded","floor":8.0},{"not_picked":["Undo","Coolheaded"],"picked":"Tempest","floor":11.0},{"not_picked":["Hologram","AT_ThunderBolt"],"picked":"Heatsinks","floor":13.0}],"player_experience":450285,"relics_obtained":[{"floor":9.0,"key":"Molten Egg 2"},{"floor":11.0,"key":"StrikeDummy"}],"event_choices":[{"damage_healed":0.0,"max_hp_gain":0.0,"max_hp_loss":0.0,"gold_gain":0.0,"cards_transformed":["Strike_B"],"event_name":"Living Wall","player_choice":"Change","floor":2.0,"gold_loss":0.0,"damage_taken":0.0,"cards_obtained":["Storm"]},{"damage_healed":0.0,"max_hp_gain":0.0,"max_hp_loss":0.0,"gold_gain":0.0,"event_name":"Shining Light","player_choice":"Entered Light","floor":7.0,"gold_loss":0.0,"damage_taken":15.0,"cards_upgraded":["AT_ThreeBodyProblem","Strike_B"]},{"damage_healed":0.0,"max_hp_gain":0.0,"max_hp_loss":0.0,"gold_gain":0.0,"event_name":"Liars Game","player_choice":"Ignored","floor":10.0,"gold_loss":0.0,"damage_taken":0.0}],"is_beta":true,"boss_relics":[],"items_purged_floors":[],"is_endless":false,"potions_floor_spawned":[1,8,11],"killed_by":"3 Sentries","ascension_level":7}}