{"host":"frd3amdo59hhcgxk","time":1608599540,"event":{"mods":["AchievementEnabler","Alarm Clock","BaseMod","Block Reminder","Colored Powertips","Highlight Path","Minty Spire (QoL Compilation)","Random Character Button","Rare Cards Sparkle","Relic Sorter"],"gold_per_floor":[116,131,142,142,142,142,142,155,155,10,10,26,45,45,45,144,144,109,109,122,122,138,138,63,0,0,19,36,53,53,53],"floor_reached":30,"playtime":2547,"items_purged":[],"score":258,"play_id":"e32f7f46-4086-4a25-94ba-aadad80561fd","local_time":"20201221201220","is_ascension_mode":true,"campfire_choices":[{"floor":6.0,"key":"DIG"},{"floor":11.0,"key":"REST"},{"floor":15,"key":"REST"},{"floor":23,"key":"REST"}],"circlet_count":0,"master_deck":["Strike_G+1","Strike_G+1","Strike_G+1","Strike_G+1","Defend_G+1","Defend_G+1","Defend_G+1","Defend_G+1","Defend_G+1","Survivor","Neutralize","Flying Knee","Noxious Fumes+1","Crippling Poison","Catalyst","Caltrops","Dodge and Roll","Slice","Footwork","Dodge and Roll","A Thousand Cuts","Finisher+1","Finisher+1","Blur+1","Cloak And Dagger","Blade Dance","Catalyst+1","PiercingWail+1","Setup+1"],"relics":["Ring of the Snake","Shovel","White Beast Statue","Question Card","SacredBark","Toxic Egg 2"],"acts_visited":["Exordium","TheCity"],"potions_floor_usage":[16,16,16,18,28,28,29,30],"damage_taken":[{"damage":0.0,"enemies":"Cultist","floor":1.0,"turns":6.0},{"damage":0.0,"enemies":"2 Louse","floor":2.0,"turns":3.0},{"damage":0.0,"enemies":"Small Slimes","floor":3.0,"turns":3.0},{"damage":2.0,"enemies":"Red Slaver","floor":8.0,"turns":4.0},{"damage":0.0,"enemies":"Looter","floor":12.0,"turns":4.0},{"damage":17.0,"enemies":"3 Louse","floor":13.0,"turns":3.0},{"damage":5,"enemies":"Hexaghost","floor":16,"turns":11},{"damage":19,"enemies":"2 Thieves","floor":18,"turns":5},{"damage":22,"enemies":"Chosen","floor":20,"turns":6},{"damage":10,"enemies":"Snecko","floor":22,"turns":6},{"damage":15,"enemies":"Cultist and Chosen","floor":27,"turns":6},{"damage":33,"enemies":"3 Cultists","floor":28,"turns":6},{"damage":16,"enemies":"Snake Plant","floor":29,"turns":6},{"damage":15,"enemies":"Centurion and Healer","floor":30,"turns":4}],"seed_played":"6044986103151229683","potions_obtained":[{"floor":1.0,"key":"PowerPotion"},{"floor":8.0,"key":"FearPotion"},{"floor":12.0,"key":"Energy Potion"},{"floor":16,"key":"CunningPotion"},{"floor":18,"key":"FairyPotion"},{"floor":20,"key":"GhostInAJar"},{"floor":22,"key":"SkillPotion"},{"floor":28,"key":"SkillPotion"},{"floor":29,"key":"Dexterity Potion"}],"is_trial":false,"path_per_floor":["M","M","M","?","?","R","?","M","T","$","R","M","M","?","R","B",null,"M","?","M","?","M","R","$","?","T","M","M","M","M"],"character_chosen":"THE_SILENT","items_purchased":["Caltrops","Dodge and Roll","Slice","Cloak And Dagger","Blade Dance"],"campfire_rested":3,"item_purchase_floors":[10,10,10,24,24],"current_hp_per_floor":[63,63,63,50,50,50,50,48,48,48,63,63,46,46,63,58,63,44,44,22,22,12,30,30,30,30,15,25,9,0,0],"gold":53,"neow_bonus":"ONE_RARE_RELIC","is_daily":false,"chose_seed":false,"campfire_upgraded":0,"win_rate":0.0,"timestamp":1608599540,"path_taken":["M","M","M","?","?","R","?","M","T","$","R","?","M","?","R","BOSS","M","?","M","?","M","R","$","?","T","?","M","M","M"],"items_purchased_type":["Card","Card","Card","Card","Card"],"build_version":"2020-12-13","purchased_purges":0,"victory":false,"max_hp_per_floor":[63,63,63,63,63,63,63,63,63,63,63,63,63,63,63,63,63,63,63,63,63,63,63,63,63,63,63,63,63,63,63],"card_choices":[{"not_picked":["Bane","Poisoned Stab"],"picked":"Flying Knee","floor":1.0},{"not_picked":["Deflect","Accuracy"],"picked":"Noxious Fumes","floor":2.0},{"not_picked":["Flying Knee","Slice"],"picked":"Crippling Poison","floor":3.0},{"not_picked":["Dagger Spray","Deadly Poison"],"picked":"Catalyst","floor":8.0},{"not_picked":["Cloak And Dagger","Slice","Dagger Spray"],"picked":"Footwork","floor":12.0},{"not_picked":["Sucker Punch","Deflect","Underhanded Strike"],"picked":"Dodge and Roll","floor":13.0},{"not_picked":["Corpse Explosion","Glass Knife","Die Die Die"],"picked":"A Thousand Cuts","floor":16},{"not_picked":["Outmaneuver","Terror","Slice+1"],"picked":"Finisher+1","floor":18},{"not_picked":["Dagger Spray","Dagger Throw","Deflect"],"picked":"Finisher+1","floor":20},{"not_picked":["Sucker Punch","Underhanded Strike","Blade Dance"],"picked":"Blur+1","floor":22},{"not_picked":["Concentrate+1","Backstab+1","PiercingWail+1"],"picked":"Catalyst+1","floor":27},{"not_picked":["Deadly Poison+1","Underhanded Strike","Prepared+1"],"picked":"PiercingWail+1","floor":28},{"not_picked":["PiercingWail+1","Bane+1","Malaise+1"],"picked":"Setup+1","floor":29}],"player_experience":438963,"relics_obtained":[{"floor":6.0,"key":"White Beast Statue"},{"floor":9.0,"key":"Question Card"},{"floor":26,"key":"Toxic Egg 2"}],"event_choices":[{"damage_healed":0.0,"max_hp_gain":0.0,"max_hp_loss":0.0,"gold_gain":0.0,"event_name":"Shining Light","player_choice":"Entered Light","floor":4.0,"gold_loss":0.0,"damage_taken":13.0,"cards_upgraded":["Defend_G","Defend_G"]},{"damage_healed":0.0,"max_hp_gain":0.0,"max_hp_loss":0.0,"gold_gain":0.0,"event_name":"Living Wall","player_choice":"Grow","floor":5.0,"gold_loss":0.0,"damage_taken":0.0,"cards_upgraded":["Noxious Fumes"]},{"cards_removed":["Strike_G"],"damage_healed":0.0,"max_hp_gain":0.0,"max_hp_loss":0.0,"gold_gain":0.0,"event_name":"Bonfire Elementals","player_choice":"Offered Basic","floor":7.0,"gold_loss":0.0,"damage_taken":0.0},{"damage_healed":0,"gold_gain":0,"player_choice":"Fled","damage_taken":0,"max_hp_gain":0,"max_hp_loss":0,"event_name":"Scrap Ooze","floor":14,"gold_loss":0},{"damage_healed":0,"gold_gain":0,"player_choice":"Simplicity","damage_taken":0,"max_hp_gain":0,"max_hp_loss":0,"event_name":"Back to Basics","floor":19,"gold_loss":0,"cards_upgraded":["Strike_G","Strike_G","Strike_G","Strike_G","Defend_G","Defend_G","Defend_G"]},{"damage_healed":0,"gold_gain":0,"player_choice":"Paid Fearfully","damage_taken":0,"max_hp_gain":0,"max_hp_loss":0,"event_name":"Masked Bandits","floor":25,"gold_loss":63}],"is_beta":false,"boss_relics":[{"not_picked":["Coffee Dripper","Empty Cage"],"picked":"SacredBark"}],"items_purged_floors":[],"is_endless":false,"potions_floor_spawned":[1,8,12,13,16,18,20,22,27,28,29],"killed_by":"Centurion and Healer","ascension_level":3}}