{"host":"49pjgf1q9ev52n8z","time":1608665440,"event":{"mods":["BaseMod","Colored Map","Minty Spire (QoL Compilation)","Relic Stats","StSLib"],"gold_per_floor":[110,123,135,154,167,167,167],"floor_reached":6,"playtime":761,"items_purged":[],"score":74,"play_id":"db4d639a-77e4-4449-98dc-cde73aa212c9","local_time":"20201222113040","is_ascension_mode":true,"campfire_choices":[],"circlet_count":0,"master_deck":["AscendersBane","Strike_G","Strike_G","Strike_G","Strike_G","Defend_G","Defend_G","Defend_G","Defend_G","Survivor","Neutralize","Dagger Spray","Well Laid Plans","Footwork","Sucker Punch","Poisoned Stab"],"relics":["Ring of the Snake"],"acts_visited":["Exordium"],"potions_floor_usage":[5,6,6],"damage_taken":[{"damage":6,"enemies":"Cultist","floor":1,"turns":4},{"damage":4,"enemies":"Small Slimes","floor":2,"turns":4},{"damage":2,"enemies":"Jaw Worm","floor":3,"turns":6},{"damage":13,"enemies":"Exordium Wildlife","floor":4,"turns":5},{"damage":10,"enemies":"Lots of Slimes","floor":5,"turns":3},{"damage":29,"enemies":"3 Sentries","floor":6,"turns":7}],"seed_played":"6961154738800782983","potions_obtained":[{"floor":2,"key":"LiquidMemories"},{"floor":4,"key":"Regen Potion"},{"floor":5,"key":"Energy Potion"}],"is_trial":false,"path_per_floor":["M","M","M","M","M","E"],"character_chosen":"THE_SILENT","items_purchased":[],"campfire_rested":0,"item_purchase_floors":[],"current_hp_per_floor":[38,34,32,19,9,0,0],"gold":167,"neow_bonus":"TRANSFORM_TWO_CARDS","is_daily":false,"chose_seed":false,"campfire_upgraded":0,"win_rate":0.0,"timestamp":1608665440,"path_taken":["M","M","M","M","?","E"],"items_purchased_type":[],"build_version":"2020-12-13","purchased_purges":0,"victory":false,"max_hp_per_floor":[66,66,66,66,66,66,66],"relic_stats":{"counters":[6,29],"obtain_stats":[{"Ring of the Snake":0},{"Ring of the Snake":0},{"Ring of the Snake":0}],"Ring of the Snake":[12]},"card_choices":[{"not_picked":["Dodge and Roll","Bane","Blade Dance"],"picked":"SKIP","floor":1},{"not_picked":["PiercingWail","Dagger Spray","Cloak And Dagger"],"picked":"SKIP","floor":2},{"not_picked":["Deflect","Accuracy"],"picked":"Footwork","floor":3},{"not_picked":["Crippling Poison","Concentrate"],"picked":"Sucker Punch","floor":4},{"not_picked":["Caltrops","Blade Dance"],"picked":"Poisoned Stab","floor":5}],"player_experience":595216,"relics_obtained":[],"event_choices":[],"is_beta":false,"boss_relics":[],"items_purged_floors":[],"is_endless":false,"potions_floor_spawned":[2,4,5],"killed_by":"3 Sentries","ascension_level":17}}