{"host":"qwttrqaysb380yri","time":1608635706,"event":{"mods":["BaseMod","Custom Start","Minty Spire (QoL Compilation)","Permanent Neow","Puzzle Mod","Relic Stats","StSLib","The Cursed","The Hierophant"],"gold_per_floor":[116,135,147,31,42,76,76,87,87,64,64,80,92,118,118,192,192,209,209,119,119,119],"floor_reached":21,"playtime":738,"items_purged":[],"score":367,"play_id":"e9c7dd4d-de3e-4bb7-8bb5-315d8e908cc7","local_time":"20201222121506","is_ascension_mode":true,"campfire_choices":[{"floor":7,"key":"REST"},{"data":"Prepared","floor":11,"key":"SMITH"},{"data":"Discovery","floor":15,"key":"SMITH"}],"circlet_count":0,"master_deck":["AscendersBane","Strike_G","Strike_G","Strike_G","Strike_G","Defend_G","Defend_G","Defend_G","Defend_G","Defend_G","Survivor","Neutralize","Discovery+1","Deflect","Deadly Poison","Blade Dance","Finisher","Slice+1","Choke","Eviscerate","Prepared+1","Dagger Throw","Deflect","Infinite Blades","Phantasmal Killer","Envenom","Blade Dance+1"],"relics":["Ring of the Snake","Akabeko","Eternal Feather","Mercury Hourglass","Philosopher\u0027s Stone","Turnip"],"acts_visited":["Exordium","TheCity"],"potions_floor_usage":[6,14,14],"damage_taken":[{"damage":10,"enemies":"Cultist","floor":1,"turns":5},{"damage":9,"enemies":"Small Slimes","floor":2,"turns":4},{"damage":0,"enemies":"2 Louse","floor":3,"turns":2},{"damage":5,"enemies":"Red Slaver","floor":5,"turns":5},{"damage":26,"enemies":"3 Sentries","floor":6,"turns":6},{"damage":0,"enemies":"Blue Slaver","floor":8,"turns":2},{"damage":0,"enemies":"Exordium Wildlife","floor":12,"turns":2},{"damage":3,"enemies":"Looter","floor":13,"turns":3},{"damage":0,"enemies":"Gremlin Nob","floor":14,"turns":2},{"damage":42,"enemies":"Hexaghost","floor":16,"turns":9},{"damage":17,"enemies":"3 Byrds","floor":18,"turns":4},{"damage":25,"enemies":"Shell Parasite","floor":21,"turns":3}],"seed_played":"-6802572798184785383","potions_obtained":[{"floor":3,"key":"Explosive Potion"},{"floor":6,"key":"SkillPotion"},{"floor":12,"key":"BlessingOfTheForge"}],"is_trial":false,"path_per_floor":["M","M","M","$","M","E","R","M","T","$","R","M","M","E","R","B",null,"M","?","?","M"],"character_chosen":"THE_SILENT","items_purchased":["Finisher","Slice","Dagger Throw"],"campfire_rested":1,"item_purchase_floors":[4,4,10],"current_hp_per_floor":[49,40,40,40,35,9,28,28,28,28,40,40,37,37,52,10,52,35,35,35,10,10],"gold":119,"neow_bonus":"RANDOM_COLORLESS","is_daily":false,"chose_seed":false,"campfire_upgraded":2,"win_rate":0.0,"timestamp":1608635706,"path_taken":["M","M","M","?","M","E","R","M","T","?","R","?","M","E","R","BOSS","M","?","?","?"],"items_purchased_type":["Card","Card","Card"],"build_version":"2020-12-13","purchased_purges":0,"victory":false,"max_hp_per_floor":[66,66,66,66,66,66,66,66,66,66,66,66,66,66,66,66,66,66,66,66,66,66],"relic_stats":{"counters":[12,47],"Eternal Feather":27,"Turnip":[0],"obtain_stats":[{"Eternal Feather":9,"Philosopher\u0027s Stone":17,"Turnip":19,"Akabeko":6,"Ring of the Snake":0,"Mercury Hourglass":14},{"Eternal Feather":6,"Philosopher\u0027s Stone":10,"Turnip":11,"Akabeko":5,"Ring of the Snake":0,"Mercury Hourglass":9},{"Eternal Feather":24,"Philosopher\u0027s Stone":40,"Turnip":44,"Akabeko":22,"Ring of the Snake":0,"Mercury Hourglass":31}],"Ring of the Snake":[24],"Mercury Hourglass":[51]},"card_choices":[{"not_picked":["Dramatic Entrance","Jack Of All Trades"],"picked":"Discovery","floor":0},{"not_picked":["Backflip","Caltrops"],"picked":"Deflect","floor":1},{"not_picked":["Tactician","Backflip"],"picked":"Deadly Poison","floor":2},{"not_picked":["All Out Attack","Flying Knee"],"picked":"Blade Dance","floor":3},{"not_picked":["Flying Knee","Deflect"],"picked":"Choke","floor":5},{"not_picked":["Finisher","Escape Plan"],"picked":"Eviscerate","floor":6},{"not_picked":["Underhanded Strike","Corpse Explosion"],"picked":"Prepared","floor":8},{"not_picked":["Caltrops","Deadly Poison"],"picked":"Deflect","floor":12},{"not_picked":["Poisoned Stab","Skewer"],"picked":"Infinite Blades","floor":13},{"not_picked":["Dagger Throw","Cloak And Dagger"],"picked":"Phantasmal Killer","floor":14},{"not_picked":["Die Die Die","Wraith Form v2"],"picked":"Envenom","floor":16},{"not_picked":["All Out Attack+1","Caltrops+1"],"picked":"Blade Dance+1","floor":18}],"player_experience":1934261,"relics_obtained":[{"floor":6,"key":"Akabeko"},{"floor":9,"key":"Eternal Feather"},{"floor":14,"key":"Mercury Hourglass"}],"event_choices":[{"damage_healed":0,"gold_gain":0,"player_choice":"Opened","damage_taken":0,"relics_obtained":["Turnip"],"max_hp_gain":0,"max_hp_loss":0,"event_name":"The Mausoleum","floor":19,"gold_loss":0},{"cards_removed":["Strike_G"],"damage_healed":0,"gold_gain":0,"player_choice":"Upgrade and Remove","damage_taken":0,"max_hp_gain":0,"max_hp_loss":0,"event_name":"Designer","floor":20,"gold_loss":90,"cards_upgraded":["Slice"]}],"is_beta":false,"boss_relics":[{"not_picked":["Busted Crown","Ectoplasm"],"picked":"Philosopher\u0027s Stone"}],"items_purged_floors":[],"is_endless":false,"potions_floor_spawned":[3,6,12,13],"killed_by":"Shell Parasite","ascension_level":14}}