{"host":"363c1o4m0ew2jbar","time":1608680465,"event":{"mods":["AchievementEnabler","BaseMod","Better Note","Downfall","Hubris","Minty Spire (QoL Compilation)","StSLib"],"gold_per_floor":[99,117,117,129,129,129,154,166,195,207,239,264,276,305,335,449,461,473,496,508,536,633,645,681,618,480,509,521,521,521],"floor_reached":28,"playtime":1031,"items_purged":[],"score":210,"play_id":"851e8332-8d0e-4a67-8487-452a0fb2978b","local_time":"20201222134105","is_ascension_mode":false,"campfire_choices":[{"data":"Slimebound:Split","floor":1,"key":"SMITH"},{"data":"Slimebound:Overexert","floor":6,"key":"SMITH"},{"data":"Slimebound:CorrosiveSpit","floor":8,"key":"SMITH"},{"data":"Slimebound:Gluttony","floor":10,"key":"SMITH"},{"data":"Slimebound:RallyTheTroops","floor":18,"key":"SMITH"},{"data":"Slimebound:Nibble","floor":23,"key":"SMITH"},{"data":"Panache","floor":25,"key":"SMITH"}],"circlet_count":0,"master_deck":["Slimebound:Strike_Slimebound","Slimebound:Strike_Slimebound","Slimebound:Strike_Slimebound","Slimebound:Tackle","Slimebound:Defend_Slimebound","Slimebound:Defend_Slimebound","Slimebound:Defend_Slimebound","Slimebound:Defend_Slimebound","Slimebound:Split+1","Slimebound:CorrosiveSpit+1","Slimebound:Gluttony+1","Slimebound:LivingWall","Slimebound:Overexert+1","Slimebound:Nibble+1","Panache+1","Slimebound:SlimeSpikes","Slimebound:AcidTongue","Slimebound:RallyTheTroops+1","Ghostly","Slimebound:GrowthPunch"],"relics":["Slimebound:AbsorbEndCombat","downfall:ShatteredFragment","MawBank","hubris:ScarierMask","downfall:HeartBlessingBlue"],"acts_visited":["Exordium","TheCity"],"potions_floor_usage":[16,19],"damage_taken":[{"damage":10,"enemies":"2 Louse","floor":2,"turns":3},{"damage":13,"enemies":"Small Slimes","floor":4,"turns":3},{"damage":8,"enemies":"Cultist","floor":9,"turns":3},{"damage":8,"enemies":"2 Fungi Beasts","floor":11,"turns":3},{"damage":18,"enemies":"Gremlin Gang","floor":12,"turns":4},{"damage":15,"enemies":"Blue Slaver","floor":14,"turns":3},{"damage":11,"enemies":"Red Slaver","floor":15,"turns":2},{"damage":38,"enemies":"downfall:Ironclad","floor":16,"turns":8},{"damage":11,"enemies":"3 Byrds","floor":19,"turns":4},{"damage":12,"enemies":"Shell Parasite","floor":21,"turns":3},{"damage":29,"enemies":"Cultist and Chosen","floor":27,"turns":4},{"damage":69,"enemies":"Gremlin Leader","floor":28,"turns":5}],"seed_played":"-6671202133131153226","potions_obtained":[{"floor":9,"key":"SpeedPotion"},{"floor":11,"key":"Ancient Potion"},{"floor":12,"key":"AttackPotion"},{"floor":19,"key":"FearPotion"}],"is_trial":false,"path_per_floor":["R","M","?","M","?","R","T","R","M","R","M","M","?","M","M","B",null,"R","M","?","M","?","R","T","R","?","M","E"],"character_chosen":"SLIMEBOUND","items_purchased":[],"campfire_rested":0,"item_purchase_floors":[],"current_hp_per_floor":[54,54,36,35,35,35,35,35,37,37,43,41,41,40,41,33,54,54,54,54,53,41,41,41,51,51,46,0,0,0],"gold":521,"neow_bonus":"RANDOM_COLORLESS_2","is_daily":false,"chose_seed":false,"campfire_upgraded":7,"win_rate":0.0,"timestamp":1608680465,"path_taken":["R","M","?","M","?","R","T","R","M","R","?","M","?","M","M","BOSS","R","M","?","?","?","R","T","R","?","M","E"],"items_purchased_type":[],"build_version":"2020-12-13","purchased_purges":0,"victory":false,"max_hp_per_floor":[54,54,54,54,54,54,54,54,54,54,54,54,54,54,54,54,54,54,54,54,54,54,54,54,64,64,64,64,64,64],"card_choices":[{"not_picked":["Thinking Ahead","Master of Strategy"],"picked":"Violence","floor":0},{"not_picked":["Slimebound:GrowthPunch","Slimebound:PressTheAttack"],"picked":"Slimebound:Gluttony","floor":2},{"not_picked":["Slimebound:LeadByExample","Slimebound:FinishingTackle"],"picked":"Slimebound:LivingWall","floor":4},{"not_picked":["Slimebound:GoopTackle","Slimebound:SamplingLick","Slimebound:BestDefense"],"picked":"SKIP","floor":9},{"not_picked":["Slimebound:HungryTackle","Slimebound:SamplingLick","Slimebound:Dissolve"],"picked":"SKIP","floor":11},{"not_picked":["Slimebound:Grow","Slimebound:Schlurp"],"picked":"Slimebound:Nibble","floor":12},{"not_picked":["Slimebound:AcidTongue","Slimebound:LivingWall"],"picked":"Slimebound:SlimeSpikes","floor":14},{"not_picked":["Slimebound:Gluttony","Slimebound:Replication"],"picked":"Slimebound:AcidTongue","floor":15},{"not_picked":["Slimebound:SelfFormingGoo","Slimebound:DuplicatedForm"],"picked":"Slimebound:RallyTheTroops","floor":16},{"not_picked":["Slimebound:Schlurp","Slimebound:RollThrough","Slimebound:LeechingTouch"],"picked":"SKIP","floor":19},{"not_picked":["Slimebound:ComboTackle","Slimebound:SplitBruiser","Slimebound:PressTheAttack+1"],"picked":"SKIP","floor":21},{"not_picked":["Slimebound:SplitAcid","Slimebound:FlameTackle"],"picked":"Slimebound:GrowthPunch","floor":27}],"player_experience":1139255,"relics_obtained":[{"floor":7,"key":"MawBank"}],"event_choices":[{"damage_healed":0,"gold_gain":0,"cards_transformed":["Violence"],"player_choice":"Change","damage_taken":0,"max_hp_gain":0,"max_hp_loss":0,"event_name":"Living Wall","floor":13,"gold_loss":0,"cards_obtained":["Panache"]},{"cards_removed":["Slimebound:Tackle"],"damage_healed":0,"gold_gain":0,"player_choice":"Give","damage_taken":0,"max_hp_gain":0,"max_hp_loss":0,"event_name":"betterNote:BetterNote","floor":20,"gold_loss":0,"cards_obtained":["hexamod:Strike"]}],"is_beta":false,"boss_relics":[{"not_picked":["Cursed Key","Empty Cage"],"picked":"hubris:ScarierMask"}],"items_purged_floors":[],"is_endless":false,"potions_floor_spawned":[9,11,12,14,19],"killed_by":"Gremlin Leader","ascension_level":0}}