{"host":"sz8c8ni79nvzjmmg","time":1608631413,"event":{"mods":["AchievementEnabler","BaseMod","DeckTracker","Keyboard Shortcuts","Minty Spire (QoL Compilation)","SuperFastMode"],"gold_per_floor":[19,19,30,46,46,46,60,60,84,112,129,143,56,71,71,145,145,159,179,195,210,210,210],"floor_reached":22,"playtime":891,"items_purged":["Strike_G"],"score":484,"play_id":"b504bad8-b209-4ea7-9da9-ac6cb9630487","local_time":"20201222190333","is_ascension_mode":true,"campfire_choices":[{"data":"Cloak And Dagger","floor":6.0,"key":"SMITH"},{"data":"Blade Dance","floor":8.0,"key":"SMITH"},{"data":"Wraith Form v2","floor":15.0,"key":"SMITH"}],"circlet_count":0,"master_deck":["AscendersBane","Defend_G","Defend_G","Defend_G","Survivor","Neutralize","Poisoned Stab","Storm of Steel+1","Cloak And Dagger+1","Masterful Stab","Doppelganger","Blade Dance+1","Footwork","Acrobatics","Wraith Form v2+1","Escape Plan","After Image","Catalyst+1","Deadly Poison+1","Dash+1"],"relics":["Ring of the Snake","Smiling Mask","Bag of Preparation","Astrolabe"],"acts_visited":["Exordium","TheCity"],"potions_floor_usage":[],"damage_taken":[{"damage":0.0,"enemies":"Jaw Worm","floor":1.0,"turns":3.0},{"damage":0.0,"enemies":"Cultist","floor":3.0,"turns":3.0},{"damage":0.0,"enemies":"2 Louse","floor":4.0,"turns":3.0},{"damage":24.0,"enemies":"Gremlin Gang","floor":7.0,"turns":5.0},{"damage":5.0,"enemies":"3 Sentries","floor":10.0,"turns":7.0},{"damage":0.0,"enemies":"3 Louse","floor":11.0,"turns":3.0},{"damage":0.0,"enemies":"Red Slaver","floor":12.0,"turns":2.0},{"damage":0.0,"enemies":"Blue Slaver","floor":14.0,"turns":2.0},{"damage":0.0,"enemies":"Slime Boss","floor":16.0,"turns":9.0},{"damage":15,"enemies":"Chosen","floor":18,"turns":4},{"damage":13,"enemies":"Shell Parasite","floor":19,"turns":4},{"damage":17,"enemies":"Chosen and Byrds","floor":20,"turns":9},{"damage":5,"enemies":"Centurion and Healer","floor":21,"turns":7},{"damage":5,"enemies":"Snake Plant","floor":22,"turns":1}],"seed_played":"1049880597198735872","potions_obtained":[{"floor":3.0,"key":"LiquidBronze"},{"floor":7.0,"key":"ColorlessPotion"},{"floor":12.0,"key":"CunningPotion"},{"floor":16.0,"key":"CultistPotion"},{"floor":19,"key":"DuplicationPotion"}],"is_trial":false,"path_per_floor":["M","?","M","M","?","R","M","R","T","E","M","M","$","M","R","B",null,"M","M","M","M","M"],"character_chosen":"THE_SILENT","items_purchased":["Escape Plan"],"campfire_rested":0,"item_purchase_floors":[13],"current_hp_per_floor":[59,59,59,59,59,59,35,35,35,30,30,30,30,30,30,30,57,42,29,12,7,2,2],"gold":210,"neow_bonus":"TRANSFORM_TWO_CARDS","is_daily":false,"chose_seed":false,"campfire_upgraded":3,"win_rate":0.0,"timestamp":1608631413,"path_taken":["M","?","?","M","?","R","M","R","T","E","M","M","$","M","R","BOSS","M","M","?","M","M"],"items_purchased_type":["Card"],"build_version":"2020-12-13","purchased_purges":1,"victory":false,"max_hp_per_floor":[66,66,66,66,66,66,66,66,66,66,66,66,66,66,66,66,66,66,66,66,66,66,66],"card_choices":[{"not_picked":["Backflip","Blur"],"picked":"Cloak And Dagger","floor":1.0},{"not_picked":["Prepared","Flying Knee"],"picked":"Masterful Stab","floor":3.0},{"not_picked":["Flechettes","Prepared","PiercingWail"],"picked":"SKIP","floor":4.0},{"not_picked":["Flechettes","Prepared","PiercingWail"],"picked":"SKIP","floor":4.0},{"not_picked":["Leg Sweep","Acrobatics"],"picked":"Blade Dance","floor":7.0},{"not_picked":["Dodge and Roll","Deadly Poison"],"picked":"Footwork","floor":10.0},{"not_picked":["Backstab","Deflect"],"picked":"Acrobatics","floor":11.0},{"not_picked":["Poisoned Stab","Cloak And Dagger"],"picked":"Wraith Form v2","floor":12.0},{"not_picked":["Dash","Underhanded Strike","PiercingWail"],"picked":"SKIP","floor":14.0},{"not_picked":["Die Die Die","Bullet Time"],"picked":"After Image","floor":16.0},{"not_picked":["Sucker Punch","Cloak And Dagger","Footwork"],"picked":"SKIP","floor":18},{"not_picked":["Crippling Poison+1","Dagger Spray","PiercingWail"],"picked":"SKIP","floor":19},{"not_picked":["Backflip","Predator","Deflect+1"],"picked":"SKIP","floor":20},{"not_picked":["Cloak And Dagger","Deadly Poison","Deflect"],"picked":"SKIP","floor":21}],"player_experience":1209217,"relics_obtained":[{"floor":9.0,"key":"Smiling Mask"},{"floor":10.0,"key":"Bag of Preparation"}],"event_choices":[{"damage_healed":0.0,"max_hp_gain":0.0,"max_hp_loss":0.0,"gold_gain":0.0,"event_name":"Accursed Blacksmith","player_choice":"Forge","floor":2.0,"gold_loss":0.0,"damage_taken":0.0,"cards_upgraded":["Storm of Steel"]},{"damage_healed":0.0,"max_hp_gain":0.0,"max_hp_loss":0.0,"gold_gain":0.0,"cards_transformed":["Strike_G"],"event_name":"Transmorgrifier","player_choice":"Transformed","floor":5.0,"gold_loss":0.0,"damage_taken":0.0,"cards_obtained":["Doppelganger"]}],"is_beta":false,"boss_relics":[{"not_picked":["Black Star","Philosopher\u0027s Stone"],"picked":"Astrolabe"}],"items_purged_floors":[13],"is_endless":false,"potions_floor_spawned":[3,7,10,11,12,16,19],"killed_by":"Snake Plant","ascension_level":20}}