{"host":"n23juj4d9qam5hh1","time":1608649274,"event":{"mods":["BaseMod","Better Note","BetterRewards","Infinite Spire","Minty Spire (QoL Compilation)","Relic Stats","StSLib"],"gold_per_floor":[109,121,43,43,58,58,85,85,134,169,169,185,203,264,264,368,368,381,381,393,308,318,318,333,333,333,333,333,348,361,361,361,459,459,471,526,194,205,219,219,219,219],"floor_reached":41,"playtime":1929,"items_purged":["Strike_R"],"score":468,"play_id":"652595f8-d9cc-4acf-baed-337557019d01","local_time":"20201222100114","is_ascension_mode":true,"campfire_choices":[{"data":"Inflame","floor":6,"key":"SMITH"},{"floor":8,"key":"REST"},{"data":"Blood for Blood","floor":11,"key":"SMITH"},{"floor":15,"key":"REST"},{"data":"Limit Break","floor":23,"key":"SMITH"},{"data":"Whirlwind","floor":25,"key":"SMITH"},{"data":"Feed","floor":27,"key":"SMITH"},{"data":"Bash","floor":32,"key":"SMITH"},{"data":"Reaper","floor":40,"key":"SMITH"}],"circlet_count":0,"master_deck":["Strike_R","Strike_R","Strike_R","Defend_R","Defend_R","Defend_R","Defend_R","Bash+1","Blood for Blood+1","Disarm","Inflame+1","Ghostly Armor","Limit Break+1","Reaper+1","infinitespire:Oblivion+1","Pommel Strike+1","Whirlwind+1","Feed+1","Sword Boomerang+1","Power Through+1","Impervious","Metallicize+1"],"relics":["Black Blood","Boot","Blood Vial","Bird Faced Urn","Mark of Pain","Lantern","Ginger","Dead Branch","Philosopher\u0027s Stone","FossilizedHelix","HornCleat"],"acts_visited":["Exordium","TheCity","TheBeyond"],"potions_floor_usage":[10,18,18,20,20,22,30,36,41],"damage_taken":[{"damage":15,"enemies":"Cultist","floor":1,"turns":5},{"damage":7,"enemies":"Jaw Worm","floor":2,"turns":4},{"damage":7,"enemies":"2 Louse","floor":5,"turns":5},{"damage":34,"enemies":"Gremlin Nob","floor":7,"turns":5},{"damage":15,"enemies":"Lagavulin","floor":10,"turns":8},{"damage":21,"enemies":"2 Fungi Beasts","floor":12,"turns":3},{"damage":31,"enemies":"Exordium Thugs","floor":13,"turns":7},{"damage":9,"enemies":"The Guardian","floor":16,"turns":11},{"damage":22,"enemies":"Chosen","floor":18,"turns":7},{"damage":6,"enemies":"Spheric Guardian","floor":20,"turns":6},{"damage":27,"enemies":"Snake Plant","floor":22,"turns":5},{"damage":29,"enemies":"Chosen and Byrds","floor":24,"turns":5},{"damage":16,"enemies":"Centurion and Healer","floor":29,"turns":3},{"damage":31,"enemies":"Cultist and Chosen","floor":30,"turns":5},{"damage":51,"enemies":"Champ","floor":33,"turns":8},{"damage":13,"enemies":"Orb Walker","floor":35,"turns":4},{"damage":62,"enemies":"2 Orb Walkers","floor":36,"turns":6},{"damage":0,"enemies":"3 Darklings","floor":38,"turns":3},{"damage":0,"enemies":"Spire Growth","floor":39,"turns":3},{"damage":11,"enemies":"infinitespire:Three Voidlings","floor":41,"turns":4},{"damage":106,"enemies":"Nightmare_Alpha","floor":41,"turns":9}],"seed_played":"1632457987166786511","potions_obtained":[{"floor":2,"key":"DistilledChaos"},{"floor":10,"key":"Block Potion"},{"floor":12,"key":"SkillPotion"},{"floor":13,"key":"EssenceOfSteel"},{"floor":18,"key":"HeartOfIron"},{"floor":20,"key":"ColorlessPotion"},{"floor":29,"key":"ColorlessPotion"},{"floor":30,"key":"LiquidMemories"},{"floor":35,"key":"Dexterity Potion"},{"floor":36,"key":"LiquidBronze"}],"is_trial":false,"path_per_floor":["M","M","$","?","M","R","E","R","T","E","R","M","M","?","R","B",null,"M","AVR","M","?","M","R","M","R","T","R","?","M","M","?","R","B",null,"M","?","$","M","M","R","?"],"character_chosen":"IRONCLAD","items_purchased":["Inflame","HornCleat"],"campfire_rested":2,"item_purchase_floors":[3,37],"current_hp_per_floor":[79,78,78,78,77,77,49,75,75,68,68,57,36,36,62,63,88,78,78,88,88,75,75,68,68,68,68,68,82,71,71,71,52,92,95,52,52,68,88,88,0,0],"gold":219,"neow_bonus":"TEN_PERCENT_HP_BONUS","is_daily":false,"chose_seed":false,"campfire_upgraded":7,"win_rate":0.0,"timestamp":1608649274,"path_taken":["M","M","$","?","M","R","E","R","T","E","R","?","M","?","R","BOSS","M","AVR","M","?","M","R","M","R","T","R","?","M","?","?","R","BOSS","M","?","$","M","M","R","?"],"items_purchased_type":["Card","Relic"],"build_version":"2020-12-13","purchased_purges":1,"victory":false,"max_hp_per_floor":[88,88,88,88,88,88,88,88,88,88,88,88,88,88,88,88,88,88,88,88,88,88,88,88,88,88,88,88,88,92,92,92,92,92,96,100,100,100,104,104,104,104],"relic_stats":{"Blood Vial":25,"counters":[21,116],"Bird Faced Urn":[26],"Dead Branch":[10],"Black Blood":192,"Ginger":[2],"Boot":[39],"obtain_stats":[{"Blood Vial":9,"Lantern":21,"HornCleat":37,"Bird Faced Urn":10,"Dead Branch":31,"Black Blood":17,"Philosopher\u0027s Stone":34,"Mark of Pain":19,"Ginger":26,"Boot":7,"Burning Blood":0,"FossilizedHelix":36},{"Blood Vial":4,"Lantern":10,"HornCleat":17,"Bird Faced Urn":5,"Dead Branch":14,"Black Blood":8,"Philosopher\u0027s Stone":15,"Mark of Pain":9,"Ginger":12,"Boot":4,"Burning Blood":0,"FossilizedHelix":17},{"Blood Vial":19,"Lantern":61,"HornCleat":97,"Bird Faced Urn":27,"Dead Branch":79,"Black Blood":48,"Philosopher\u0027s Stone":87,"Mark of Pain":55,"Ginger":71,"Boot":19,"Burning Blood":0,"FossilizedHelix":97}]},"card_choices":[{"not_picked":["Infernal Blade","Flex"],"picked":"Blood for Blood","floor":1},{"not_picked":["Anger","Wild Strike"],"picked":"Disarm","floor":2},{"not_picked":["Clash","Armaments","Combust"],"picked":"SKIP","floor":5},{"not_picked":["Flex","Evolve","Blood for Blood"],"picked":"SKIP","floor":7},{"not_picked":["Evolve","Havoc"],"picked":"Ghostly Armor","floor":10},{"not_picked":["Clash","Havoc","Body Slam"],"picked":"SKIP","floor":12},{"not_picked":["Power Through","Cleave"],"picked":"Limit Break","floor":13},{"not_picked":["Fiend Fire","Brutality"],"picked":"Reaper","floor":16},{"not_picked":["Iron Wave","Dark Embrace","Perfected Strike"],"picked":"SKIP","floor":18},{"not_picked":["Clothesline+1","Twin Strike"],"picked":"Pommel Strike+1","floor":20},{"not_picked":["Uppercut","Carnage"],"picked":"Whirlwind","floor":22},{"not_picked":["Wild Strike","Clothesline+1"],"picked":"Feed","floor":24},{"not_picked":["Heavy Blade","Havoc"],"picked":"Sword Boomerang+1","floor":29},{"not_picked":["Clothesline","Rage"],"picked":"Power Through+1","floor":30},{"not_picked":["Berserk","Feed"],"picked":"Impervious","floor":33},{"not_picked":["Iron Wave+1","Wild Strike+1","Combust"],"picked":"SKIP","floor":35},{"not_picked":["Pummel","Warcry+1","Second Wind+1"],"picked":"SKIP","floor":38},{"not_picked":["Warcry+1","Sever Soul"],"picked":"Metallicize+1","floor":39}],"player_experience":191471,"relics_obtained":[{"floor":7,"key":"Boot"},{"floor":9,"key":"Blood Vial"},{"floor":10,"key":"Bird Faced Urn"},{"floor":26,"key":"Ginger"},{"floor":36,"key":"FossilizedHelix"}],"event_choices":[{"cards_removed":["Strike_R"],"damage_healed":0,"gold_gain":0,"player_choice":"Card Removal","damage_taken":0,"max_hp_gain":0,"max_hp_loss":0,"event_name":"Wheel of Change","floor":4,"gold_loss":0},{"damage_healed":0,"gold_gain":61,"player_choice":"Gained Gold","damage_taken":0,"max_hp_gain":0,"max_hp_loss":0,"event_name":"Golden Wing","floor":14,"gold_loss":0},{"damage_healed":0,"gold_gain":0,"player_choice":"Obtained Relic","damage_taken":0,"relics_obtained":["Lantern"],"max_hp_gain":0,"max_hp_loss":0,"event_name":"Addict","floor":21,"gold_loss":85},{"damage_healed":0,"gold_gain":0,"player_choice":"Upgraded","damage_taken":0,"max_hp_gain":0,"max_hp_loss":0,"event_name":"Upgrade Shrine","floor":28,"gold_loss":0,"cards_upgraded":["infinitespire:Oblivion"]},{"damage_healed":0,"gold_gain":0,"player_choice":"Opened","damage_taken":0,"relics_obtained":["Dead Branch"],"max_hp_gain":0,"max_hp_loss":0,"event_name":"The Mausoleum","floor":31,"gold_loss":0},{"damage_healed":0,"gold_gain":0,"player_choice":"Fight","damage_taken":0,"max_hp_gain":0,"max_hp_loss":0,"event_name":"Mysterious Sphere","floor":36,"gold_loss":0}],"is_beta":false,"boss_relics":[{"not_picked":["Snecko Eye","Runic Pyramid"],"picked":"Black Blood"},{"not_picked":["Coffee Dripper","Velvet Choker"],"picked":"Philosopher\u0027s Stone"}],"items_purged_floors":[37],"is_endless":false,"potions_floor_spawned":[2,10,12,13,18,20,29,30,35,36,41],"killed_by":"Nightmare_Alpha","ascension_level":2}}