{"host":"5ft7yn6ogyq2ib7i","time":1608632627,"event":{"mods":["Act Like it!","BaseMod","Conspire","Defuse TimeMaze Blight","Gensokyo","Hubris","Minty Spire (QoL Compilation)","Replay The Spire","StSLib","The Gatherer","The Jungle"],"gold_per_floor":[114,134,151,151,121,150,150,150,150,162,175,186,186,206,206,302,302,316,377,264,277,290,290,290,316,369,369,379,392,392,408,408,408,408,408],"floor_reached":33,"playtime":2230,"items_purged":["Gatherer:Strike_Gatherer"],"score":271,"play_id":"fe0650bb-ea7e-435a-8034-dc05e294c67d","local_time":"20201222112347","is_ascension_mode":false,"metric_token":721,"campfire_choices":[{"data":"Gatherer:Centralize","floor":7,"key":"SMITH"},{"data":"Gatherer:LuckyClover","floor":13,"key":"SMITH"},{"data":"Gatherer:EnergyBasket","floor":15,"key":"SMITH"},{"data":"Gatherer:RecoveryHerb","floor":23,"key":"SMITH"},{"data":"Gatherer:BalancedGrowth","floor":27,"key":"SMITH"},{"data":"Gatherer:BlackTea","floor":32,"key":"SMITH"}],"circlet_count":0,"master_deck":["Gatherer:Strike_Gatherer","Gatherer:Strike_Gatherer","Gatherer:Strike_Gatherer","Gatherer:Strike_Gatherer","Gatherer:Defend_Gatherer","Gatherer:Defend_Gatherer","Gatherer:Defend_Gatherer","Gatherer:Defend_Gatherer","Gatherer:Defend_Gatherer","Gatherer:Centralize+1","Gatherer:FlowerWhip","Gatherer:BlackTea+1","Gatherer:AcidicSpray","Gatherer:CursedBlade+1","Gatherer:MiningStrike","Gatherer:Duality","Gatherer:FlowerWhip","Gatherer:EnergyBasket+1","Gatherer:LuckyClover+1","Gatherer:Solidify","Pot Of Greed","Pot Of Greed","Gatherer:RecoveryHerb+1","Gatherer:BalancedGrowth+1"],"relics":["Gatherer:AlchemyBag","Orichalcum","Meat on the Bone","conspire:SpecialSausage","Grinning Jar","Unceasing Top","Replay:Rubber Ducky"],"acts_visited":["Exordium","Exordium"],"potions_floor_usage":[14,21,22,33,33],"damage_taken":[{"damage":0,"enemies":"Small Slimes","floor":1,"turns":3},{"damage":2,"enemies":"conspire:RoseBush","floor":2,"turns":2},{"damage":0,"enemies":"Cultist","floor":3,"turns":2},{"damage":13,"enemies":"3 Sentries","floor":6,"turns":4},{"damage":2,"enemies":"conspire:2 RoseBushes","floor":10,"turns":4},{"damage":0,"enemies":"Looter","floor":11,"turns":2},{"damage":0,"enemies":"Gremlin Gang","floor":12,"turns":3},{"damage":1,"enemies":"conspire:2 RoseBushes","floor":14,"turns":4},{"damage":10,"enemies":"Hexaghost","floor":16,"turns":7},{"damage":0,"enemies":"theJungle:MUSHROOMGANG","floor":18,"turns":4},{"damage":0,"enemies":"theJungle:Flameango_and_Byrd","floor":21,"turns":7},{"damage":8,"enemies":"theJungle:JungleHuntersEncounter","floor":22,"turns":6},{"damage":40,"enemies":"theJungle:2_Phrogs","floor":25,"turns":8},{"damage":12,"enemies":"theJungle:Lyon","floor":28,"turns":4},{"damage":0,"enemies":"theJungle:SlimyTreeVines","floor":29,"turns":8},{"damage":37,"enemies":"theJungle:2_Snecko_Cultists","floor":31,"turns":5},{"damage":28,"enemies":"theJungle:TotemBoss","floor":33,"turns":4}],"seed_played":"-3068767866168736358","potions_obtained":[{"floor":2,"key":"GhostInAJar"},{"floor":6,"key":"AttackPotion"},{"floor":12,"key":"Block Potion"},{"floor":14,"key":"Death Potion"},{"floor":18,"key":"Swift Potion"},{"floor":19,"key":"PowerPotion"},{"floor":19,"key":"Regen Potion"},{"floor":29,"key":"Toxic Potion"}],"is_trial":false,"path_per_floor":["M","M","M","?","?","E","R","?","T","M","M","M","R","M","R","B",null,"M","?","$","M","M","R","?","E","T","R","M","M","?","M","R","B"],"character_chosen":"THE_GATHERER","items_purchased":["Gatherer:RecoveryHerb"],"campfire_rested":0,"item_purchase_floors":[20],"current_hp_per_floor":[72,70,70,63,63,50,50,50,50,48,48,48,48,47,47,37,72,72,44,44,61,55,55,55,29,29,29,34,44,44,22,22,0,0,0],"gold":408,"neow_bonus":"ONE_RANDOM_RARE_CARD","is_daily":false,"chose_seed":false,"campfire_upgraded":6,"win_rate":0.0,"timestamp":1608632627,"path_taken":["M","M","M","?","?","E","R","?","T","M","?","M","R","M","R","BOSS","M","?","$","M","?","R","?","E","T","R","M","M","?","M","R","BOSS"],"items_purchased_type":["Card"],"build_version":"2020-12-13","purchased_purges":1,"victory":false,"max_hp_per_floor":[72,72,72,72,72,72,72,72,72,72,72,72,72,72,72,72,72,72,72,72,72,72,72,72,72,72,72,72,72,72,72,72,72,72,72],"card_choices":[{"not_picked":["Gatherer:PotentialSlash","Gatherer:Snatch"],"picked":"Gatherer:AcidicSpray","floor":1},{"not_picked":["Gatherer:CarefulStrike","Gatherer:Convert"],"picked":"Gatherer:CursedBlade","floor":2},{"not_picked":["Gatherer:TacticalStrike","Gatherer:RottenStipe"],"picked":"Gatherer:MiningStrike","floor":3},{"not_picked":["Gatherer:CollectorsShot","Gatherer:CursedBlade"],"picked":"Gatherer:Duality","floor":6},{"not_picked":["Gatherer:EchoOfNature","Gatherer:ScherryThrow"],"picked":"Gatherer:EnergyBasket","floor":10},{"not_picked":["Gatherer:Convert","Gatherer:PotentialSlash"],"picked":"Gatherer:LuckyClover","floor":11},{"not_picked":["Gatherer:CollectorsShot","Gatherer:FlowerFalling","Gatherer:GatherMaterial"],"picked":"SKIP","floor":12},{"not_picked":["Gatherer:TreeGrowth","Gatherer:PotentialSlash"],"picked":"Gatherer:Solidify","floor":14},{"not_picked":["Gatherer:Solidify","Gatherer:TacticalStrike","Gatherer:WoolGloves"],"picked":"SKIP","floor":18},{"not_picked":["Gatherer:CollectorsShot","Gatherer:Snatch","Gatherer:BambuSword+1"],"picked":"SKIP","floor":21},{"not_picked":["Gatherer:Frenzy","Gatherer:FlowerFalling","Gatherer:FlowerBeam"],"picked":"SKIP","floor":22},{"not_picked":["Gatherer:CollectorsShot","Gatherer:ScrollOfPurity"],"picked":"Gatherer:BalancedGrowth","floor":25},{"not_picked":["Gatherer:FragileHammer","Gatherer:AcidicSpray","Gatherer:FlowerFalling+1"],"picked":"SKIP","floor":28},{"not_picked":["Gatherer:EnergyBasket","Gatherer:WoolGloves+1","Gatherer:ScherryThrow+1"],"picked":"SKIP","floor":29},{"not_picked":["Gatherer:Duplicator","Gatherer:Convert","Gatherer:DrugPower"],"picked":"SKIP","floor":31}],"player_experience":248223,"relics_obtained":[{"floor":6,"key":"Orichalcum"},{"floor":9,"key":"Meat on the Bone"},{"floor":19,"key":"Grinning Jar"},{"floor":25,"key":"Unceasing Top"},{"floor":26,"key":"Replay:Rubber Ducky"}],"event_choices":[{"cards_removed":["Normality"],"damage_healed":0,"gold_gain":0,"player_choice":"Card Removal","damage_taken":7,"max_hp_gain":0,"max_hp_loss":0,"event_name":"Golden Wing","floor":4,"gold_loss":0},{"damage_healed":0,"gold_gain":0,"player_choice":"Left Gold","damage_taken":0,"max_hp_gain":0,"max_hp_loss":0,"event_name":"World of Goop","floor":5,"gold_loss":30},{"damage_healed":0,"gold_gain":0,"player_choice":"1 cards matched","damage_taken":0,"max_hp_gain":0,"max_hp_loss":0,"event_name":"Match and Keep!","floor":8,"gold_loss":0,"cards_obtained":["Gatherer:FlowerWhip"]},{"damage_healed":0,"gold_gain":0,"player_choice":"Leave","damage_taken":0,"max_hp_gain":0,"max_hp_loss":0,"event_name":"conspire:Investor","floor":24,"gold_loss":0},{"damage_healed":0,"gold_gain":0,"player_choice":"Forge","damage_taken":0,"max_hp_gain":0,"max_hp_loss":0,"event_name":"Accursed Blacksmith","floor":30,"gold_loss":0,"cards_upgraded":["Gatherer:CursedBlade"]}],"is_beta":false,"boss_relics":[{"not_picked":["hubris:CrackedHourglass","Sozu"],"picked":"conspire:SpecialSausage"}],"items_purged_floors":[20],"is_endless":false,"potions_floor_spawned":[2,6,12,14,18,29],"killed_by":"theJungle:TotemBoss","ascension_level":0}}