{"host":"bg8va46pgqgvtzim","time":1608642809,"event":{"mods":["BaseMod","Minty Spire (QoL Compilation)","Quick Restart","StSLib","SuperFastMode"],"gold_per_floor":[109,120,135,151,151,151,101,136,181,206,224,244,244,255,255,354,354,372,372,382,176,189,217,217,244,290,290,290],"floor_reached":27,"playtime":447,"items_purged":["Strike_P"],"score":305,"play_id":"7e00ceec-da11-4c1a-a630-2cbe2933254f","local_time":"20201222211329","is_ascension_mode":true,"campfire_choices":[{"data":"Eruption","floor":6.0,"key":"SMITH"},{"data":"Collect","floor":13.0,"key":"SMITH"},{"data":"Consecrate","floor":15.0,"key":"SMITH"},{"data":"Meditate","floor":24.0,"key":"SMITH"}],"circlet_count":1,"master_deck":["Strike_P","Strike_P","Defend_P","Defend_P+1","Defend_P","Eruption+1","Vigilance","MasterReality","EmptyMind","Consecrate+1","WheelKick","BattleHymn","Vault+1","Meditate+1","Crescendo","Collect+1","DevaForm","LessonLearned"],"relics":["PureWater","Circlet","White Beast Statue","War Paint","Smiling Mask","Art of War","Coffee Dripper","Medical Kit","HornCleat","Potion Belt","Centennial Puzzle"],"acts_visited":["Exordium","TheCity"],"potions_floor_usage":[27],"damage_taken":[{"damage":0.0,"enemies":"Small Slimes","floor":1.0,"turns":4.0},{"damage":1.0,"enemies":"Cultist","floor":2.0,"turns":3.0},{"damage":9.0,"enemies":"2 Louse","floor":3.0,"turns":2.0},{"damage":0.0,"enemies":"Red Slaver","floor":4.0,"turns":2.0},{"damage":0.0,"enemies":"Lagavulin","floor":8.0,"turns":4.0},{"damage":11.0,"enemies":"3 Sentries","floor":10.0,"turns":5.0},{"damage":0.0,"enemies":"2 Fungi Beasts","floor":11.0,"turns":3.0},{"damage":1.0,"enemies":"Gremlin Gang","floor":12.0,"turns":3.0},{"damage":3.0,"enemies":"Large Slime","floor":14.0,"turns":3.0},{"damage":30.0,"enemies":"Slime Boss","floor":16.0,"turns":5.0},{"damage":0.0,"enemies":"Spheric Guardian","floor":18.0,"turns":2.0},{"damage":0.0,"enemies":"Chosen","floor":20.0,"turns":4.0},{"damage":15.0,"enemies":"Centurion and Healer","floor":22.0,"turns":4.0},{"damage":21.0,"enemies":"Slavers","floor":23.0,"turns":3.0},{"damage":5.0,"enemies":"Book of Stabbing","floor":25.0,"turns":4.0},{"damage":36,"enemies":"Gremlin Leader","floor":27,"turns":3}],"seed_played":"-6692418504768695497","potions_obtained":[{"floor":4.0,"key":"FearPotion"},{"floor":8.0,"key":"StancePotion"},{"floor":10.0,"key":"Block Potion"},{"floor":18.0,"key":"BottledMiracle"},{"floor":23.0,"key":"FearPotion"},{"floor":25.0,"key":"BottledMiracle"}],"is_trial":false,"path_per_floor":["M","M","M","M","?","R","?","E","T","E","M","M","R","M","R","B",null,"M","?","M","$","M","E","R","E","T","E"],"character_chosen":"WATCHER","items_purchased":["Medical Kit"],"campfire_rested":0,"item_purchase_floors":[21],"current_hp_per_floor":[72,71,62,62,50,50,50,50,50,39,39,38,38,35,35,5,72,72,72,72,72,57,36,36,31,31,0,0],"gold":290,"neow_bonus":"TRANSFORM_CARD","is_daily":false,"chose_seed":false,"campfire_upgraded":4,"win_rate":0.0,"timestamp":1608642809,"path_taken":["M","M","M","M","?","R","?","E","T","E","M","M","R","M","R","BOSS","M","?","?","$","M","E","R","E","T","E"],"items_purchased_type":["Relic"],"build_version":"2020-12-13","purchased_purges":1,"victory":false,"max_hp_per_floor":[72,72,72,72,72,72,72,72,72,72,72,72,72,72,72,72,72,72,72,72,72,72,72,72,72,72,72,72],"card_choices":[{"not_picked":["Halt","JustLucky"],"picked":"EmptyMind","floor":1.0},{"not_picked":["Weave","Perseverance"],"picked":"Consecrate","floor":2.0},{"not_picked":["FearNoEvil","Swivel"],"picked":"WheelKick","floor":3.0},{"not_picked":["SashWhip","Protect"],"picked":"BattleHymn","floor":4.0},{"not_picked":["Halt","LikeWater"],"picked":"Vault","floor":8.0},{"not_picked":["BowlingBash","Ragnarok"],"picked":"Meditate","floor":10.0},{"not_picked":["Crescendo","FollowUp","BattleHymn"],"picked":"SKIP","floor":11.0},{"not_picked":["FollowUp","BattleHymn"],"picked":"Crescendo","floor":11.0},{"not_picked":["Halt","SashWhip"],"picked":"Collect","floor":12.0},{"not_picked":["JustLucky","Halt","FlyingSleeves"],"picked":"SKIP","floor":14.0},{"not_picked":["Omniscience","Blasphemy"],"picked":"DevaForm","floor":16.0},{"not_picked":["Protect","Collect","ThirdEye"],"picked":"SKIP","floor":18.0},{"not_picked":["WreathOfFlame","CrushJoints","EmptyBody+1"],"picked":"SKIP","floor":20.0},{"not_picked":["Crescendo","EmptyFist","BattleHymn"],"picked":"SKIP","floor":22.0},{"not_picked":["Alpha","CutThroughFate","FlyingSleeves"],"picked":"SKIP","floor":23.0},{"not_picked":["Fasting2","EmptyMind"],"picked":"LessonLearned","floor":25.0}],"player_experience":2133211,"relics_obtained":[{"floor":8.0,"key":"War Paint"},{"floor":9.0,"key":"Smiling Mask"},{"floor":10.0,"key":"Art of War"},{"floor":23.0,"key":"HornCleat"},{"floor":25.0,"key":"Potion Belt"},{"floor":26.0,"key":"Centennial Puzzle"}],"event_choices":[{"damage_healed":0.0,"max_hp_gain":0.0,"max_hp_loss":0.0,"gold_gain":0.0,"event_name":"Scrap Ooze","player_choice":"Success","floor":5.0,"gold_loss":0.0,"damage_taken":12.0,"relics_obtained":["White Beast Statue"]},{"cards_removed":["Strike_P"],"damage_healed":0.0,"max_hp_gain":0.0,"max_hp_loss":0.0,"gold_gain":0.0,"event_name":"The Cleric","player_choice":"Card Removal","floor":7.0,"gold_loss":50.0,"damage_taken":0.0},{"damage_healed":0.0,"max_hp_gain":0.0,"max_hp_loss":0.0,"gold_gain":0.0,"event_name":"The Woman in Blue","player_choice":"Bought 0 Potions","floor":19.0,"gold_loss":0.0,"damage_taken":0.0}],"is_beta":false,"boss_relics":[{"not_picked":["HolyWater","Calling Bell"],"picked":"Coffee Dripper"}],"items_purged_floors":[21],"is_endless":false,"potions_floor_spawned":[4,8,10,11,12,14,16,18,20,22,23,25],"killed_by":"Gremlin Leader","ascension_level":1}}