{"host":"uflv0e3ja7hvnij7","time":1608649904,"event":{"mods":["BaseMod","Conspire","Hubris","Minty Spire (QoL Compilation)","Replay The Spire","StSLib","The Bug Knight"],"gold_per_floor":[111,111,36,51,63,63,93,93,173,199,212,240,253,29,29,124,124,144,144,161,7,26,26,39,39,39,69,69,69,69,101,101,198,198,217,232,107,124,142,142,175,25,98,131,143,163,188,188,188,188,188,188,73,106,106],"floor_reached":56,"playtime":4456,"items_purged":["Strike_B","Strike_B","Strike_B","Defend_B"],"score":1500,"play_id":"54c7f176-a349-4f0a-8c1a-2b57f2dfebe6","local_time":"20201222101144","is_ascension_mode":true,"campfire_choices":[{"data":"Zap","floor":6,"key":"SMITH"},{"data":"Buffer","floor":8,"key":"SMITH"},{"data":"Dualcast","floor":15,"key":"SMITH"},{"data":"ReplayTheSpireMod:Calculation Training","floor":23,"key":"SMITH"},{"data":"Buffer","floor":25,"key":"SMITH"},{"data":"ReplayTheSpireMod:Calculation Training","floor":28,"key":"SMITH"},{"data":"Defragment","floor":32,"key":"SMITH"},{"floor":40,"key":"RECALL"},{"floor":49,"key":"REST"},{"floor":52,"key":"REST"}],"circlet_count":0,"master_deck":["Defend_B","Defend_B","Defend_B","Zap+1","Dualcast+1","Cold Snap","Ball Lightning","Buffer+1","Lockon","Ball Lightning","Capacitor+1","Amplify","Hologram","Coolheaded+1","Coolheaded+1","ReplayTheSpireMod:Calculation Training+1","Buffer+1","ReplayTheSpireMod:Calculation Training+1","Defragment+1","ReplayTheSpireMod:Dual Polarity+1","ReplayTheSpireMod:Calculation Training+1","Chill+1","Zap","Consume+1","Capacitor+1"],"relics":["conspire:SpecialSausage","Emotion Chip","HollowMod:StagPassRelic","Geode","Eternal Feather","Replay:Frozen Program","conspire:SeveredTorchhead","conspire:IceCreamScoop","Anchor","Nunchaku","Replay:Grab Bag","Sozu","Fusion Hammer","hubris:Backtick","Runic Capacitor","conspire:RunicOctahedron","Oddly Smooth Stone","Toy Ornithopter","Blue Doll","Bronze Scales"],"acts_visited":["Exordium","TheCity","TheBeyond","TheEnding"],"potions_floor_usage":[7,27,33,44],"damage_taken":[{"damage":10,"enemies":"Small Slimes","floor":1,"turns":3},{"damage":0,"enemies":"Cultist","floor":4,"turns":3},{"damage":2,"enemies":"Jaw Worm","floor":5,"turns":4},{"damage":1,"enemies":"Gremlin Nob","floor":7,"turns":3},{"damage":0,"enemies":"Lagavulin","floor":10,"turns":5},{"damage":0,"enemies":"2 Fungi Beasts","floor":11,"turns":3},{"damage":0,"enemies":"Gremlin Nob","floor":12,"turns":4},{"damage":1,"enemies":"Looter","floor":13,"turns":3},{"damage":0,"enemies":"Slime Boss","floor":16,"turns":6},{"damage":14,"enemies":"2 Thieves","floor":18,"turns":3},{"damage":21,"enemies":"3 Byrds","floor":20,"turns":3},{"damage":0,"enemies":"Shelled Parasite and Fungi","floor":22,"turns":4},{"damage":7,"enemies":"Centurion and Healer","floor":24,"turns":4},{"damage":8,"enemies":"Slavers","floor":27,"turns":3},{"damage":6,"enemies":"Gremlin Leader","floor":31,"turns":7},{"damage":6,"enemies":"Pondfish","floor":33,"turns":8},{"damage":0,"enemies":"Orb Walker","floor":35,"turns":3},{"damage":0,"enemies":"3 Shapes","floor":36,"turns":5},{"damage":0,"enemies":"Maw","floor":38,"turns":5},{"damage":7,"enemies":"Transient","floor":39,"turns":5},{"damage":0,"enemies":"conspire:MimicChest","floor":41,"turns":6},{"damage":0,"enemies":"Nemesis","floor":44,"turns":5},{"damage":0,"enemies":"Spire Growth","floor":45,"turns":4},{"damage":0,"enemies":"Writhing Mass","floor":46,"turns":5},{"damage":0,"enemies":"Reptomancer","floor":47,"turns":4},{"damage":0,"enemies":"Donu and Deca","floor":50,"turns":6},{"damage":0,"enemies":"Shield and Spear","floor":54,"turns":7},{"damage":14,"enemies":"The Heart","floor":55,"turns":7}],"seed_played":"8713416120859189536","potions_obtained":[{"floor":4,"key":"DistilledChaos"},{"floor":10,"key":"Swift Potion"},{"floor":11,"key":"FearPotion"},{"floor":12,"key":"Cursed Concoction"},{"floor":20,"key":"Explosive Potion"},{"floor":22,"key":"FairyPotion"},{"floor":31,"key":"PowerPotion"}],"is_trial":false,"path_per_floor":["M","?","$","M","M","R","E","R","T","E","M","E","M","$","R","B",null,"M","?","M","$","M","R","M","R","T","E","R","?","?","E","R","B",null,"M","M","$","M","M","R","?","$","T","E","M","M","E","?","R","B",null,"R","$","E","B",null],"character_chosen":"DEFECT","items_purchased":["Replay:Frozen Program","Capacitor","Coolheaded","Consume+1","Capacitor"],"campfire_rested":2,"item_purchase_floors":[14,14,21,53,53],"current_hp_per_floor":[65,65,65,65,63,63,62,62,62,62,62,62,61,61,67,67,75,61,61,40,40,40,49,42,51,51,43,55,55,55,49,61,55,75,75,75,75,75,68,75,75,75,75,75,75,75,75,75,75,75,75,75,75,75,61],"gold":106,"neow_bonus":"BOSS_RELIC","is_daily":false,"chose_seed":false,"campfire_upgraded":7,"win_rate":0.0,"timestamp":1608649904,"path_taken":["M","?","$","?","M","R","E","R","T","E","M","E","M","$","R","BOSS","M","?","M","$","M","R","M","R","T","E","R","?","?","E","R","BOSS","M","M","$","M","M","R","?","$","T","E","M","M","E","?","R","BOSS","R","$","E","BOSS"],"items_purchased_type":["Relic","Card","Card","Card","Card"],"build_version":"2020-12-13","purchased_purges":4,"victory":true,"max_hp_per_floor":[75,75,75,75,75,75,75,75,75,75,75,75,75,75,75,75,75,75,75,75,75,75,75,75,75,75,75,75,75,75,75,75,75,75,75,75,75,75,75,75,75,75,75,75,75,75,75,75,75,75,75,75,75,75,75],"card_choices":[{"not_picked":["Steam","Turbo"],"picked":"Cold Snap","floor":1},{"not_picked":["Barrage","Rebound","Leap"],"picked":"SKIP","floor":4},{"not_picked":["Conserve Battery","Turbo"],"picked":"Ball Lightning","floor":5},{"not_picked":["Steam","Sweeping Beam"],"picked":"Buffer","floor":7},{"not_picked":["Streamline","Compile Driver","Rebound"],"picked":"SKIP","floor":10},{"not_picked":["Compile Driver","Barrage"],"picked":"Lockon","floor":11},{"not_picked":["Beam Cell","Sweeping Beam","Streamline"],"picked":"SKIP","floor":12},{"not_picked":["Go for the Eyes","Steam"],"picked":"Ball Lightning","floor":13},{"not_picked":["Mirror Shield","Creative AI"],"picked":"Amplify","floor":16},{"not_picked":["Turbo","Steam","Go for the Eyes+1"],"picked":"SKIP","floor":18},{"not_picked":["Lockon","Rebound"],"picked":"Coolheaded+1","floor":20},{"not_picked":["Conserve Battery","Compile Driver+1"],"picked":"ReplayTheSpireMod:Calculation Training","floor":22},{"not_picked":["Stack+1","BasicCrystalCard"],"picked":"Buffer","floor":24},{"not_picked":["Stack+1","Beam Cell"],"picked":"ReplayTheSpireMod:Calculation Training","floor":27},{"not_picked":["Hologram+1","ReplayTheSpireMod:GoodbyeWorld"],"picked":"Defragment","floor":31},{"not_picked":["Turbo","Cold Snap"],"picked":"ReplayTheSpireMod:Dual Polarity+1","floor":35},{"not_picked":["Beam Cell+1","Steam","Ball Lightning+1"],"picked":"SKIP","floor":36},{"not_picked":["FTL","Barrage+1","Streamline"],"picked":"SKIP","floor":38},{"not_picked":["Beam Cell+1","Sunder"],"picked":"ReplayTheSpireMod:Calculation Training+1","floor":39},{"not_picked":["Panic Button+1","Steam+1"],"picked":"Chill+1","floor":44},{"not_picked":["Thunder Strike","Steam+1","Sweeping Beam"],"picked":"SKIP","floor":45},{"not_picked":["Go for the Eyes","Beam Cell+1","Conserve Battery"],"picked":"SKIP","floor":46},{"not_picked":["ReplayTheSpireMod:GoodbyeWorld","ReplaySolidLightProjector+1","Time Bomb+1"],"picked":"SKIP","floor":47},{"not_picked":["hubris:PowerSurge+1","White Noise","Leap"],"picked":"SKIP","floor":54}],"player_experience":275754,"relics_obtained":[{"floor":7,"key":"Emotion Chip"},{"floor":9,"key":"HollowMod:StagPassRelic"},{"floor":10,"key":"Geode"},{"floor":12,"key":"Eternal Feather"},{"floor":26,"key":"conspire:IceCreamScoop"},{"floor":27,"key":"Anchor"},{"floor":31,"key":"Nunchaku"},{"floor":41,"key":"Oddly Smooth Stone"},{"floor":44,"key":"Toy Ornithopter"},{"floor":47,"key":"Blue Doll"},{"floor":54,"key":"Bronze Scales"}],"event_choices":[{"cards_removed":["Strike_B"],"damage_healed":0,"gold_gain":0,"player_choice":"Purged","damage_taken":0,"max_hp_gain":0,"max_hp_loss":0,"event_name":"Purifier","floor":2,"gold_loss":0},{"damage_healed":0,"gold_gain":0,"player_choice":"Ignored","damage_taken":0,"max_hp_gain":0,"max_hp_loss":0,"event_name":"Ghosts","floor":29,"gold_loss":0},{"damage_healed":0,"gold_gain":0,"player_choice":"1 cards matched","damage_taken":0,"max_hp_gain":0,"max_hp_loss":0,"event_name":"Match and Keep!","floor":48,"gold_loss":0,"cards_obtained":["Zap"]}],"is_beta":false,"boss_relics":[{"not_picked":["hubris:TerracottaHorce","Runic Dome"],"picked":"conspire:SeveredTorchhead"},{"not_picked":["Replay:Drink Me","SlaversCollar"],"picked":"Replay:Grab Bag"},{"not_picked":["Cursed Key","Replay:Bronze Core"],"picked":"Sozu"},{"not_picked":["hubris:VirtuousBlindfold","hubris:CrackedHourglass"],"picked":"Fusion Hammer"},{"not_picked":["hubris:BlackHole","hubris:ScarierMask"],"picked":"hubris:Backtick"},{"not_picked":["Kintsugi","Astrolabe"],"picked":"conspire:RunicOctahedron"}],"items_purged_floors":[3,21,37,42],"is_endless":false,"potions_floor_spawned":[4,10,11,12,20,22,31,41,44,45,46],"ascension_level":1}}