{"host":"jak4ncvfzor9mys0","time":1608620457,"event":{"mods":["2.2 Compatiblity","AchievementEnabler","BaseMod","Better Altar","Better Match","Better Note","Better Sensory Stone","Better Skull","Better Third Choice","BetterRewards","Block Reminder","Colored Map","Colored Powertips","Energized Spire","Gold Saver","Hubris","Infinite Spire","Key Reminder","Minty Spire (QoL Compilation)","Rare Cards Sparkle","Red Circlet Mod","Relic Sorter","Relic Stats","Replay The Spire","Retaliation","StSLib","SuperFastMode","The Blue Laboratory"],"gold_per_floor":[6706,6706,6717,6717,6730,6730,6757,6757,6757,6175,6175,6175,6175,6206,6206,6308,6308,6326,6236,5784,5784,5784,5817,5827,5827,5827,5827,5827,5847,5861,5873,5873,5978,5978,5978,5377,5410,5410,5410],"floor_reached":38,"playtime":2138,"items_purged":["Strike_R","Defend_R","Defend_R"],"score":546,"play_id":"70348ef4-158f-491f-ba6b-34e88615e51e","local_time":"20201221230057","is_ascension_mode":false,"campfire_choices":[{"data":"Body Slam","floor":6,"key":"SMITH"},{"data":"Neutralize","floor":12,"key":"SMITH"},{"floor":15,"key":"REST"},{"floor":25,"key":"REST"},{"data":"DDmod:UnstoppableAttack","floor":27,"key":"SMITH"},{"data":"BowlingBash","floor":32,"key":"SMITH"},{"data":"hubris:ReadiedAction","floor":35,"key":"SMITH"}],"circlet_count":0,"master_deck":["Strike_R","Strike_R","Strike_R","Defend_R+1","Defend_R","ReplayTheSpireMod:Stacked","ReplayTheSpireMod:Muscle Training+1","Body Slam+1","ReplayTheSpireMod:Stacked","Cleave","Survivor","Neutralize+1","Carnage+1","hubris:ReadiedAction+1","Shrug It Off+1","Impervious+1","Body Slam","DDmod:UnstoppableAttack+1","BowlingBash+1","Shrug It Off+1","Heavy Blade+1"],"relics":["Burning Blood","Tiny Chest","Happy Flower","Peace Pipe","hubris:Icosahedron","Quantum Egg","Counterbalance","Bottled Flame","hubris:Towel","hubris:GlazedTorus","Sling","Toxic Egg 2","energizedSpire:DecayingSkull","Anchor","hubris:Zylophone","Vajra","Replay:Ringing Soul","HandDrill","hubris:MedicalManual","hubris:ChampionShield"],"acts_visited":["Exordium","TheCity","TheEnding"],"potions_floor_usage":[7,16,23,23,33,33],"damage_taken":[{"damage":0,"enemies":"Jaw Worm","floor":1,"turns":3},{"damage":3,"enemies":"Cultist","floor":3,"turns":4},{"damage":1,"enemies":"2 Louse","floor":5,"turns":3},{"damage":22,"enemies":"3 Sentries","floor":7,"turns":9},{"damage":1,"enemies":"Gremlin Nob","floor":14,"turns":4},{"damage":7,"enemies":"Hexaghost","floor":16,"turns":10},{"damage":13,"enemies":"3 Byrds","floor":18,"turns":5},{"damage":48,"enemies":"Nightmare","floor":23,"turns":9},{"damage":1,"enemies":"Chosen","floor":24,"turns":4},{"damage":0,"enemies":"Centurion and Healer","floor":29,"turns":4},{"damage":2,"enemies":"Cultist and Chosen","floor":30,"turns":4},{"damage":3,"enemies":"Chosen and Byrds","floor":31,"turns":4},{"damage":46,"enemies":"Champ","floor":33,"turns":12},{"damage":59,"enemies":"Shield and Spear","floor":37,"turns":7},{"damage":64,"enemies":"The Heart","floor":38,"turns":5}],"seed_played":"-8469554227480965852","potions_obtained":[{"floor":1,"key":"Milkshake"},{"floor":5,"key":"ColorlessPotion"},{"floor":14,"key":"Weak Potion"},{"floor":16,"key":"Adrenaline Potion"},{"floor":23,"key":"blueLaboratory:AbyssPotion"},{"floor":29,"key":"SkillPotion"},{"floor":30,"key":"Toxic Potion"}],"is_trial":false,"path_per_floor":["M","?","M","?","M","R","E","?","T","$","?","R","$","E","R","B",null,"M","?","$","T","?","NM","M","R","T","R","?","M","M","M","R","B",null,"R","$","E","B"],"character_chosen":"IRONCLAD","items_purchased":["Peace Pipe","ReplayTheSpireMod:Stacked","Carnage+1","hubris:ReadiedAction","Tiny Chest","Bottled Flame","hubris:GlazedTorus","Sling","Anchor","Happy Flower","DDmod:UnstoppableAttack","Shrug It Off+1","HandDrill","hubris:MedicalManual"],"campfire_rested":2,"item_purchase_floors":[0,0,10,10,10,10,13,13,20,20,20,36,36,36],"current_hp_per_floor":[80,80,80,80,80,80,64,64,64,64,64,64,33,38,62,61,80,73,73,73,73,73,37,48,72,72,72,75,83,83,83,83,48,83,83,86,36,0,0],"gold":5410,"neow_bonus":"","is_daily":false,"chose_seed":false,"campfire_upgraded":5,"win_rate":0.0,"timestamp":1608620457,"path_taken":["M","?","?","?","M","R","E","?","T","$","?","R","?","E","R","BOSS","M","?","$","?","?","NM","M","R","T","R","?","M","M","M","R","BOSS","R","$","E","BOSS"],"items_purchased_type":["Relic","Card","Card","Card","Relic","Relic","Relic","Relic","Relic","Relic","Card","Card","Relic","Relic"],"build_version":"2020-12-13","purchased_purges":3,"victory":false,"max_hp_per_floor":[80,80,80,80,80,80,80,80,80,80,80,80,80,80,80,80,80,80,80,80,80,80,80,80,80,80,80,83,83,83,83,83,83,83,83,86,89,89,89],"relic_stats":{"Peace Pipe":0,"Happy Flower":[16],"counters":[39,187],"Tiny Chest":4,"HandDrill":[8],"obtain_stats":[{"Vajra":23,"Bag of Preparation":9,"Replay:Mystery Machine":46,"Sling":13,"Burning Blood":0,"Replay:Rubber Ducky":27,"Sozu":17,"Replay:Ringing Soul":26,"Centennial Puzzle":43,"hubris:Icosahedron":5,"Tiny Chest":10,"HandDrill":36,"Kunai":40,"Toxic Egg 2":14,"hubris:ChampionShield":37,"energizedSpire:DecayingSkull":17,"hubris:GlazedTorus":13,"Happy Flower":20,"Quantum Egg":7,"Counterbalance":9,"Pen Nib":0,"infinitespire:Beetle Shell":26,"hubris:MedicalManual":36,"Replay:Kaleidoscope":36,"hubris:Towel":37,"Peace Pipe":0,"hubris:Zylophone":21,"Bottled Flame":10,"Anchor":20,"infinitespire:Lychee Nut":2,"Bird Faced Urn":39,"Simple Rune":31,"hubris:TenFootPole":23,"StrikeDummy":13},{"Vajra":32,"Bag of Preparation":4,"Replay:Mystery Machine":21,"Sling":28,"Burning Blood":0,"Replay:Rubber Ducky":12,"Sozu":7,"Replay:Ringing Soul":33,"Centennial Puzzle":20,"hubris:Icosahedron":3,"Tiny Chest":28,"HandDrill":37,"Kunai":19,"Toxic Egg 2":29,"hubris:ChampionShield":38,"energizedSpire:DecayingSkull":30,"hubris:GlazedTorus":28,"Happy Flower":31,"Quantum Egg":28,"Counterbalance":28,"Pen Nib":0,"infinitespire:Beetle Shell":12,"hubris:MedicalManual":37,"Replay:Kaleidoscope":16,"hubris:Towel":16,"Peace Pipe":24,"hubris:Zylophone":31,"Bottled Flame":28,"Anchor":31,"infinitespire:Lychee Nut":1,"Bird Faced Urn":18,"Simple Rune":14,"hubris:TenFootPole":11,"StrikeDummy":5},{"Vajra":147,"Bag of Preparation":14,"Replay:Mystery Machine":85,"Sling":119,"Burning Blood":0,"Replay:Rubber Ducky":43,"Sozu":26,"Replay:Ringing Soul":151,"Centennial Puzzle":81,"hubris:Icosahedron":10,"Tiny Chest":119,"HandDrill":175,"Kunai":76,"Toxic Egg 2":123,"hubris:ChampionShield":182,"energizedSpire:DecayingSkull":133,"hubris:GlazedTorus":119,"Happy Flower":138,"Quantum Egg":119,"Counterbalance":119,"Pen Nib":0,"infinitespire:Beetle Shell":43,"hubris:MedicalManual":175,"Replay:Kaleidoscope":60,"hubris:Towel":60,"Peace Pipe":100,"hubris:Zylophone":138,"Bottled Flame":119,"Anchor":138,"infinitespire:Lychee Nut":4,"Bird Faced Urn":69,"Simple Rune":51,"hubris:TenFootPole":40,"StrikeDummy":17}],"Burning Blood":151},"card_choices":[{"not_picked":["Headbutt","DDmod:BurningFumesPowerCard"],"picked":"ReplayTheSpireMod:Muscle Training","floor":1},{"not_picked":["ReplayTheSpireMod:Limb From Limb","DDmod:PokeAttack"],"picked":"Body Slam","floor":3},{"not_picked":["Life Link","Pommel Strike"],"picked":"ReplayTheSpireMod:Stacked","floor":5},{"not_picked":["hubris:SharpeningStone","Reckless Charge"],"picked":"Cleave","floor":7},{"not_picked":["Clothesline","Replay:Undeath\u0027s Touch"],"picked":"Shrug It Off+1","floor":14},{"not_picked":["Immolate","DDmod:RechargeSkill+1"],"picked":"Impervious+1","floor":16},{"not_picked":["DDmod:SpikedSkill+1","DDmod:EasePowerCard"],"picked":"Body Slam","floor":18},{"not_picked":["Rupture","Disarm+1","Evolve"],"picked":"SKIP","floor":23},{"not_picked":["infinitespire:OneForAll","Wild Strike","hubris:ReadiedAction+1"],"picked":"SKIP","floor":24},{"not_picked":["Searing Blow","Sword Boomerang","Iron Wave"],"picked":"SKIP","floor":29},{"not_picked":["Flex+1","Replay:Undeath\u0027s Touch","ReplayTheSpireMod:Strike From Hell"],"picked":"SKIP","floor":30},{"not_picked":["Clash+1","hubris:ReadiedAction+1","Dropkick+1"],"picked":"SKIP","floor":31},{"not_picked":["Wild Strike+1","Flex+1"],"picked":"Heavy Blade+1","floor":37}],"player_experience":2656314,"relics_obtained":[{"floor":7,"key":"Quantum Egg"},{"floor":9,"key":"Counterbalance"},{"floor":14,"key":"Toxic Egg 2"},{"floor":21,"key":"hubris:Zylophone"},{"floor":23,"key":"Vajra"},{"floor":26,"key":"Replay:Ringing Soul"},{"floor":37,"key":"hubris:ChampionShield"}],"event_choices":[{"damage_healed":0,"gold_gain":0,"player_choice":"Forge","damage_taken":0,"max_hp_gain":0,"max_hp_loss":0,"event_name":"Accursed Blacksmith","floor":2,"gold_loss":0,"cards_upgraded":["ReplayTheSpireMod:Muscle Training"]},{"cards_removed":["Strike_R"],"damage_healed":0,"gold_gain":0,"player_choice":"Upgrade and Remove","damage_taken":0,"max_hp_gain":0,"max_hp_loss":0,"event_name":"Designer","floor":19,"gold_loss":90,"cards_upgraded":["Defend_R"]},{"cards_removed":["Defend_R"],"damage_healed":0,"gold_gain":0,"player_choice":"Give","damage_taken":0,"max_hp_gain":0,"max_hp_loss":0,"event_name":"betterNote:BetterNote","floor":22,"gold_loss":0,"cards_obtained":["Strike_B"]},{"damage_healed":0,"gold_gain":0,"player_choice":"Read","damage_taken":0,"max_hp_gain":0,"max_hp_loss":0,"event_name":"The Library","floor":28,"gold_loss":0,"cards_obtained":["BowlingBash"]}],"is_beta":false,"boss_relics":[{"not_picked":["hubris:CrackedHourglass","energizedSpire:NeverEndingSparkler"],"picked":"energizedSpire:DecayingSkull"},{"not_picked":["Velvet Choker","energizedSpire:OgreHead","hubris:GrandSneckoEye"]}],"items_purged_floors":[10,20,36],"is_endless":true,"potions_floor_spawned":[1,5,14,16,18,23,29,30],"killed_by":"The Heart","ascension_level":0}}