{"host":"uwh382mre4waz4ff","time":1608608643,"event":{"mods":["AchievementEnabler","BaseMod","Better Note","Better Third Choice","BetterRewards","Highlight Path","HololiveMod","Minty Spire (QoL Compilation)","Shop Mod","StSLib"],"gold_per_floor":[85,102,113,53,53,83,83,83,83,94,15,47,57,84,84,162,162,181,106,123,136,150,150,178,178,178,211,240,265,265,19,19,117,117,143,176,202,217,234,263,263,297,297,366,366,415,459,488,488,488,488],"floor_reached":50,"playtime":2506,"items_purged":["Hololive_Defend"],"score":1934,"play_id":"e543d390-bb36-433f-97fa-a9c683b82c97","local_time":"20201222114403","is_ascension_mode":true,"campfire_choices":[{"floor":7,"key":"DIG"},{"floor":15,"key":"DIG"},{"floor":23,"key":"DIG"},{"data":"Hololive_CallShiroganeNoel","floor":25,"key":"SMITH"},{"data":"Hololive_CallUsadaPekora","floor":32,"key":"SMITH"},{"data":"Hololive_DDD","floor":41,"key":"SMITH"},{"data":"Hololive_CallHoshimachiSuisei","floor":45,"key":"SMITH"},{"floor":49,"key":"RECALL"}],"circlet_count":0,"master_deck":["AscendersBane","Hololive_CallHoushouMarine","Hololive_CallShiroganeNoel+1","Hololive_CallUruhaRushia","Hololive_CallShiranuiFlare","Hololive_CallUsadaPekora+1","Hololive_StrengthChampion","Hololive_Strike","Hololive_Strike","Hololive_Defend","Hololive_CallRoboco","Hololive_ILoveYou","Hololive_DDD+1","Hololive_CallNatsuiroMatsuri","Hololive_CallRosalyn","Hololive_CallNakiriAyame","Hololive_CallTsunomakiWatame","Hololive_CallHoshimachiSuisei+1","Hololive_MaximGun","Hololive_CocoNews","Hololive_CallMinatoAqua","Hololive_CallFriendA","Hololive_CallNekomataOkayu","Hololive_StrengthChampion+1","Hololive_CallMurasakiShion","Hololive_CocoNews","Hololive_StrengthChampion+1","Hololive_CallAZKi","Hololive_Rebirth+1","Hololive_CallMomosuzuNene+7","Hololive_CallAkaiHaato+1","Hololive_CallAkiRosenthal","Hololive_StarCraft+1","Hololive_CallSpadeEcho","Hololive_CallTokinoSora+1","Hololive_CallAiraniIofifteen+1","Hololive_CallUruhaRushia+1","Hololive_CallAZKi+1","Hololive_CallOzoraSubaru+1","Hololive_CallDoris+1"],"relics":["Hololive_TheStar","betterThird:SlimedRelic","Shovel","Question Card","Matryoshka","Gremlin Horn","Ginger","Nunchaku","Eternal Feather","Toxic Egg 2","Sozu","Incense Burner","Bag of Marbles","Bronze Scales","Potion Belt","Omamori","Vajra","Philosopher\u0027s Stone","Frozen Egg 2","Kunai","Letter Opener","Du-Vu Doll","Unceasing Top","Pear"],"acts_visited":["Exordium","TheCity","TheBeyond"],"potions_floor_usage":[10,50],"damage_taken":[{"damage":0,"enemies":"Small Slimes","floor":1,"turns":2},{"damage":0,"enemies":"Jaw Worm","floor":2,"turns":3},{"damage":0,"enemies":"2 Louse","floor":3,"turns":2},{"damage":0,"enemies":"3 Sentries","floor":6,"turns":4},{"damage":0,"enemies":"Red Slaver","floor":10,"turns":2},{"damage":0,"enemies":"Gremlin Nob","floor":12,"turns":3},{"damage":0,"enemies":"Gremlin Gang","floor":13,"turns":3},{"damage":0,"enemies":"Lagavulin","floor":14,"turns":4},{"damage":0,"enemies":"Slime Boss","floor":16,"turns":5},{"damage":0,"enemies":"Shell Parasite","floor":18,"turns":2},{"damage":0,"enemies":"Spheric Guardian","floor":20,"turns":2},{"damage":0,"enemies":"Cultist and Chosen","floor":21,"turns":5},{"damage":0,"enemies":"Snake Plant","floor":22,"turns":2},{"damage":0,"enemies":"Gremlin Leader","floor":24,"turns":4},{"damage":0,"enemies":"Book of Stabbing","floor":27,"turns":2},{"damage":0,"enemies":"Sentry and Sphere","floor":28,"turns":4},{"damage":0,"enemies":"Slavers","floor":29,"turns":3},{"damage":22,"enemies":"Automaton","floor":33,"turns":9},{"damage":0,"enemies":"3 Shapes","floor":35,"turns":2},{"damage":0,"enemies":"Orb Walker","floor":36,"turns":2},{"damage":0,"enemies":"Transient","floor":37,"turns":6},{"damage":30,"enemies":"4 Shapes","floor":38,"turns":4},{"damage":0,"enemies":"Sphere and 2 Shapes","floor":39,"turns":2},{"damage":0,"enemies":"Giant Head","floor":40,"turns":4},{"damage":0,"enemies":"Reptomancer","floor":42,"turns":4},{"damage":0,"enemies":"2 Orb Walkers","floor":44,"turns":2},{"damage":0,"enemies":"Giant Head","floor":46,"turns":6},{"damage":0,"enemies":"Maw","floor":47,"turns":5},{"damage":0,"enemies":"Reptomancer","floor":48,"turns":3},{"damage":63,"enemies":"Awakened One","floor":50,"turns":5}],"seed_played":"-3967559193330039966","potions_obtained":[{"floor":2,"key":"GamblersBrew"},{"floor":10,"key":"Fruit Juice"},{"floor":14,"key":"Ancient Potion"}],"is_trial":false,"path_per_floor":["M","M","M","?","?","E","R","T","T","M","$","E","M","E","R","B",null,"M","$","M","M","M","R","E","R","T","E","M","E","?","$","R","B",null,"M","M","M","M","M","E","R","E","T","?","R","E","M","E","R","B"],"character_chosen":"Hololive_HololiveCharacter","items_purchased":["Hololive_CallRosalyn","Hololive_CallAZKi","Vajra"],"campfire_rested":0,"item_purchase_floors":[11,31,31],"current_hp_per_floor":[30,30,30,19,19,19,19,19,19,24,24,24,24,24,33,33,37,37,37,37,37,37,38,38,38,38,38,38,38,30,30,43,21,38,38,38,38,8,8,8,29,29,29,29,43,43,43,53,53,0,0],"gold":488,"neow_bonus":"TEN_PERCENT_HP_BONUS","is_daily":false,"chose_seed":false,"campfire_upgraded":4,"win_rate":0.0,"timestamp":1608608643,"path_taken":["M","M","M","?","?","E","R","?","T","?","$","E","M","E","R","BOSS","M","$","M","M","M","R","E","R","T","E","M","E","?","$","R","BOSS","M","M","M","M","M","E","R","E","T","?","R","E","M","E","R","BOSS"],"items_purchased_type":["Card","Card","Relic"],"build_version":"2020-12-13","purchased_purges":1,"victory":false,"max_hp_per_floor":[33,33,33,33,33,33,33,33,33,38,38,38,38,38,38,38,38,38,38,38,38,38,38,38,38,38,38,38,38,43,43,43,43,43,43,43,43,43,43,43,43,43,43,43,43,43,43,53,53,53,53],"card_choices":[{"not_picked":["Hololive_FlyingPonyTail","Hololive_HuntDinosaur","Hololive_OvertimeWork","Hololive_Rebound"],"picked":"SKIP","floor":1},{"not_picked":["Hololive_Trident","Hololive_Breathe","Hololive_StrengthChampion"],"picked":"Hololive_CallRoboco","floor":2},{"not_picked":["Hololive_Breathe","Hololive_Rebound","Hololive_OvertimeWork"],"picked":"Hololive_ILoveYou","floor":3},{"not_picked":["Hololive_CocoNews","Hololive_CallHoushouMarine","Hololive_FlyingPonyTail"],"picked":"Hololive_DDD","floor":6},{"not_picked":["Hololive_CallOzoraSubaru","Hololive_HuntDinosaur","Hololive_FlyingPonyTail","Hololive_CallShiranuiFlare"],"picked":"Hololive_CallNatsuiroMatsuri","floor":10},{"not_picked":["Hololive_FlyingPonyTail","Hololive_CallManoAloe","Hololive_BeCareful","Hololive_Breathe"],"picked":"Hololive_CallNakiriAyame","floor":12},{"not_picked":["Hololive_Drill","Hololive_Trident","Hololive_Sequa","Hololive_Rebound"],"picked":"Hololive_CallTsunomakiWatame","floor":13},{"not_picked":["Hololive_CallShishiroBotan","Hololive_LuckPotion","Hololive_FlyingPonyTail","Hololive_CallYozoraMel"],"picked":"Hololive_CallHoshimachiSuisei","floor":14},{"not_picked":["Hololive_Nanodesu","Hololive_AWSL","Hololive_ScarfAndHalo","Hololive_StarCraft+1"],"picked":"Hololive_MaximGun","floor":16},{"not_picked":["Hololive_Sequa","Hololive_Rebound+1","Hololive_FlyingPonyTail+1","Hololive_OvertimeWork"],"picked":"Hololive_CocoNews","floor":18},{"not_picked":["Hololive_LuckPotion+1","Hololive_OvertimeWork","Hololive_StrengthChampion","Hololive_CallInugamiKorone"],"picked":"Hololive_CallMinatoAqua","floor":20},{"not_picked":["Hololive_CocoNews","Hololive_StrengthChampion","Hololive_Trident","Hololive_Sequa"],"picked":"Hololive_CallFriendA","floor":21},{"not_picked":["Hololive_CallArtia","Hololive_StrengthChampion","Hololive_Drill","Hololive_Sequa"],"picked":"Hololive_CallNekomataOkayu","floor":22},{"not_picked":["Hololive_Trident","Hololive_Rebound+1","Hololive_Psychosis","Hololive_SummonFox+1"],"picked":"Hololive_StrengthChampion+1","floor":24},{"not_picked":["Hololive_OvertimeWork","Hololive_Breathe+1","Hololive_CallTokoyamiTowa","Hololive_CocoNews"],"picked":"Hololive_CallMurasakiShion","floor":27},{"not_picked":["Hololive_Rebound+1","Hololive_Drill","Hololive_ILoveYou+1","Hololive_Breathe+1"],"picked":"Hololive_CocoNews","floor":28},{"not_picked":["Hololive_AWSL","Hololive_BeCareful+1","Hololive_HuntDinosaur+1","Hololive_CallMinatoAqua"],"picked":"Hololive_StrengthChampion+1","floor":29},{"not_picked":["Hololive_Thief+1","Hololive_OpenUp","Hololive_WolfAndLamb+1","Hololive_StarCraft+1"],"picked":"Hololive_Rebirth+1","floor":33},{"not_picked":["Hololive_LuckPotion+1","Hololive_CocoNews","Hololive_Rebound+1","Hololive_Psychosis+1"],"picked":"Hololive_CallMomosuzuNene","floor":35},{"not_picked":["Hololive_CallUsadaPekora","Hololive_CallRoboco","Hololive_LuckPotion+1","Hololive_Rebound+1"],"picked":"Hololive_CallAkaiHaato+1","floor":36},{"not_picked":["Hololive_Psychosis","Hololive_StrengthChampion","Hololive_Teleport+1","Hololive_CallTokinoSora"],"picked":"Hololive_CallAkiRosenthal","floor":37},{"not_picked":["Hololive_LuckPotion+1","Hololive_FlyingPonyTail+1","Hololive_HuntDinosaur+1","Hololive_Sequa"],"picked":"Hololive_StarCraft+1","floor":38},{"not_picked":["Hololive_Breathe+1","Hololive_OvertimeWork","Hololive_Psychosis+1","Hololive_Drill"],"picked":"Hololive_CallSpadeEcho","floor":39},{"not_picked":["Hololive_StrengthChampion+1","Hololive_CallRoboco+1","Hololive_HuntDinosaur+1","Hololive_Drill+1"],"picked":"Hololive_CallTokinoSora+1","floor":40},{"not_picked":["Hololive_CallMomosuzuNene+1","Hololive_CallTokoyamiTowa+1","Hololive_DurableLive+1","Hololive_FlyingPonyTail+1"],"picked":"Hololive_CallAiraniIofifteen+1","floor":42},{"not_picked":["Hololive_FlyingPonyTail+1","Hololive_Breathe+1","Hololive_RevenueBasedLive+1","Hololive_HuntDinosaur+1"],"picked":"Hololive_CallUruhaRushia+1","floor":44},{"not_picked":["Hololive_Trident","Hololive_OvertimeWork","Hololive_LuckPotion+1","Hololive_CallHoushouMarine+1"],"picked":"Hololive_CallAZKi+1","floor":46},{"not_picked":["Hololive_StrengthChampion+1","Hololive_CallAyundaRisu+1","Hololive_LuckPotion+1","Hololive_Psychosis"],"picked":"Hololive_CallOzoraSubaru+1","floor":47},{"not_picked":["Hololive_CocoNews+1","Hololive_ManjiGathering","Hololive_CallNekomataOkayu+1","Hololive_Yoholoon"],"picked":"Hololive_CallDoris+1","floor":48}],"player_experience":163854,"relics_obtained":[{"floor":6,"key":"Shovel"},{"floor":7,"key":"Question Card"},{"floor":8,"key":"Matryoshka"},{"floor":9,"key":"Gremlin Horn"},{"floor":9,"key":"Ginger"},{"floor":12,"key":"Nunchaku"},{"floor":14,"key":"Eternal Feather"},{"floor":15,"key":"Toxic Egg 2"},{"floor":23,"key":"Incense Burner"},{"floor":24,"key":"Bag of Marbles"},{"floor":26,"key":"Bronze Scales"},{"floor":27,"key":"Potion Belt"},{"floor":29,"key":"Omamori"},{"floor":40,"key":"Frozen Egg 2"},{"floor":42,"key":"Kunai"},{"floor":43,"key":"Letter Opener"},{"floor":44,"key":"Du-Vu Doll"},{"floor":46,"key":"Unceasing Top"},{"floor":48,"key":"Pear"}],"event_choices":[{"damage_healed":0,"gold_gain":0,"player_choice":"Slimed","damage_taken":11,"max_hp_gain":0,"max_hp_loss":0,"event_name":"betterThird:BetterGoop","floor":4,"gold_loss":60},{"damage_healed":0,"gold_gain":0,"player_choice":"Leave","damage_taken":0,"max_hp_gain":0,"max_hp_loss":0,"event_name":"The Cleric","floor":5,"gold_loss":0},{"damage_healed":0,"gold_gain":0,"player_choice":"Shed Blood","damage_taken":13,"max_hp_gain":5,"max_hp_loss":0,"event_name":"Forgotten Altar","floor":30,"gold_loss":0},{"damage_healed":0,"gold_gain":0,"player_choice":"Fight","damage_taken":0,"max_hp_gain":0,"max_hp_loss":0,"event_name":"Mysterious Sphere","floor":44,"gold_loss":0}],"is_beta":false,"boss_relics":[{"not_picked":["Ectoplasm","Hololive_TopUpMoneyS"],"picked":"Sozu"},{"not_picked":["Runic Pyramid","SacredBark"],"picked":"Philosopher\u0027s Stone"}],"items_purged_floors":[19],"is_endless":false,"potions_floor_spawned":[2,10,14,21,24,28,29,36,40,42],"killed_by":"Awakened One","ascension_level":20}}