{"host":"51b3tsslnntndamg","time":1608613015,"event":{"mods":["BaseMod","BetterRewards","Colored Map","Colored Powertips","Downfall","Hermit","Highlight Path","Hubris","Infinite Spire","Jorbs\u0027s Wanderer Trilogy","Key Reminder","Lobotomy","Minty Spire (QoL Compilation)","Quick Restart","READ ME - Guardian Mod","Rare Cards Sparkle","Replay The Spire","Shop Mod","StSLib","SuperFastMode","The Animator","The Cursed","The Hierophant","The Jungle","The Poker Player","The Runesmith","The Servant 0.9.4"],"gold_per_floor":[99,118,30,47,47,58,58,71,71,105,105,116,101,101,111,212,212,137,151,151,151,165,165,192,192,102,117,117,134,134,145,156,253,253,253,263,277,1276,1276,1276,1276,1276],"floor_reached":40,"playtime":4656,"items_purged":["Slimebound:Strike_Slimebound"],"score":413,"play_id":"c05c3b40-df93-4690-b93c-25327a4bb121","local_time":"20201221205655","is_ascension_mode":false,"campfire_choices":[{"data":"Slimebound:Split","floor":1.0,"key":"SMITH"},{"data":"Slimebound:CorrosiveSpit","floor":5.0,"key":"SMITH"},{"data":"Slimebound:GrowthPunch","floor":9.0,"key":"SMITH"},{"data":"Slimebound:LeadByExample","floor":18,"key":"SMITH"},{"data":"Slimebound:Teamwork","floor":23,"key":"SMITH"},{"data":"Slimebound:SplitLeeching","floor":28,"key":"SMITH"},{"data":"Slimebound:RainOfGoop","floor":30,"key":"SMITH"},{"data":"Slimebound:TongueLash","floor":35,"key":"SMITH"}],"circlet_count":0,"master_deck":["Slimebound:Strike_Slimebound","Slimebound:Tackle","Slimebound:Defend_Slimebound","Slimebound:Defend_Slimebound","Slimebound:Split+1","Slimebound:CorrosiveSpit+1","Slimebound:AcidTongue","Slimebound:SplitLeeching+1","Slimebound:Gluttony","Slimebound:GoopSpray+1","Slimebound:LeechingTouch","Slimebound:GrowthPunch+1","Slimebound:LeechEnergy","Slimebound:LeadByExample+1","Slimebound:RainOfGoop+1","Slimebound:SamplingLick","Slimebound:Teamwork+1","Slimebound:SplitBruiser","Slimebound:Repurpose+1","Slimebound:Nibble+1","Slimebound:TongueLash+1","Slimebound:SlimeTap","Slimebound:ItLooksTasty+1","Slimebound:LeechLife","Slimebound:TongueLash+1","Normality","Normality"],"relics":["Slimebound:AbsorbEndCombat","keyreminder:keyreminder","Orichalcum","hubris:MobiusCoin","hubris:HollowSoul","downfall:HeartBlessingBlue","Toy Ornithopter","Replay:Fungal Core"],"acts_visited":["Exordium","TheCity","TheBeyond"],"potions_floor_usage":[31,33,33,37],"damage_taken":[{"damage":11.0,"enemies":"Small Slimes","floor":2.0,"turns":3.0},{"damage":21.0,"enemies":"downfall:FleeingMerchant","floor":3.0,"turns":4.0},{"damage":21.0,"enemies":"infinitespire:Voidling","floor":4.0,"turns":3.0},{"damage":21.0,"enemies":"Jaw Worm","floor":6.0,"turns":4.0},{"damage":18.0,"enemies":"Large Slime","floor":8.0,"turns":5.0},{"damage":37.0,"enemies":"3 Sentries","floor":10.0,"turns":6.0},{"damage":21.0,"enemies":"3 Louse","floor":12.0,"turns":3.0},{"damage":20.0,"enemies":"downfall:FleeingMerchant","floor":13.0,"turns":4.0},{"damage":20,"enemies":"Lots of Slimes","floor":15,"turns":4},{"damage":49,"enemies":"downfall:Silent","floor":16,"turns":8},{"damage":47,"enemies":"3 Byrds","floor":19,"turns":6},{"damage":37,"enemies":"Snecko","floor":22,"turns":5},{"damage":16,"enemies":"downfall:FleeingMerchant","floor":26,"turns":4},{"damage":29,"enemies":"Chosen and Byrds","floor":27,"turns":6},{"damage":19,"enemies":"Shelled Parasite and Fungi","floor":29,"turns":4},{"damage":24,"enemies":"Centurion and Healer","floor":31,"turns":4},{"damage":58,"enemies":"Chosen and Byrds","floor":32,"turns":6},{"damage":30,"enemies":"downfall:Defect","floor":33,"turns":7},{"damage":34,"enemies":"3 Shapes","floor":36,"turns":3},{"damage":42,"enemies":"3 Darklings","floor":37,"turns":7},{"damage":0,"enemies":"Sphere and 2 Shapes","floor":40,"turns":1}],"seed_played":"6601677534358996959","potions_obtained":[{"floor":8.0,"key":"Dexterity Potion"},{"floor":10.0,"key":"FearPotion"},{"floor":12.0,"key":"SkillPotion"},{"floor":16,"key":"Weak Potion"},{"floor":19,"key":"ColorlessPotion"},{"floor":25,"key":"infinitespire:BlackPotion"},{"floor":32,"key":"Weak Potion"},{"floor":36,"key":"Swift Potion"}],"is_trial":false,"path_per_floor":["R","M","$","M","R","M","T","M","R","E","?","M","$","T","M","B",null,"R","M","?","?","M","R","T","?","$","M","R","M","R","M","M","B",null,"R","M","M","?","?","M"],"character_chosen":"SLIMEBOUND","items_purchased":["Slimebound:Gluttony"],"campfire_rested":0,"item_purchase_floors":[3],"current_hp_per_floor":[66,66,64,66,66,61,61,64,64,53,53,56,56,56,64,61,66,76,49,49,52,43,43,43,43,43,54,54,75,75,79,47,79,79,79,61,79,79,71,3,3,3],"gold":1276,"neow_bonus":"TEN_PERCENT_HP_BONUS","is_daily":false,"chose_seed":false,"campfire_upgraded":8,"win_rate":0.0,"timestamp":1608613015,"path_taken":["R","M","$","M","R","M","T","M","R","E","?","?","$","?","M","BOSS","R","M","?","?","M","R","T","?","$","?","R","M","R","M","M","BOSS","R","M","M","?","?","M"],"items_purchased_type":["Card"],"build_version":"2020-12-13","purchased_purges":1,"victory":false,"max_hp_per_floor":[66,66,66,66,66,66,66,66,66,66,66,66,66,66,66,66,66,76,76,76,79,79,79,79,79,79,79,79,79,79,79,79,79,79,79,79,79,79,79,15,15,15],"card_choices":[{"not_picked":["Slimebound:ViciousTackle","Slimebound:BestDefense"],"picked":"Slimebound:AcidTongue","floor":2.0},{"not_picked":["Slimebound:Teamwork","Slimebound:RollThrough"],"picked":"Slimebound:SplitLeeching","floor":3.0},{"not_picked":["Slimebound:Schlurp","Slimebound:Repurpose"],"picked":"Slimebound:GoopSpray","floor":4.0},{"not_picked":["Slimebound:Chomp","Slimebound:Replication"],"picked":"Slimebound:LeechingTouch","floor":6.0},{"not_picked":["Slimebound:RejuvenatingLick","Slimebound:BestDefense"],"picked":"Slimebound:GrowthPunch","floor":8.0},{"not_picked":["Slimebound:GrowthPunch","Slimebound:SlimeSpikes"],"picked":"Slimebound:LeechEnergy","floor":10.0},{"not_picked":["Slimebound:ComboTackle","Slimebound:RejuvenatingLick"],"picked":"Slimebound:LeadByExample","floor":12.0},{"not_picked":["Slimebound:ProtectTheBoss","Slimebound:Schlurp"],"picked":"Slimebound:RainOfGoop","floor":13},{"not_picked":["Slimebound:ViciousTackle","Slimebound:SplitBruiser"],"picked":"Slimebound:SamplingLick","floor":15},{"not_picked":["Slimebound:DuplicatedForm","Slimebound:RallyTheTroops"],"picked":"Slimebound:Teamwork","floor":16},{"not_picked":["Slimebound:GoopSpray","Slimebound:ComboTackle"],"picked":"Slimebound:SplitBruiser","floor":19},{"not_picked":["Slimebound:Schlurp","Slimebound:ViciousTackle","Slimebound:LeechEnergy+1"],"picked":"SKIP","floor":22},{"not_picked":["Slimebound:SplitMire","Slimebound:SplitAcid"],"picked":"Slimebound:Repurpose+1","floor":26},{"not_picked":["Slimebound:Schlurp+1","Slimebound:GrowthPunch+1"],"picked":"Slimebound:Nibble+1","floor":27},{"not_picked":["Slimebound:ViciousTackle+1","Slimebound:LeechEnergy+1"],"picked":"Slimebound:TongueLash","floor":29},{"not_picked":["Slimebound:LeechEnergy","Slimebound:ViciousTackle+1"],"picked":"Slimebound:SlimeTap","floor":31},{"not_picked":["Slimebound:RainOfGoop","Slimebound:Schlurp"],"picked":"Slimebound:ItLooksTasty+1","floor":32},{"not_picked":["Slimebound:RallyTheTroops","Slimebound:DouseInSlime"],"picked":"Slimebound:LeechLife","floor":33},{"not_picked":["Slimebound:ComboTackle+1","Slimebound:SplitAcid+1"],"picked":"Slimebound:TongueLash+1","floor":36},{"not_picked":["Slimebound:SplitLeeching","Slimebound:RollThrough","Slimebound:GoopTackle"],"picked":"SKIP","floor":37}],"player_experience":810702,"relics_obtained":[{"floor":10.0,"key":"Orichalcum"},{"floor":14,"key":"hubris:MobiusCoin"},{"floor":24,"key":"Toy Ornithopter"}],"event_choices":[{"cards_removed":["Slimebound:Defend_Slimebound"],"damage_healed":0.0,"max_hp_gain":0.0,"max_hp_loss":0.0,"gold_gain":0.0,"event_name":"Bonfire Elementals","player_choice":"Offered Basic","floor":11.0,"gold_loss":0.0,"damage_taken":0.0},{"cards_removed":["Slimebound:Defend_Slimebound"],"damage_healed":0,"gold_gain":0,"player_choice":"Offered Basic","damage_taken":0,"max_hp_gain":0,"max_hp_loss":0,"event_name":"Bonfire Elementals","floor":13,"gold_loss":0},{"damage_healed":0,"gold_gain":0,"player_choice":"Got Potions","damage_taken":0,"max_hp_gain":0,"max_hp_loss":0,"event_name":"Lab","floor":25,"gold_loss":0}],"is_beta":false,"boss_relics":[{"not_picked":["infinitespire:Cupcake","Pandora\u0027s Box"],"picked":"hubris:HollowSoul"},{"not_picked":["Cursed Key","Replay:Grab Bag"],"picked":"Replay:Fungal Core"}],"items_purged_floors":[26],"is_endless":false,"potions_floor_spawned":[8,10,12,16,19,27,29,32,36],"killed_by":"Sphere and 2 Shapes","ascension_level":0}}