{"host":"e87rn453naquue3h","time":1608672655,"event":{"mods":["AchievementEnabler","BaseMod","Downfall","Minty Spire (QoL Compilation)","StSLib"],"gold_per_floor":[99,109,109,129,146,71,94,120,120,156,156,189,189,231,259,369,369,294,323,341,441,470,470,470,535,64,140,209,235,235,277,309,415,415,433,444,542,66,116,143,214,255,180,198,198,225,225,269,301,301],"floor_reached":51,"playtime":4860,"items_purged":["Guardian:Defend_Guardian","Guardian:Strike_Guardian"],"score":1012,"play_id":"794eae65-2881-4fca-aa69-4d77932f14cc","local_time":"20201222163055","is_ascension_mode":true,"campfire_choices":[{"floor":1,"key":"RECALL"},{"data":"Guardian:Orbwalk","floor":6,"key":"SMITH"},{"data":"Guardian:CompilePackage","floor":11,"key":"SMITH"},{"floor":13,"key":"REST"},{"data":"Guardian:RevengeProtocol","floor":18,"key":"SMITH"},{"data":"Guardian:CompilePackage","floor":23,"key":"SMITH"},{"data":"Guardian:FloatingOrbs","floor":30,"key":"SMITH"},{"data":"Guardian:TemporalShield","floor":43,"key":"SMITH"},{"data":"Guardian:Preprogram","floor":45,"key":"SMITH"},{"data":"Guardian:Preprogram","floor":47,"key":"SMITH"}],"circlet_count":0,"master_deck":["Guardian:Strike_Guardian","Guardian:Strike_Guardian","Guardian:Strike_Guardian+1","Guardian:Defend_Guardian","Guardian:Defend_Guardian","Guardian:Defend_Guardian","Guardian:CurlUp","Guardian:TwinSlam","Guardian:Orbwalk+1","Guardian:ArmoredProtocol","Guardian:FloatingOrbs+1","Guardian:Preprogram+1","Guardian:ChargeCore+1","Guardian:CompilePackage+1","Guardian:TemporalShield+1","Guardian:FuturePlans","Guardian:ArmoredProtocol","Guardian:RevengeProtocol+1","Guardian:CompilePackage+1","Guardian:Preprogram+1","Guardian:GuardianWhirl+1","Guardian:BronzeOrb+1","Guardian:RevengeProtocol+1","Guardian:TimeBomb","Guardian:GuardianWhirl+1","Guardian:ChargeCore+1","Guardian:StasisStrike+1","Guardian:ChargeUp+1","Guardian:GatlingBeam+1","Guardian:ShieldCharger+1","Guardian:Gem_Lightblue","Guardian:ExploitGems+1","Guardian:Orbwalk+1","Guardian:Gem_Fragmented"],"relics":["Guardian:ModeShifter","Prayer Wheel","downfall:HeartBlessingRed","CeramicFish","Strawberry","Whetstone","Molten Egg 2","SacredBark","downfall:HeartBlessingGreen","downfall:CloakOfManyFaces","CultistMask","FaceOfCleric","NlothsMask","GremlinMask","SsserpentHead","Thread and Needle","DollysMirror","Guardian:PickAxe","Tiny Chest","SlaversCollar","WingedGreaves","CaptainsWheel","Toxic Egg 2","downfall:HeartBlessingBlue","Pantograph","Potion Belt"],"acts_visited":["Exordium","TheCity","TheBeyond"],"potions_floor_usage":[8,10,31,33,33],"damage_taken":[{"damage":0,"enemies":"Cultist","floor":2,"turns":3},{"damage":0,"enemies":"Small Slimes","floor":4,"turns":6},{"damage":1,"enemies":"Jaw Worm","floor":5,"turns":4},{"damage":11,"enemies":"3 Sentries","floor":8,"turns":5},{"damage":12,"enemies":"Gremlin Nob","floor":10,"turns":4},{"damage":0,"enemies":"Red Slaver","floor":12,"turns":3},{"damage":15,"enemies":"3 Sentries","floor":14,"turns":7},{"damage":7,"enemies":"Exordium Thugs","floor":15,"turns":5},{"damage":14,"enemies":"downfall:Defect","floor":16,"turns":6},{"damage":3,"enemies":"Chosen","floor":19,"turns":5},{"damage":0,"enemies":"Spheric Guardian","floor":20,"turns":4},{"damage":0,"enemies":"downfall:FaceTrader","floor":21,"turns":4},{"damage":0,"enemies":"Cultist and Chosen","floor":22,"turns":5},{"damage":14,"enemies":"Snake Plant","floor":25,"turns":3},{"damage":0,"enemies":"downfall:FleeingMerchant","floor":26,"turns":4},{"damage":0,"enemies":"Centurion and Healer","floor":27,"turns":4},{"damage":2,"enemies":"Cultist and Chosen","floor":28,"turns":5},{"damage":14,"enemies":"Book of Stabbing","floor":29,"turns":4},{"damage":0,"enemies":"Gremlin Leader","floor":31,"turns":5},{"damage":6,"enemies":"Snecko","floor":32,"turns":5},{"damage":11,"enemies":"downfall:Ironclad","floor":33,"turns":5},{"damage":7,"enemies":"3 Darklings","floor":36,"turns":4},{"damage":37,"enemies":"2 Orb Walkers","floor":37,"turns":5},{"damage":3,"enemies":"downfall:FleeingMerchant","floor":38,"turns":4},{"damage":3,"enemies":"3 Shapes","floor":40,"turns":5},{"damage":0,"enemies":"Reptomancer","floor":42,"turns":3},{"damage":1,"enemies":"Giant Head","floor":46,"turns":5},{"damage":5,"enemies":"Nemesis","floor":48,"turns":6},{"damage":0,"enemies":"Transient","floor":49,"turns":5},{"damage":0,"enemies":"downfall:Watcher","floor":50,"turns":6}],"seed_played":"7609847773414936984","potions_obtained":[{"floor":4,"key":"Explosive Potion"},{"floor":5,"key":"AttackPotion"},{"floor":8,"key":"Swift Potion"},{"floor":10,"key":"Guardian:BlockOnCardUsePotion"},{"floor":16,"key":"DuplicationPotion"},{"floor":29,"key":"Guardian:DefensiveModePotion"},{"floor":32,"key":"FearPotion"},{"floor":36,"key":"BlessingOfTheForge"},{"floor":49,"key":"Explosive Potion"}],"is_trial":false,"path_per_floor":["R","M","?","M","M","R","T","E","?","E","R","M","R","E","M","B",null,"R","M","M","?","M","R","T","M","$","M","M","E","R","E","M","B",null,"R","M","?","$","?","M","T","E","R","R","R","E","R","E","M","B",null],"character_chosen":"GUARDIAN","items_purchased":["Thread and Needle","DollysMirror","CaptainsWheel","DuplicationPotion"],"campfire_rested":1,"item_purchase_floors":[26,26,38,38],"current_hp_per_floor":[56,56,56,56,55,55,55,51,51,39,39,39,65,50,43,29,87,87,84,84,84,85,85,85,72,73,74,73,60,60,61,56,46,96,96,90,54,52,109,107,107,108,118,118,118,118,118,114,115,125],"gold":301,"neow_bonus":"ONE_RARE_RELIC","is_daily":false,"chose_seed":false,"campfire_upgraded":8,"win_rate":0.0,"timestamp":1608672655,"path_taken":["R","M","?","?","M","R","T","E","?","E","R","M","R","E","M","BOSS","R","M","M","?","M","R","T","?","?","?","?","E","R","E","M","BOSS","R","M","?","$","?","M","T","E","R","R","R","E","R","E","M","BOSS"],"items_purchased_type":["Relic","Relic","Relic","Potion"],"build_version":"2020-12-13","purchased_purges":2,"victory":true,"max_hp_per_floor":[80,80,80,80,80,80,80,87,87,87,87,87,87,87,87,87,87,87,87,87,87,88,88,88,89,90,91,92,93,93,94,95,96,96,96,97,98,99,109,110,110,111,121,121,121,122,122,123,124,125],"card_choices":[{"not_picked":["Guardian:Incinerate","Guardian:ShieldCharger"],"picked":"Guardian:Orbwalk","floor":2},{"not_picked":["Guardian:MultiBeam","Guardian:WalkerClaw"],"picked":"Guardian:ArmoredProtocol","floor":2},{"not_picked":["Guardian:TemporalStrike","Guardian:CrystalBeam"],"picked":"Guardian:FloatingOrbs","floor":4},{"not_picked":["Guardian:Emergency","Guardian:ChargeUp"],"picked":"Guardian:Preprogram","floor":4},{"not_picked":["Guardian:WalkerClaw","Guardian:Suspension"],"picked":"Guardian:Gem_Synthetic","floor":5},{"not_picked":["Guardian:BronzeArmor","Guardian:PrismaticBarrier"],"picked":"Guardian:ChargeCore","floor":5},{"not_picked":["Guardian:VentSteam","Guardian:PiercingHide","Guardian:Gem_Red"],"picked":"SKIP","floor":8},{"not_picked":["Guardian:VentSteam","Guardian:ChargeCore"],"picked":"Guardian:CompilePackage","floor":10},{"not_picked":["Guardian:Incinerate","Guardian:Planning"],"picked":"Guardian:TemporalShield","floor":12},{"not_picked":["Guardian:Gem_Green","Guardian:BronzeOrb"],"picked":"Guardian:FuturePlans","floor":12},{"not_picked":["Guardian:CrystalBeam+1","Guardian:PrimingBeam+1"],"picked":"Guardian:ArmoredProtocol","floor":14},{"not_picked":["Guardian:Gem_Red","Guardian:Gem_Green"],"picked":"Guardian:RevengeProtocol","floor":15},{"not_picked":["Guardian:ChargeCore+1","Guardian:TemporalShield"],"picked":"Guardian:Gem_Yellow","floor":15},{"not_picked":["Guardian:SphericShield","Guardian:StasisField"],"picked":"Guardian:CompilePackage","floor":16},{"not_picked":["Guardian:Gem_Crimson","Guardian:TemporalStrike+1"],"picked":"Guardian:Preprogram","floor":19},{"not_picked":["Guardian:EvasiveProtocol","Guardian:Planning","Guardian:Suspension"],"picked":"SKIP","floor":19},{"not_picked":["Guardian:TemporalStrike+1","Guardian:CrystalBeam+1","Guardian:Gem_Lightblue"],"picked":"SKIP","floor":20},{"not_picked":["Guardian:TemporalStrike+1","Guardian:RollAttack+1","Guardian:Gem_Lightblue"],"picked":"SKIP","floor":20},{"not_picked":["Guardian:TemporalStrike+1","Guardian:Incinerate+1"],"picked":"Guardian:GuardianWhirl+1","floor":22},{"not_picked":["Guardian:PiercingHide+1","Guardian:GuardianWhirl+1","Guardian:ShieldCharger+1"],"picked":"SKIP","floor":22},{"not_picked":["Guardian:ShieldCharger","Guardian:GuardianWhirl+1","Guardian:MultiBeam+1"],"picked":"SKIP","floor":25},{"not_picked":["Guardian:TemporalShield","Guardian:PiercingHide","Guardian:RollAttack+1"],"picked":"SKIP","floor":25},{"not_picked":["Guardian:TemporalShield","Guardian:ConstructionForm"],"picked":"Guardian:BronzeOrb+1","floor":26},{"not_picked":["Guardian:Gem_Fragmented","Guardian:Planning"],"picked":"Guardian:TimeBomb","floor":27},{"not_picked":["Guardian:PrimingBeam+1","Guardian:ChargeCore+1","Guardian:TemporalShield"],"picked":"SKIP","floor":27},{"not_picked":["Guardian:WalkerClaw+1","Guardian:VentSteam","Guardian:Harden"],"picked":"SKIP","floor":28},{"not_picked":["Guardian:PrimingBeam+1","Guardian:DecasProtection","Guardian:BronzeOrb+1"],"picked":"SKIP","floor":28},{"not_picked":["Guardian:PrimingBeam+1","Guardian:Suspension","Guardian:ChargeCore+1"],"picked":"SKIP","floor":29},{"not_picked":["Guardian:TemporalShield","Guardian:Gem_Lightblue"],"picked":"Guardian:GuardianWhirl+1","floor":31},{"not_picked":["Guardian:Gem_Red","Guardian:ArmoredProtocol+1"],"picked":"Guardian:ChargeCore+1","floor":32},{"not_picked":["Guardian:Gem_Red","Guardian:Preprogram"],"picked":"Guardian:Gem_White","floor":32},{"not_picked":["Guardian:GemFire+1","Guardian:HyperBeam_Guardian+1"],"picked":"Guardian:StasisStrike+1","floor":33},{"not_picked":["Guardian:TemporalStrike+1","Guardian:Gem_Purple","Guardian:WalkerClaw+1"],"picked":"SKIP","floor":36},{"not_picked":["Guardian:Gem_Green","Guardian:PrimingBeam+1","Guardian:VentSteam+1"],"picked":"SKIP","floor":36},{"not_picked":["Guardian:Suspension","Guardian:PrimingBeam+1"],"picked":"Guardian:ChargeUp+1","floor":38},{"not_picked":["Guardian:MultiBeam+1","Guardian:ShieldSpikes+1"],"picked":"Guardian:GatlingBeam+1","floor":40},{"not_picked":["Guardian:Recover+1","Guardian:RollAttack+1","Guardian:PiercingHide+1"],"picked":"SKIP","floor":40},{"not_picked":["Guardian:Gem_Fragmented","Guardian:RollAttack+1"],"picked":"Guardian:ShieldCharger+1","floor":42},{"not_picked":["Guardian:TemporalShield+1","Guardian:Recover+1","Guardian:Gem_Cyan"],"picked":"SKIP","floor":46},{"not_picked":["Guardian:Preprogram+1","Guardian:GemFire+1"],"picked":"Guardian:ExploitGems+1","floor":48},{"not_picked":["Guardian:Gem_Green","Guardian:Reroute+1"],"picked":"Guardian:Orbwalk+1","floor":49},{"not_picked":["Guardian:Gem_Red","Guardian:TemporalStrike+1"],"picked":"Guardian:Gem_Fragmented","floor":49}],"player_experience":2364407,"relics_obtained":[{"floor":7,"key":"CeramicFish"},{"floor":8,"key":"Strawberry"},{"floor":10,"key":"Whetstone"},{"floor":14,"key":"Molten Egg 2"},{"floor":21,"key":"downfall:CloakOfManyFaces"},{"floor":29,"key":"Guardian:PickAxe"},{"floor":31,"key":"Tiny Chest"},{"floor":37,"key":"WingedGreaves"},{"floor":42,"key":"Toxic Egg 2"},{"floor":46,"key":"Pantograph"},{"floor":48,"key":"Potion Belt"}],"event_choices":[{"damage_healed":0,"gold_gain":0,"player_choice":"Ignored","damage_taken":0,"max_hp_gain":0,"max_hp_loss":0,"event_name":"NoteForYourself","floor":3,"gold_loss":0},{"damage_healed":0,"gold_gain":0,"player_choice":"Fight","damage_taken":0,"max_hp_gain":0,"max_hp_loss":0,"event_name":"Mysterious Sphere","floor":37,"gold_loss":0},{"cards_removed":["Guardian:Gem_Synthetic"],"damage_healed":47,"gold_gain":0,"player_choice":"Offered Rare","damage_taken":0,"max_hp_gain":10,"max_hp_loss":0,"event_name":"Bonfire Elementals","floor":39,"gold_loss":0}],"is_beta":false,"boss_relics":[{"not_picked":["Busted Crown","Empty Cage"],"picked":"SacredBark"},{"not_picked":["Astrolabe","Tiny House"],"picked":"SlaversCollar"}],"items_purged_floors":[26,38],"is_endless":false,"potions_floor_spawned":[4,5,8,10,16,19,20,25,29,32,36,46,49],"ascension_level":1}}