{"host":"f0gpob8hq9vgebej","time":1608646060,"event":{"mods":["AchievementEnabler","BaseMod","Googly Eyes","Minty Spire (QoL Compilation)","Quick Restart","SuperFastMode"],"gold_per_floor":[364,35,51,1,19,19,38,38,38,58,87,7,20,46,46,117,117,135,148,148,159,159,159,174,185,185,185,195,195,195,213,213,213,213],"floor_reached":33,"playtime":964,"items_purged":["Shame"],"score":431,"play_id":"ee43de01-a072-4523-b5ba-96a2c08629d6","local_time":"20201222230740","is_ascension_mode":true,"campfire_choices":[{"data":"Deadly Poison","floor":6.0,"key":"SMITH"},{"data":"Prepared","floor":8.0,"key":"SMITH"},{"floor":15.0,"key":"REST"},{"data":"Envenom","floor":23.0,"key":"SMITH"},{"floor":30.0,"key":"REST"},{"floor":32.0,"key":"REST"}],"circlet_count":0,"master_deck":["AscendersBane","Strike_G","Strike_G","Strike_G","Strike_G","Defend_G","Defend_G","Defend_G","Defend_G+1","Defend_G","Survivor+1","Neutralize","Prepared+1","Deadly Poison+1","Reflex","Blur","Tactician","Dagger Throw+1","Envenom+1","Glass Knife+1","Flying Knee+1","Phantasmal Killer+1","Blade Dance+1","Acrobatics+1","PiercingWail+1","Finisher+1","Blade Dance+1"],"relics":["Ring of the Snake","Paper Crane","Molten Egg 2","Toxic Egg 2","Toy Ornithopter","HoveringKite","War Paint","The Courier"],"acts_visited":["Exordium","TheCity"],"potions_floor_usage":[],"damage_taken":[{"damage":7.0,"enemies":"Small Slimes","floor":1.0,"turns":4.0},{"damage":2.0,"enemies":"2 Louse","floor":3.0,"turns":4.0},{"damage":0.0,"enemies":"Cultist","floor":5.0,"turns":5.0},{"damage":6.0,"enemies":"Exordium Wildlife","floor":7.0,"turns":5.0},{"damage":3.0,"enemies":"2 Fungi Beasts","floor":10.0,"turns":5.0},{"damage":20.0,"enemies":"3 Sentries","floor":11.0,"turns":13.0},{"damage":7.0,"enemies":"3 Louse","floor":13.0,"turns":3.0},{"damage":16.0,"enemies":"Gremlin Nob","floor":14.0,"turns":4.0},{"damage":12.0,"enemies":"Slime Boss","floor":16.0,"turns":10.0},{"damage":16.0,"enemies":"Spheric Guardian","floor":18.0,"turns":4.0},{"damage":9.0,"enemies":"Shell Parasite","floor":19.0,"turns":5.0},{"damage":19.0,"enemies":"3 Cultists","floor":21.0,"turns":5.0},{"damage":30.0,"enemies":"Shelled Parasite and Fungi","floor":24.0,"turns":9.0},{"damage":2.0,"enemies":"Centurion and Healer","floor":25.0,"turns":5.0},{"damage":5.0,"enemies":"Chosen and Byrds","floor":28.0,"turns":6.0},{"damage":6.0,"enemies":"Colosseum Slavers","floor":29.0,"turns":5.0},{"damage":20.0,"enemies":"Snecko","floor":31.0,"turns":5.0},{"damage":15,"enemies":"Automaton","floor":33,"turns":6}],"seed_played":"-2728382682038909748","potions_obtained":[{"floor":3.0,"key":"Block Potion"},{"floor":5.0,"key":"FearPotion"},{"floor":7.0,"key":"Strength Potion"},{"floor":16.0,"key":"SteroidPotion"},{"floor":18.0,"key":"CultistPotion"},{"floor":22.0,"key":"Fruit Juice"},{"floor":22.0,"key":"EntropicBrew"},{"floor":24.0,"key":"GhostInAJar"}],"is_trial":false,"path_per_floor":["M","$","M","?","M","R","M","R","T","M","E","$","M","E","R","B",null,"M","M","?","M","?","R","M","M","T","T","M","?","R","M","R","B"],"character_chosen":"THE_SILENT","items_purchased":["Paper Crane","Envenom"],"campfire_rested":3,"item_purchase_floors":[2,12],"current_hp_per_floor":[56,56,54,54,54,54,48,48,48,45,25,25,18,2,23,11,55,39,30,30,11,21,21,11,9,9,9,9,8,30,10,32,17,17],"gold":213,"neow_bonus":"TWO_FIFTY_GOLD","is_daily":false,"chose_seed":false,"campfire_upgraded":3,"win_rate":0.0,"timestamp":1608646060,"path_taken":["M","$","M","?","M","R","M","R","T","M","E","$","M","E","R","BOSS","M","M","?","M","?","R","?","M","T","?","M","?","R","M","R","BOSS"],"items_purchased_type":["Relic","Card"],"build_version":"2020-12-13","purchased_purges":1,"victory":false,"max_hp_per_floor":[70,70,70,70,70,70,70,70,70,70,70,70,70,70,70,70,70,70,70,70,70,75,75,75,75,75,75,75,75,75,75,75,75,75],"card_choices":[{"not_picked":["Infinite Blades","Dodge and Roll"],"picked":"Prepared","floor":1.0},{"not_picked":["Dodge and Roll","Prepared"],"picked":"Deadly Poison","floor":3.0},{"not_picked":["Blade Dance","Prepared"],"picked":"Reflex","floor":5.0},{"not_picked":["Cloak And Dagger","Masterful Stab"],"picked":"Blur","floor":7.0},{"not_picked":["Acrobatics","Reflex"],"picked":"Tactician","floor":10.0},{"not_picked":["Sucker Punch+1","Expertise+1"],"picked":"Dagger Throw+1","floor":11.0},{"not_picked":["Cloak And Dagger+1","Sucker Punch+1"],"picked":"Glass Knife+1","floor":13.0},{"not_picked":["Deflect+1","Quick Slash+1"],"picked":"Flying Knee+1","floor":14.0},{"not_picked":["Glass Knife+1","Die Die Die+1"],"picked":"Phantasmal Killer+1","floor":16.0},{"not_picked":["Expertise+1","Outmaneuver+1","Heel Hook+1"],"picked":"SKIP","floor":18.0},{"not_picked":["Quick Slash+1","Bane+1","Outmaneuver+1"],"picked":"SKIP","floor":19.0},{"not_picked":["Noxious Fumes","Quick Slash+1"],"picked":"Acrobatics+1","floor":21.0},{"not_picked":["Choke+1","Masterful Stab+1","Quick Slash+1"],"picked":"SKIP","floor":24.0},{"not_picked":["Flying Knee+1","Sucker Punch+1"],"picked":"PiercingWail+1","floor":25.0},{"not_picked":["Caltrops+1","Noxious Fumes+1"],"picked":"Finisher+1","floor":28.0},{"not_picked":["Sucker Punch+1","Outmaneuver+1"],"picked":"Blade Dance+1","floor":31.0}],"player_experience":198392,"relics_obtained":[{"floor":9.0,"key":"Molten Egg 2"},{"floor":11.0,"key":"Toxic Egg 2"},{"floor":14.0,"key":"Toy Ornithopter"},{"floor":26.0,"key":"War Paint"},{"floor":27.0,"key":"The Courier"}],"event_choices":[{"cards_removed":["Strike_G"],"damage_healed":0.0,"max_hp_gain":0.0,"max_hp_loss":0.0,"gold_gain":0.0,"event_name":"The Cleric","player_choice":"Card Removal","floor":4.0,"gold_loss":50.0,"damage_taken":0.0},{"damage_healed":0.0,"max_hp_gain":0.0,"max_hp_loss":0.0,"gold_gain":0.0,"event_name":"The Library","player_choice":"Read","floor":20.0,"gold_loss":0.0,"damage_taken":0.0,"cards_obtained":["Blade Dance"]},{"damage_healed":0.0,"max_hp_gain":0.0,"max_hp_loss":0.0,"gold_gain":0.0,"event_name":"Lab","player_choice":"Got Potions","floor":22.0,"gold_loss":0.0,"damage_taken":0.0},{"damage_healed":0.0,"max_hp_gain":0.0,"max_hp_loss":0.0,"gold_gain":0.0,"event_name":"Colosseum","player_choice":"Fight","floor":29.0,"gold_loss":0.0,"damage_taken":0.0},{"damage_healed":0.0,"max_hp_gain":0.0,"max_hp_loss":0.0,"gold_gain":0.0,"event_name":"Colosseum","player_choice":"Fled From Nobs","floor":29.0,"gold_loss":0.0,"damage_taken":0.0}],"is_beta":false,"boss_relics":[{"not_picked":["Empty Cage","Cursed Key"],"picked":"HoveringKite"}],"items_purged_floors":[2],"is_endless":false,"potions_floor_spawned":[3,5,7,16,18,24,29],"killed_by":"Automaton","ascension_level":13}}