{"host":"dr74i48rjaqsqifn","time":1608646961,"event":{"mods":["Aspiration","Astrologer","BaseMod","Beaked The Cultist","Challenge The Spire","Colored Powertips","Conspire","Downfall","Energized Spire","Halation","Hubris","Hunter ??","Infinite Spire","Mad Scientist","Marisa????????","Minty Spire (QoL Compilation)","Prisma Mod","Replay The Spire","StSLib","Synergy Search","The Administrix","The Animator","The Bug Knight","The Construct","The Cursed","The Disciple","The Elementalist","The Factory","The Gatherer","The Hierophant","The Jungle","The Mystic","The Necromancer","The Runesmith","vexMod"],"gold_per_floor":[109,109,109,109,109,131,162,162],"floor_reached":7,"playtime":750,"items_purged":[],"score":49,"play_id":"990a9e45-9168-4277-ae65-6063efc89dab","local_time":"20201222212241","is_ascension_mode":false,"campfire_choices":[],"circlet_count":0,"master_deck":["animator:Strike_Elsword","animator:Defend_Elsword","animator:Strike","animator:Strike","animator:Strike","animator:Defend","animator:Defend","animator:Defend","animator:Chung","animator:Raven","animator:Genos","Injury","CommonCold","animator:Archer+1","animator:Alexander"],"relics":["animator:LivingPicture","animator:TheMissingPiece","Pet Ghost","Frozen Egg 2","Ring of Hypnosis","Bottled Tornado"],"acts_visited":["Exordium"],"potions_floor_usage":[],"damage_taken":[{"damage":0,"enemies":"2 Louse","floor":1,"turns":3},{"damage":4,"enemies":"Small Slimes","floor":6,"turns":4},{"damage":24,"enemies":"HollowMod:MossKnight","floor":7,"turns":9}],"seed_played":"4841809617710751631","potions_obtained":[{"floor":1,"key":"champ:CounterPotion"},{"floor":7,"key":"SkillPotion"}],"is_trial":false,"path_per_floor":["M","?","?","?","?","M","E"],"character_chosen":"THE_ANIMATOR","items_purchased":[],"campfire_rested":0,"item_purchase_floors":[],"current_hp_per_floor":[72,54,54,61,61,57,34,34],"gold":162,"neow_bonus":"TEN_PERCENT_HP_BONUS","is_daily":false,"chose_seed":false,"campfire_upgraded":0,"win_rate":0.0,"timestamp":1608646961,"path_taken":["M","?","?","?","?","M","E"],"items_purchased_type":[],"build_version":"2020-12-13","purchased_purges":0,"victory":false,"max_hp_per_floor":[72,72,72,72,72,72,73,73],"card_choices":[{"not_picked":["animator:Chung","animator:Add"],"picked":"animator:Genos","floor":1},{"not_picked":["animator:Kuribayashi","animator:Add"],"picked":"animator:Archer+1","floor":6},{"not_picked":["animator:Kuribayashi","animator:Elsword"],"picked":"animator:Alexander","floor":7}],"player_experience":157153,"relics_obtained":[{"floor":5,"key":"Ring of Hypnosis"},{"floor":7,"key":"Bottled Tornado"}],"event_choices":[{"damage_healed":0,"gold_gain":0,"player_choice":"Success","damage_taken":18,"relics_obtained":["Pet Ghost"],"max_hp_gain":0,"max_hp_loss":0,"event_name":"Scrap Ooze","floor":2,"gold_loss":0}],"is_beta":false,"boss_relics":[],"items_purged_floors":[],"is_endless":false,"potions_floor_spawned":[1,7],"killed_by":"HollowMod:MossKnight","ascension_level":0}}