{"host":"7yxt37kap0q16lk4","time":1608635950,"event":{"mods":["2.2 Compatiblity","Act Like it!","BaseMod","Better Third Choice","Better-Laid Plans","Colored Map","Custom Start","Highlight Path","Keyboard Shortcuts","Minty Spire (QoL Compilation)","Quick Restart","Rare Cards Sparkle","Relic Stats","Shop Mod","Slay the Relics Exporter","StSLib","SuperFastMode"],"gold_per_floor":[20,32,44,64,80,80,111,121,121,121,121,121,121],"floor_reached":12,"playtime":430,"items_purged":[],"score":164,"play_id":"5eab0d90-eb85-4e4c-88fa-7f6652fc2ea7","local_time":"20201222201910","is_ascension_mode":true,"campfire_choices":[{"floor":6.0,"key":"REST"},{"floor":11,"key":"REST"}],"circlet_count":0,"master_deck":["AscendersBane","Strike_R","Strike_R","Strike_R","Strike_R","Strike_R","Defend_R","Defend_R","Defend_R","Defend_R","Bash","Warcry","Cleave","Sword Boomerang","Spot Weakness","Fire Breathing","Flex","Offering"],"relics":["Burning Blood","StoneCalendar","Omamori","Matryoshka"],"acts_visited":["Exordium"],"potions_floor_usage":[],"damage_taken":[{"damage":6.0,"enemies":"Cultist","floor":1.0,"turns":3.0},{"damage":29.0,"enemies":"Jaw Worm","floor":2.0,"turns":4.0},{"damage":14.0,"enemies":"Small Slimes","floor":3.0,"turns":3.0},{"damage":24.0,"enemies":"Blue Slaver","floor":4.0,"turns":5.0},{"damage":13.0,"enemies":"Exordium Wildlife","floor":5.0,"turns":2.0},{"damage":23.0,"enemies":"Lagavulin","floor":7.0,"turns":7.0},{"damage":13.0,"enemies":"Red Slaver","floor":8.0,"turns":3.0},{"damage":54,"enemies":"Gremlin Nob","floor":12,"turns":3}],"seed_played":"7928786169924612855","potions_obtained":[{"floor":2.0,"key":"GamblersBrew"},{"floor":5.0,"key":"Dexterity Potion"}],"is_trial":false,"path_per_floor":["M","M","M","M","M","R","E","M","T","?","R","E"],"character_chosen":"IRONCLAD","items_purchased":[],"campfire_rested":2,"item_purchase_floors":[],"current_hp_per_floor":[68,45,37,19,12,34,17,10,10,10,32,0,0],"gold":121,"neow_bonus":"ONE_RARE_RELIC","is_daily":false,"chose_seed":false,"campfire_upgraded":0,"win_rate":0.0,"timestamp":1608635950,"path_taken":["M","M","M","?","M","R","E","M","T","?","R","E"],"items_purchased_type":[],"build_version":"2020-12-13","purchased_purges":0,"victory":false,"max_hp_per_floor":[75,75,75,75,75,75,75,75,75,75,75,75,75],"relic_stats":{"counters":[8,30],"StoneCalendar":[22],"obtain_stats":[{"Matryoshka":9,"StoneCalendar":0,"Omamori":7,"Burning Blood":0},{"Matryoshka":7,"StoneCalendar":0,"Omamori":6,"Burning Blood":0},{"Matryoshka":27,"StoneCalendar":0,"Omamori":24,"Burning Blood":0}],"Burning Blood":42},"card_choices":[{"not_picked":["Clash","Armaments"],"picked":"Warcry","floor":1.0},{"not_picked":["Intimidate","Heavy Blade"],"picked":"Cleave","floor":2.0},{"not_picked":["Perfected Strike","Warcry"],"picked":"Sword Boomerang","floor":3.0},{"not_picked":["Blood for Blood","Havoc"],"picked":"Spot Weakness","floor":4.0},{"not_picked":["Wild Strike","Perfected Strike"],"picked":"Fire Breathing","floor":5.0},{"not_picked":["Cleave","Hemokinesis"],"picked":"Flex","floor":7.0},{"not_picked":["Body Slam","Anger"],"picked":"Offering","floor":8.0}],"player_experience":1012206,"relics_obtained":[{"floor":7.0,"key":"Omamori"},{"floor":9.0,"key":"Matryoshka"}],"event_choices":[{"damage_healed":10,"gold_gain":0,"player_choice":"Leave","damage_taken":0,"max_hp_gain":0,"max_hp_loss":75,"event_name":"betterThird:BetterShining","floor":10,"gold_loss":0}],"is_beta":false,"boss_relics":[],"items_purged_floors":[],"is_endless":false,"potions_floor_spawned":[2,5],"killed_by":"Gremlin Nob","ascension_level":20}}