{"host":"5dzuyvrjb30uqvwu","time":1608632768,"event":{"mods":["AchievementEnabler","BaseMod","Colored Powertips","Lobotomy","Minty Spire (QoL Compilation)","Quick Restart","slay the spire mod where everything is the same but ironclad has a cowboy hat"],"gold_per_floor":[112,287,287,287,306,306,335,335,413,427,377,412,412,443,443,538,538,558,483,502,502,521,548,560,570,652,652,752,765,765,765,765],"floor_reached":31,"playtime":1747,"items_purged":["Laetitia"],"score":389,"play_id":"23476d80-be0e-4fe0-839b-223faf4b4412","local_time":"20201222022608","is_ascension_mode":true,"campfire_choices":[{"data":"Thunderclap","floor":6,"key":"SMITH"},{"data":"Bash","floor":8,"key":"SMITH"},{"data":"Shrug It Off","floor":15,"key":"SMITH"},{"floor":30,"key":"DIG"}],"circlet_count":0,"master_deck":["Strike_R","Strike_R+1","Strike_R","Defend_R","Defend_R","Defend_R","RedShoes","BigBadWolf","Demon Form","Woodsman","HereticApostle","Brutality","RitualDagger","BodiesMountain","NothingThere"],"relics":["Burning Blood","CogitoBucket","Whetstone","Singing Bowl","Gremlin Horn","Toy Ornithopter","SlaversCollar","AspirationHeart","WarpedTongs","Bronze Scales","LuminousBracelet","Question Card","Shovel","Frozen Egg 2","Kunai"],"acts_visited":["Exordium","TheCity"],"potions_floor_usage":[16,23,28,29],"damage_taken":[{"damage":5,"enemies":"Jaw Worm","floor":1,"turns":4},{"damage":0,"enemies":"Small Slimes","floor":5,"turns":3},{"damage":35,"enemies":"Lagavulin","floor":7,"turns":6},{"damage":1,"enemies":"2 Louse","floor":10,"turns":2},{"damage":17,"enemies":"Gremlin Nob","floor":12,"turns":3},{"damage":15,"enemies":"Lagavulin","floor":14,"turns":5},{"damage":0,"enemies":"Slime Boss","floor":16,"turns":2},{"damage":65,"enemies":"3 Byrds","floor":18,"turns":6},{"damage":25,"enemies":"2 Thieves","floor":20,"turns":3},{"damage":47,"enemies":"Snake Plant","floor":22,"turns":4},{"damage":14,"enemies":"Gremlin Leader","floor":23,"turns":4},{"damage":27,"enemies":"3 Cultists","floor":24,"turns":3},{"damage":179,"enemies":"Snecko","floor":25,"turns":7},{"damage":47,"enemies":"Colosseum Slavers","floor":28,"turns":3},{"damage":7,"enemies":"Colosseum Nobs","floor":28,"turns":2},{"damage":25,"enemies":"Centurion and Healer","floor":29,"turns":6},{"damage":30,"enemies":"Snake Plant","floor":31,"turns":1}],"seed_played":"-3003156824965849587","potions_obtained":[{"floor":4,"key":"Ancient Potion"},{"floor":4,"key":"LiquidMemories"},{"floor":4,"key":"BlessingOfTheForge"},{"floor":14,"key":"DistilledChaos"},{"floor":18,"key":"FairyPotion"},{"floor":23,"key":"Fruit Juice"},{"floor":25,"key":"Strength Potion"},{"floor":29,"key":"Dexterity Potion"}],"is_trial":false,"path_per_floor":["M","?","?","?","M","R","E","R","T","M","?","E","?","E","R","B",null,"M","$","M","?","M","E","M","M","T","?","?","M","R","M"],"character_chosen":"IRONCLAD","items_purchased":[],"campfire_rested":0,"item_purchase_floors":[],"current_hp_per_floor":[80,80,73,73,79,79,50,50,50,57,57,48,48,41,41,46,86,37,37,39,39,22,96,105,54,54,48,18,27,27,0,0],"gold":765,"neow_bonus":"","is_daily":false,"chose_seed":false,"campfire_upgraded":3,"win_rate":0.0,"timestamp":1608632768,"path_taken":["M","?","?","?","?","R","E","R","T","?","?","E","?","E","R","BOSS","M","$","M","?","M","E","?","M","T","?","?","M","R","M"],"items_purchased_type":[],"build_version":"2020-12-13","purchased_purges":1,"victory":false,"max_hp_per_floor":[80,80,80,80,80,80,80,80,80,82,82,84,84,86,86,86,86,96,96,98,98,100,105,107,124,124,124,126,128,128,128,128],"card_choices":[{"not_picked":["FairyFestival","Freischutz"],"picked":"RedShoes","floor":1},{"not_picked":["Sword Boomerang","Havoc"],"picked":"Shrug It Off","floor":1},{"not_picked":["Bloodbath","BeautyBeast","MHz"],"picked":"Singing Bowl","floor":5},{"not_picked":["OSAHOGD","MeatLantern"],"picked":"Yin","floor":5},{"not_picked":["Headbutt","Dark Embrace"],"picked":"Thunderclap","floor":5},{"not_picked":["Hemokinesis","Iron Wave","True Grit"],"picked":"SKIP","floor":7},{"not_picked":["CherryBlossoms","LaLuna"],"picked":"BeautyBeast","floor":10},{"not_picked":["Disarm","Dropkick","Warcry"],"picked":"Singing Bowl","floor":10},{"not_picked":["Porccubus","MeltingLove"],"picked":"BigBadWolf","floor":12},{"not_picked":["Uppercut","Feel No Pain","Headbutt"],"picked":"Singing Bowl","floor":12},{"not_picked":["Wellcheers","BeautyBeast","Funeral"],"picked":"Singing Bowl","floor":14},{"not_picked":["Sword Boomerang","Pommel Strike","Iron Wave"],"picked":"Singing Bowl","floor":14},{"not_picked":["OSAHOGD","VoidDream"],"picked":"Laetitia","floor":16},{"not_picked":["Impervious","Fiend Fire"],"picked":"Demon Form","floor":16},{"not_picked":["ShyLook","Bloodbath","SingingMachine"],"picked":"Singing Bowl","floor":18},{"not_picked":["DreamingCurrent","PunishingBird"],"picked":"NothingThere","floor":18},{"not_picked":["Body Slam","Flex+1"],"picked":"Whirlwind+1","floor":18},{"not_picked":["Freischutz","PunishingBird","UniverseFragment"],"picked":"Singing Bowl","floor":20},{"not_picked":["VoidDream","Murderer"],"picked":"Woodsman","floor":20},{"not_picked":["Shrug It Off+1","Infernal Blade+1","Cleave+1"],"picked":"Singing Bowl","floor":20},{"not_picked":["QueenOfHatred","GreedKing","VoidDream"],"picked":"Singing Bowl","floor":22},{"not_picked":["WallGazer","UniverseFragment"],"picked":"CrumblingArmor","floor":22},{"not_picked":["Reckless Charge","Flex","Shockwave"],"picked":"Singing Bowl","floor":22},{"not_picked":["Murderer","SingingMachine","LaLuna"],"picked":"Singing Bowl","floor":23},{"not_picked":["Sever Soul","Disarm"],"picked":"Brutality","floor":23},{"not_picked":["WhitesApple","MeatLantern"],"picked":"WallGazer","floor":24},{"not_picked":["Body Slam","Pommel Strike","Cleave+1"],"picked":"Singing Bowl","floor":24},{"not_picked":["Freischutz","Scorched","LaLuna"],"picked":"Singing Bowl","floor":25},{"not_picked":["QueenBee","Laetitia"],"picked":"WhiteNight","floor":25},{"not_picked":["Dark Embrace+1","Sword Boomerang","Shrug It Off"],"picked":"Singing Bowl","floor":25},{"not_picked":["PunishingBird","BeautyBeast","CherryBlossoms"],"picked":"Singing Bowl","floor":28},{"not_picked":["GalaxyChild","QueenBee"],"picked":"BodiesMountain","floor":28},{"not_picked":["Uppercut","Blood for Blood+1","Clothesline+1","Metallicize+1"],"picked":"Singing Bowl","floor":28},{"not_picked":["LittleHelper","Laetitia"],"picked":"NothingThere","floor":29},{"not_picked":["Anger","Sword Boomerang","Bludgeon","Shrug It Off"],"picked":"Singing Bowl","floor":29}],"player_experience":311573,"relics_obtained":[{"floor":7,"key":"Whetstone"},{"floor":9,"key":"Singing Bowl"},{"floor":12,"key":"Gremlin Horn"},{"floor":14,"key":"Toy Ornithopter"},{"floor":23,"key":"Bronze Scales"},{"floor":26,"key":"Question Card"},{"floor":28,"key":"Shovel"},{"floor":28,"key":"Frozen Egg 2"},{"floor":30,"key":"Kunai"}],"event_choices":[{"damage_healed":0,"gold_gain":175,"player_choice":"AGREE","damage_taken":0,"max_hp_gain":0,"max_hp_loss":0,"event_name":"Liars Game","floor":2,"gold_loss":0,"cards_obtained":["Doubt"]},{"cards_removed":["Doubt"],"damage_healed":0,"gold_gain":0,"player_choice":"Card Removal","damage_taken":7,"max_hp_gain":0,"max_hp_loss":0,"event_name":"Golden Wing","floor":3,"gold_loss":0},{"damage_healed":0,"gold_gain":0,"player_choice":"Got Potions","damage_taken":0,"max_hp_gain":0,"max_hp_loss":0,"event_name":"Lab","floor":4,"gold_loss":0},{"cards_removed":["Defend_R"],"damage_healed":0,"gold_gain":0,"player_choice":"Card Removal","damage_taken":0,"max_hp_gain":0,"max_hp_loss":0,"event_name":"The Cleric","floor":11,"gold_loss":50},{"damage_healed":0,"gold_gain":0,"cards_transformed":["BeautyBeast"],"player_choice":"Change","damage_taken":0,"max_hp_gain":0,"max_hp_loss":0,"event_name":"Living Wall","floor":13,"gold_loss":0,"cards_obtained":["Entrench"]},{"damage_healed":0,"gold_gain":0,"player_choice":"Rummage","damage_taken":0,"relics_obtained":["WarpedTongs"],"max_hp_gain":0,"max_hp_loss":0,"event_name":"Accursed Blacksmith","floor":21,"gold_loss":0,"cards_obtained":["Pain"]},{"damage_healed":0,"gold_gain":0,"player_choice":"Joined the Cult","damage_taken":6,"max_hp_gain":0,"max_hp_loss":0,"event_name":"Nest","floor":27,"gold_loss":0,"cards_obtained":["RitualDagger"]},{"damage_healed":0,"gold_gain":0,"player_choice":"Fight","damage_taken":0,"max_hp_gain":0,"max_hp_loss":0,"event_name":"Colosseum","floor":28,"gold_loss":0},{"damage_healed":0,"gold_gain":0,"player_choice":"Fought Nobs","damage_taken":0,"max_hp_gain":0,"max_hp_loss":0,"event_name":"Colosseum","floor":28,"gold_loss":0}],"is_beta":false,"boss_relics":[{"not_picked":["Runic Cube","Runic Dome"],"picked":"SlaversCollar"}],"items_purged_floors":[19],"is_endless":false,"potions_floor_spawned":[5,7,14,18,22,23,25,28,29],"killed_by":"Snake Plant","ascension_level":1}}