{"host":"cccop0r9ue4xv1s4","time":1608644876,"event":{"mods":["AchievementEnabler","BaseMod","Downfall","HololiveMod","Marisa¡]Ãú«B¡@Å]²z¨F¡^","Minty Spire (QoL Compilation)","Quick Restart","Shop Mod","StSLib","SuperFastMode","The Bug Knight","The Cursed","The Servant 0.9.4"],"gold_per_floor":[66,66,66,216,216,541,592,633,246,256,297,322,334,471,499,611,632,644,679,718,830,435,463,463,488,514,439,439,462,531,531,551,662,662,662,675,755,338,353,392,446,175,175,175,187,212,245,300,323,323],"floor_reached":51,"playtime":2431,"items_purged":["Hololive_Strike","Hololive_Strike","Hololive_Strike+1","Hololive_Strike+1"],"score":1370,"play_id":"c533adff-c6d8-4c2c-9e09-9bb02d8d3074","local_time":"20201222214756","is_ascension_mode":true,"campfire_choices":[{"data":"Hololive_Trident","floor":1.0,"key":"SMITH"},{"data":"Hololive_Breathe","floor":13.0,"key":"SMITH"},{"floor":18.0,"key":"RECALL"},{"data":"Hololive_Breathe","floor":27.0,"key":"SMITH"},{"data":"Hololive_MaximGun","floor":35.0,"key":"SMITH"},{"data":"Master of Strategy","floor":44,"key":"SMITH"}],"circlet_count":0,"master_deck":["Hololive_Defend+1","Hololive_Defend+1","Hololive_Defend+1","Hololive_Defend+1","Hololive_LuckPotion","Hololive_Trident+1","Hololive_Breathe+1","Hololive_Rebound","Hololive_FlyingPonyTail","Hololive_FlyingPonyTail","Hololive_StrengthChampion","CurseOfTheBell","Hololive_LuckPotion","Hololive_Breathe+1","Hololive_StrengthChampion","Hololive_FlyingPonyTail","Hololive_Breathe+1","Hololive_FlyingPonyTail","Hololive_StrengthChampion+1","Hololive_MaximGun+1","Hololive_FlyingPonyTail","Hololive_StrengthChampion+1","Master of Strategy+1","Hololive_Watashimo+1","Hololive_FlyingPonyTail+1","Hololive_Breathe"],"relics":["Hololive_TheStar","Hololive_Peko","downfall:HeartsMalice","Spirit Poop","Old Coin","Dream Catcher","CeramicFish","HollowMod:LifeEnderRelic","MawBank","Bronze Scales","Calling Bell","Nunchaku","Darkstone Periapt","FossilizedHelix","Membership Card","Shuriken","Tiny Chest","Lantern","Akabeko","downfall:HeartBlessingRed","Bag of Preparation","Blue Candle","Coffee Dripper","HornCleat","Molten Egg 2","Sling","Pantograph","Strawberry","InkBottle","Lee\u0027s Waffle","Ice Cream","CatCart"],"acts_visited":["Exordium","TheCity","TheBeyond"],"potions_floor_usage":[45,50,50],"damage_taken":[{"damage":0.0,"enemies":"2 Louse","floor":2.0,"turns":1.0},{"damage":0.0,"enemies":"downfall:FleeingMerchant","floor":3.0,"turns":1.0},{"damage":0.0,"enemies":"Gremlin Nob","floor":6.0,"turns":1.0},{"damage":1.0,"enemies":"Lagavulin","floor":8.0,"turns":6.0},{"damage":0.0,"enemies":"downfall:FleeingMerchant","floor":9.0,"turns":4.0},{"damage":0.0,"enemies":"Cultist","floor":10.0,"turns":2.0},{"damage":0.0,"enemies":"HollowMod:MossKnight","floor":11.0,"turns":4.0},{"damage":0.0,"enemies":"Small Slimes","floor":12.0,"turns":2.0},{"damage":18.0,"enemies":"Small Slimes","floor":14.0,"turns":4.0},{"damage":0.0,"enemies":"3 Louse","floor":15.0,"turns":2.0},{"damage":0.0,"enemies":"downfall:Silent","floor":16.0,"turns":4.0},{"damage":0.0,"enemies":"Chosen","floor":19.0,"turns":3.0},{"damage":0.0,"enemies":"Shell Parasite","floor":20.0,"turns":3.0},{"damage":0.0,"enemies":"downfall:FleeingMerchant","floor":22.0,"turns":4.0},{"damage":0.0,"enemies":"3 Cultists","floor":23.0,"turns":4.0},{"damage":0.0,"enemies":"Book of Stabbing","floor":25.0,"turns":4.0},{"damage":0.0,"enemies":"Chosen and Byrds","floor":26.0,"turns":3.0},{"damage":0.0,"enemies":"Snake Plant","floor":29.0,"turns":3.0},{"damage":0.0,"enemies":"downfall:FleeingMerchant","floor":30.0,"turns":3.0},{"damage":0.0,"enemies":"Centurion and Healer","floor":32.0,"turns":3.0},{"damage":0.0,"enemies":"downfall:Ironclad","floor":33.0,"turns":4.0},{"damage":0.0,"enemies":"3 Shapes","floor":36.0,"turns":2.0},{"damage":0.0,"enemies":"Orb Walker","floor":39.0,"turns":2.0},{"damage":0.0,"enemies":"Giant Head","floor":40.0,"turns":1.0},{"damage":0,"enemies":"Transient","floor":45,"turns":5},{"damage":0,"enemies":"Writhing Mass","floor":46,"turns":2},{"damage":0,"enemies":"Reptomancer","floor":47,"turns":3},{"damage":0,"enemies":"Orin","floor":48,"turns":4},{"damage":0,"enemies":"Jaw Worm Horde","floor":49,"turns":2},{"damage":0,"enemies":"downfall:Watcher","floor":50,"turns":3}],"seed_played":"-810941575653751915","potions_obtained":[{"floor":6.0,"key":"Swift Potion"},{"floor":10.0,"key":"SteroidPotion"},{"floor":11.0,"key":"BlessingOfTheForge"},{"floor":20.0,"key":"Block Potion"},{"floor":25.0,"key":"BlessingOfTheForge"},{"floor":26.0,"key":"Fire Potion"},{"floor":29.0,"key":"LiquidBronze"},{"floor":45,"key":"Explosive Potion"},{"floor":47,"key":"Slimebound:ThreeZeroPotion"}],"is_trial":false,"path_per_floor":["R","M","$","?","?","E","T","E","$","M","E","M","R","?","M","B",null,"R","M","M","?","$","M","T","E","M","R","?","M","$","?","M","B",null,"R","M","T","$","M","E","T","$","?","R","M","M","E","?","M","B",null],"character_chosen":"Hololive_HololiveCharacter","items_purchased":["Hololive_FlyingPonyTail","HollowMod:LifeEnderRelic","Membership Card","Shuriken","Tiny Chest","Bag of Preparation","Blue Candle","Hololive_FlyingPonyTail","Molten Egg 2","Sling","Pantograph","InkBottle","Master of Strategy","Lee\u0027s Waffle"],"campfire_rested":0,"item_purchase_floors":[9,9,22,22,22,30,30,38,38,38,38,42,42,42],"current_hp_per_floor":[35,35,35,35,35,35,35,34,34,34,34,34,34,16,16,16,35,35,35,35,35,35,35,35,35,35,35,35,35,35,35,35,35,35,35,35,35,35,35,35,42,49,49,49,49,49,49,49,49,49],"gold":323,"neow_bonus":"THREE_ENEMY_KILL","is_daily":false,"chose_seed":false,"campfire_upgraded":5,"win_rate":0.0,"timestamp":1608644876,"path_taken":["R","M","$","?","?","E","T","E","$","M","E","?","R","?","M","BOSS","R","M","M","?","$","M","T","E","?","R","?","M","$","?","M","BOSS","R","M","?","$","M","E","T","$","?","R","M","M","E","?","M","BOSS"],"items_purchased_type":["Card","Relic","Relic","Relic","Relic","Relic","Relic","Card","Relic","Relic","Relic","Relic","Card","Relic"],"build_version":"2020-12-13","purchased_purges":4,"victory":true,"max_hp_per_floor":[35,35,35,35,35,35,35,35,35,35,35,35,35,35,35,35,35,35,35,35,35,35,35,35,35,35,35,35,35,35,35,35,35,35,35,35,35,35,35,35,42,49,49,49,49,49,49,49,49,49],"card_choices":[{"not_picked":["Hololive_CallHoushouMarine","Hololive_FlyingPonyTail","Hololive_Yoholoon"],"picked":"Hololive_Breathe","floor":2.0},{"not_picked":["Hololive_CocoNews","Hololive_Psychosis","Hololive_HuntDinosaur","Hololive_RevenueBasedLive"],"picked":"SKIP","floor":3.0},{"not_picked":["Hololive_CallYogiri","Hololive_DDD","Hololive_Spy"],"picked":"Hololive_Rebound","floor":6.0},{"not_picked":["Hololive_CocoNews","Hololive_CallManoAloe","Hololive_Sequa"],"picked":"Hololive_FlyingPonyTail","floor":8.0},{"not_picked":["Hololive_LuckPotion","Hololive_Rebound","Hololive_Drill","Hololive_ScarfAndHalo"],"picked":"SKIP","floor":9.0},{"not_picked":["Hololive_CallSpadeEcho","Hololive_OvertimeWork","Hololive_CocoNews","Hololive_CallHoushouMarine"],"picked":"SKIP","floor":10.0},{"not_picked":["Hololive_CallRosalyn","Hololive_Sequa","Hololive_CallAkiRosenthal"],"picked":"Hololive_StrengthChampion","floor":11.0},{"not_picked":["Hololive_CocoNews","Hololive_HuntDinosaur","Hololive_Sequa","Hololive_CallNekomataOkayu"],"picked":"SKIP","floor":12.0},{"not_picked":["Hololive_CocoNews","Hololive_HuntDinosaur","Hololive_Spy","Hololive_OvertimeWork"],"picked":"SKIP","floor":15.0},{"not_picked":["Hololive_Trident","Hololive_OvertimeWork","Hololive_SummonFox"],"picked":"Hololive_LuckPotion","floor":19.0},{"not_picked":["Hololive_CallInugamiKorone","Hololive_RevenueBasedLive+1","Hololive_FlyingPonyTail"],"picked":"Hololive_Breathe","floor":20.0},{"not_picked":["Hololive_Teleport","Hololive_Psychosis+1","Hololive_Sequa"],"picked":"Hololive_StrengthChampion","floor":22.0},{"not_picked":["Hololive_CallShiroganeNoel","Hololive_CallAkaiHaato","Hololive_Psychosis"],"picked":"Hololive_FlyingPonyTail","floor":23.0},{"not_picked":["Hololive_Rebound","Hololive_ScarfAndHalo","Hololive_Sequa","Hololive_HuntDinosaur"],"picked":"SKIP","floor":25.0},{"not_picked":["Hololive_Yoholoon","Hololive_Sequa+1","Hololive_CallShirakamiFubuki+1"],"picked":"Hololive_Breathe+1","floor":26.0},{"not_picked":["Hololive_CallAyundaRisu+1","Hololive_FlareMind","Hololive_OvertimeWork"],"picked":"Hololive_FlyingPonyTail","floor":29.0},{"not_picked":["Hololive_OvertimeWork","Hololive_CallAiraniIofifteen","Hololive_RevenueBasedLive","Hololive_ScarfAndHalo"],"picked":"SKIP","floor":30.0},{"not_picked":["Hololive_HuntDinosaur","Hololive_SoulCatcher","Hololive_OvertimeWork+1"],"picked":"Hololive_StrengthChampion+1","floor":32.0},{"not_picked":["Hololive_FlareMind","Hololive_DDD","Hololive_Nanodesu"],"picked":"Hololive_MaximGun","floor":33.0},{"not_picked":["Hololive_Trident+1","Hololive_OvertimeWork+1","Hololive_Drill","Hololive_Rebound"],"picked":"SKIP","floor":36.0},{"not_picked":["Hololive_CallDoris","Hololive_HighAtkLowDef","Hololive_CallTsunomakiWatame+1","Hololive_CallOzoraSubaru+1"],"picked":"SKIP","floor":39.0},{"not_picked":["Hololive_RevenueBasedLive+1","Hololive_HuntDinosaur","Hololive_Psychosis+1"],"picked":"Hololive_StrengthChampion+1","floor":40.0},{"not_picked":["Hololive_CallUsadaPekora","Hololive_CallShirakamiFubuki+1","Hololive_OvertimeWork+1","Hololive_Sequa+1"],"picked":"SKIP","floor":45},{"not_picked":["Hololive_CandyCastle+1","Hololive_CallShiroganeNoel","Hololive_Sequa+1"],"picked":"Hololive_Watashimo+1","floor":46},{"not_picked":["Hololive_LuckPotion","Hololive_CallSakuraMiko+1","Hololive_CallRoboco+1","Hololive_Drill+1"],"picked":"SKIP","floor":47},{"not_picked":["Hololive_Psychosis+1","Hololive_CallNakiriAyame","Hololive_CallShiranuiFlare"],"picked":"Hololive_FlyingPonyTail+1","floor":48},{"not_picked":["Hololive_CocoNews+1","Hololive_OvertimeWork+1","Hololive_CallOzoraSubaru"],"picked":"Hololive_Breathe","floor":49}],"player_experience":308036,"relics_obtained":[{"floor":6.0,"key":"Old Coin"},{"floor":7.0,"key":"Dream Catcher"},{"floor":8.0,"key":"CeramicFish"},{"floor":11.0,"key":"MawBank"},{"floor":14.0,"key":"Bronze Scales"},{"floor":17.0,"key":"Nunchaku"},{"floor":17.0,"key":"Darkstone Periapt"},{"floor":17.0,"key":"FossilizedHelix"},{"floor":24.0,"key":"Lantern"},{"floor":25.0,"key":"Akabeko"},{"floor":37.0,"key":"HornCleat"},{"floor":41.0,"key":"Strawberry"},{"floor":47,"key":"Ice Cream"},{"floor":48,"key":"CatCart"}],"event_choices":[{"cards_removed":["Slimebound:Icky"],"damage_healed":0.0,"max_hp_gain":0.0,"max_hp_loss":0.0,"gold_gain":0.0,"event_name":"Bonfire Elementals","player_choice":"Offered Curse","floor":5.0,"gold_loss":0.0,"damage_taken":0.0,"relics_obtained":["Spirit Poop"]},{"damage_healed":0.0,"max_hp_gain":0.0,"max_hp_loss":0.0,"gold_gain":0.0,"event_name":"Back to Basics","player_choice":"Simplicity","floor":28.0,"gold_loss":0.0,"damage_taken":0.0,"cards_upgraded":["Hololive_Strike","Hololive_Strike","Hololive_Defend","Hololive_Defend","Hololive_Defend","Hololive_Defend"]},{"damage_healed":0.0,"max_hp_gain":0.0,"max_hp_loss":0.0,"gold_gain":0.0,"event_name":"Vampires","player_choice":"Ignored","floor":31.0,"gold_loss":0.0,"damage_taken":0.0},{"damage_healed":0,"gold_gain":0,"player_choice":"Fight","damage_taken":0,"max_hp_gain":0,"max_hp_loss":0,"event_name":"OrinTheCat","floor":48,"gold_loss":0}],"is_beta":false,"boss_relics":[{"not_picked":["Hololive_TopUpMoneyS","Tiny House"],"picked":"Calling Bell"},{"not_picked":["Runic Pyramid","Sozu"],"picked":"Coffee Dripper"}],"items_purged_floors":[9,22,30,38],"is_endless":false,"potions_floor_spawned":[6,10,11,20,25,26,29,45,47,49],"ascension_level":1}}