{"host":"5jn3rki867005t18","time":1608614288,"event":{"mods":["2.2 Compatiblity","AchievementEnabler","BaseMod","Colored Map","DeckTracker","Minty Spire (QoL Compilation)","Permanent Neow","Rare Cards Sparkle","StSLib","SuperFastMode"],"gold_per_floor":[116,128,128,138,63,63,93,105,105,115,40,40,66,81,81,186,186,201,201,201,212,236,236,236],"floor_reached":23,"playtime":1210,"items_purged":["Strike_R"],"score":226,"play_id":"ce786259-da66-4e2b-af1d-d9fd041adaf1","local_time":"20201222141808","is_ascension_mode":false,"campfire_choices":[{"data":"Iron Wave","floor":6,"key":"SMITH"},{"floor":12,"key":"REST"},{"data":"Armaments","floor":15,"key":"SMITH"}],"circlet_count":0,"master_deck":["Defend_R","Defend_R","Defend_R","Defend_R","Bash+1","Iron Wave+1","Armaments+1","Flame Barrier","Shrug It Off","Demon Form","Flame Barrier","Metallicize","Entrench","Evolve","Juggernaut","Heavy Blade","Bite","Bite","Bite","Bite","Bite","Reckless Charge"],"relics":["Burning Blood","Shuriken","Blue Candle","Pen Nib","Coffee Dripper","Lantern","Ancient Tea Set"],"acts_visited":["Exordium","TheCity"],"potions_floor_usage":[16,16,22],"damage_taken":[{"damage":15,"enemies":"Small Slimes","floor":1,"turns":5},{"damage":1,"enemies":"Cultist","floor":2,"turns":4},{"damage":6,"enemies":"Jaw Worm","floor":4,"turns":3},{"damage":48,"enemies":"Lagavulin","floor":7,"turns":10},{"damage":5,"enemies":"Blue Slaver","floor":8,"turns":6},{"damage":7,"enemies":"Red Slaver","floor":10,"turns":6},{"damage":9,"enemies":"3 Sentries","floor":13,"turns":16},{"damage":4,"enemies":"3 Louse","floor":14,"turns":6},{"damage":18,"enemies":"Hexaghost","floor":16,"turns":17},{"damage":1,"enemies":"Spheric Guardian","floor":18,"turns":4},{"damage":38,"enemies":"3 Byrds","floor":21,"turns":6},{"damage":52,"enemies":"Gremlin Leader","floor":23,"turns":4}],"seed_played":"-3238272788830590427","potions_obtained":[{"floor":1,"key":"BloodPotion"},{"floor":10,"key":"BloodPotion"},{"floor":14,"key":"PowerPotion"}],"is_trial":false,"path_per_floor":["M","M","?","M","$","R","E","M","T","M","$","R","E","M","R","B",null,"M","?","?","M","T","E"],"character_chosen":"IRONCLAD","items_purchased":["Metallicize"],"campfire_rested":1,"item_purchase_floors":[11],"current_hp_per_floor":[71,76,76,76,76,76,34,35,35,34,34,58,55,57,57,61,80,80,56,56,30,41,0,0],"gold":236,"neow_bonus":"REMOVE_CARD","is_daily":false,"chose_seed":false,"campfire_upgraded":2,"win_rate":0.0,"timestamp":1608614288,"path_taken":["M","M","?","M","$","R","E","M","T","?","$","R","E","M","R","BOSS","M","?","?","M","?","E"],"items_purchased_type":["Card"],"build_version":"2020-12-13","purchased_purges":1,"victory":false,"max_hp_per_floor":[80,80,80,80,80,80,80,80,80,80,80,80,80,80,80,80,80,80,56,56,56,56,56,56],"card_choices":[{"not_picked":["Uppercut","Sword Boomerang"],"picked":"Iron Wave","floor":1},{"not_picked":["Uppercut","Reckless Charge"],"picked":"Armaments","floor":2},{"not_picked":["Iron Wave","Inflame"],"picked":"Flame Barrier","floor":4},{"not_picked":["Flex","Sword Boomerang"],"picked":"Shrug It Off","floor":7},{"not_picked":["Twin Strike","Flame Barrier"],"picked":"Demon Form","floor":8},{"not_picked":["Sword Boomerang","Anger"],"picked":"Flame Barrier","floor":10},{"not_picked":["Flex","Metallicize"],"picked":"Entrench","floor":13},{"not_picked":["Second Wind","Burning Pact"],"picked":"Evolve","floor":14},{"not_picked":["Double Tap","Reaper"],"picked":"Juggernaut","floor":16},{"not_picked":["Clothesline","Wild Strike"],"picked":"Heavy Blade","floor":18},{"not_picked":["Evolve","Heavy Blade"],"picked":"Reckless Charge","floor":21}],"player_experience":42518,"relics_obtained":[{"floor":7,"key":"Shuriken"},{"floor":9,"key":"Blue Candle"},{"floor":13,"key":"Pen Nib"},{"floor":22,"key":"Ancient Tea Set"}],"event_choices":[{"damage_healed":0,"gold_gain":0,"player_choice":"Upgraded","damage_taken":0,"max_hp_gain":0,"max_hp_loss":0,"event_name":"Upgrade Shrine","floor":3,"gold_loss":0,"cards_upgraded":["Bash"]},{"damage_healed":0,"gold_gain":0,"player_choice":"Became a vampire","damage_taken":0,"max_hp_gain":0,"max_hp_loss":24,"event_name":"Vampires","floor":19,"gold_loss":0,"cards_obtained":["Bite","Bite","Bite","Bite","Bite"]},{"damage_healed":0,"gold_gain":0,"player_choice":"Opened","damage_taken":0,"relics_obtained":["Lantern"],"max_hp_gain":0,"max_hp_loss":0,"event_name":"The Mausoleum","floor":20,"gold_loss":0}],"is_beta":false,"boss_relics":[{"not_picked":["SacredBark","Busted Crown"],"picked":"Coffee Dripper"}],"items_purged_floors":[5],"is_endless":false,"potions_floor_spawned":[1,10,14],"killed_by":"Gremlin Leader","ascension_level":0}}