{"host":"g462bm4kxxqxmkbv","time":1608653275,"event":{"mods":["2.2 Compatiblity","Act Like it!","Aspiration","Bard","BaseMod","Better Note","Better Third Choice","Better Vampires","Colored Map","Conspire","Dio Mod","Downfall","Hallownest","Hermit","Hero for Fun","Hubris","Infinite Spire","Minty Spire (QoL Compilation)","Permanent Neow","Quick Restart","Rare Cards Sparkle","Replay The Spire","Shop Mod","Small Relic Pack","Spicy Shops","StSLib","The Bladedancer","The Bug Knight","The Cursed","The Disciple","The Druid","The Exalted","The Forsaken","The Hierophant","The Judge","The Jungle","The Kombatant","The Necromancer","The Sage","The Servant 0.9.4","The Valiant","The Wild Card","Waifu the Spire"],"gold_per_floor":[119,133,149,164,17,50,50,150,232,232,244,261,295,313,313,410,410,426,437,437,437,437,450,450,450,450,466,466,466,466,483,483,483,483],"floor_reached":33,"playtime":1857,"items_purged":[],"score":284,"play_id":"15a6b8cd-0512-41a3-90a9-6eddcd29b189","local_time":"20201222230755","is_ascension_mode":false,"campfire_choices":[{"floor":7,"key":"RECALL"},{"floor":10,"key":"REST"},{"floor":15,"key":"REST"},{"floor":24,"key":"REST"},{"floor":32,"key":"REST"}],"circlet_count":0,"master_deck":["Bromod:Strike_Bro","Bromod:Strike_Bro","Bromod:Strike_Bro","Bromod:Defend_Bro","Bromod:Defend_Bro","Bromod:Defend_Bro","Bromod:Defend_Bro","Bromod:SlashDash","Bromod:SlashDash","Bromod:SlashDash","Bromod:ShatteringImpact","Bromod:FastHands","Bromod:OrganShatter","Bromod:Berserker","Bromod:ExaltedBlade+1","Bromod:RelentlessCombination","Bromod:Provoked","Bromod:Rage+1","Bromod:SlashDash","Bromod:VoltaicStrike+1","Bromod:SteelCharge","Bromod:SlashDash","Bromod:ReflexCoil+1","ReplayTheSpireMod:Private Reserves","Bromod:Vitality","Bromod:BriefRespite","infinitespire:DeathsTouch","Bromod:ArchwingLauncher+1"],"relics":["Bromod:Ordis","Bromod:AscarisDevice","Vajra","Membership Card","Bromod:ArcaneGuardian","The Courier","Golden Egg","conspire:SpecialSausage","relicPack:DarknessArmor","hubris:HollowSoul","WingedGreaves"],"acts_visited":["Exordium","TheCity"],"potions_floor_usage":[13,16,16,16,33,33,33],"damage_taken":[{"damage":0,"enemies":"2 Louse","floor":1,"turns":3},{"damage":1,"enemies":"Cultist","floor":2,"turns":3},{"damage":0,"enemies":"Small Slimes","floor":3,"turns":3},{"damage":0,"enemies":"2 Fungi Beasts","floor":4,"turns":2},{"damage":26,"enemies":"3 Sentries","floor":6,"turns":8},{"damage":10,"enemies":"Looter","floor":11,"turns":3},{"damage":12,"enemies":"Blue Slaver","floor":12,"turns":3},{"damage":20,"enemies":"Lagavulin","floor":13,"turns":5},{"damage":21,"enemies":"Red Slaver","floor":14,"turns":4},{"damage":25,"enemies":"Fading Forest","floor":16,"turns":11},{"damage":5,"enemies":"Chosen","floor":18,"turns":4},{"damage":24,"enemies":"3 Byrds","floor":19,"turns":4},{"damage":21,"enemies":"3 Cultists","floor":23,"turns":4},{"damage":25,"enemies":"Snecko","floor":27,"turns":6},{"damage":10,"enemies":"Chosen and Byrds","floor":31,"turns":4},{"damage":24,"enemies":"Collector","floor":33,"turns":2}],"seed_played":"2528837975594011272","potions_obtained":[{"floor":2,"key":"ColorlessPotion"},{"floor":6,"key":"Strength Potion"},{"floor":11,"key":"Strength Potion"},{"floor":13,"key":"PowerPotion"},{"floor":14,"key":"DistilledChaos"},{"floor":20,"key":"Bromod:EnergyRestore"},{"floor":20,"key":"Bromod:HealthRestore"},{"floor":20,"key":"Bromod:AmmoRestore"},{"floor":31,"key":"DistilledChaos"}],"is_trial":false,"path_per_floor":["M","M","M","M","$","E","R","?","T","R","M","M","E","M","R","B",null,"M","M","?","?","T","M","R","?","T","M","AVR","?","?","M","R","B"],"character_chosen":"THE_EXALTED","items_purchased":["Membership Card"],"campfire_rested":4,"item_purchase_floors":[5],"current_hp_per_floor":[75,74,74,74,74,48,48,48,48,70,60,48,28,7,29,14,75,70,46,46,39,39,18,40,40,40,15,15,15,15,5,27,0,0],"gold":483,"neow_bonus":"RANDOM_COMMON_RELIC","is_daily":false,"chose_seed":false,"campfire_upgraded":0,"win_rate":0.0,"timestamp":1608653275,"path_taken":["M","M","M","M","$","E","R","?","T","R","M","M","E","?","R","BOSS","M","M","?","?","?","?","R","?","T","M","AVR","?","?","M","R","BOSS"],"items_purchased_type":["Relic"],"build_version":"2020-12-13","purchased_purges":0,"victory":false,"max_hp_per_floor":[75,75,75,75,75,75,75,75,75,75,75,75,75,75,75,75,75,75,75,75,75,75,75,75,75,75,75,75,75,75,75,75,75,75],"card_choices":[{"not_picked":["Bromod:Reflection","Bromod:QuickDraw"],"picked":"Bromod:ShatteringImpact","floor":1},{"not_picked":["Bromod:BodyCount","Bromod:Stretch"],"picked":"Bromod:FastHands","floor":2},{"not_picked":["Bromod:SteelFiber","Bromod:Stretch"],"picked":"Bromod:OrganShatter","floor":3},{"not_picked":["Bromod:SteelCharge","Bromod:Foundry"],"picked":"Bromod:Berserker","floor":4},{"not_picked":["Bromod:ShatteringImpact","Bromod:Vitality"],"picked":"Bromod:ExaltedBlade","floor":6},{"not_picked":["Bromod:SteelFiber","Bromod:PointStrike"],"picked":"Bromod:RelentlessCombination","floor":11},{"not_picked":["Bromod:SeismicWave","Bromod:HornetStrike"],"picked":"Bromod:Provoked","floor":12},{"not_picked":["Bromod:Foundry","Bromod:Provoked"],"picked":"Bromod:Rage","floor":13},{"not_picked":["Bromod:Redirection","Bromod:QuickDraw"],"picked":"Bromod:SlashDash","floor":14},{"not_picked":["Bromod:Thunderbolt","Bromod:SplitChamber"],"picked":"Bromod:VoltaicStrike","floor":16},{"not_picked":["Bromod:BriefRespite","Bromod:Reflection"],"picked":"Bromod:SteelCharge","floor":18},{"not_picked":["Bromod:OrganShatter","Bromod:BulletJump"],"picked":"Bromod:SlashDash","floor":19},{"not_picked":["Bromod:QuickDraw","Bromod:ToxicFlight"],"picked":"Bromod:Stretch","floor":20},{"not_picked":["Bromod:Foundry+1","Bromod:OrganShatter"],"picked":"Bromod:ReflexCoil+1","floor":23},{"not_picked":["Bromod:Redirection","Bromod:ReflexCoil"],"picked":"Bromod:BriefRespite","floor":27},{"not_picked":["Bromod:BloodRush","Bromod:ShatteringImpact"],"picked":"Bromod:ArchwingLauncher+1","floor":31}],"player_experience":453848,"relics_obtained":[{"floor":6,"key":"Bromod:ArcaneGuardian"},{"floor":9,"key":"The Courier"},{"floor":13,"key":"Golden Egg"},{"floor":26,"key":"relicPack:DarknessArmor"}],"event_choices":[{"damage_healed":0,"gold_gain":100,"player_choice":"Pray","damage_taken":0,"max_hp_gain":0,"max_hp_loss":0,"event_name":"Golden Shrine","floor":8,"gold_loss":0},{"damage_healed":0,"gold_gain":0,"player_choice":"Damaged","damage_taken":7,"max_hp_gain":0,"max_hp_loss":0,"event_name":"Wheel of Change","floor":21,"gold_loss":0},{"damage_healed":0,"gold_gain":0,"player_choice":"2 cards matched","damage_taken":0,"max_hp_gain":0,"max_hp_loss":0,"event_name":"Match and Keep!","floor":25,"gold_loss":0,"cards_obtained":["ReplayTheSpireMod:Private Reserves","Bromod:Vitality"]},{"cards_removed":["Bromod:Stretch"],"damage_healed":0,"gold_gain":0,"player_choice":"Gave Card","damage_taken":0,"relics_obtained":["WingedGreaves"],"max_hp_gain":0,"max_hp_loss":0,"event_name":"WeMeetAgain","floor":29,"gold_loss":0},{"damage_healed":0,"gold_gain":0,"player_choice":"Upgraded","damage_taken":0,"max_hp_gain":0,"max_hp_loss":0,"event_name":"Upgrade Shrine","floor":30,"gold_loss":0,"cards_upgraded":["Bromod:ExaltedBlade"]}],"is_beta":false,"boss_relics":[{"not_picked":["Velvet Choker","infinitespire:Cupcake"],"picked":"conspire:SpecialSausage"}],"items_purged_floors":[],"is_endless":false,"potions_floor_spawned":[2,6,11,13,14,23,27,31],"killed_by":"Collector","ascension_level":0}}