{"host":"auv68s8i97pkmhwr","time":1608635815,"event":{"mods":["AchievementEnabler","BaseMod","Best Route Mod","Bestiary","Better Altar","Better Match","Better Note","Better Sensory Stone","Better Skull","Better Third Choice","Better Vampires","BetterRewards","Block Reminder","Colored Map","Colored Powertips","Displayed Cursed Tome","Minty Spire (QoL Compilation)","StSLib","SuperFastMode","Uncapped","Unceasing Turn Reminder"],"gold_per_floor":[109,109,127,142,166,166,201,201,225,268,268,282,322,336,336,461,461,480,390,390,413,512,545,545,583,635,660,699,699,717,395,395,520,520,543,561,580,580,600,635,649,649,649,684,705,745,745,763,763,763,763,763,117,153,153],"floor_reached":56,"playtime":1620,"items_purged":["Strike_R","Strike_R","Strike_R","Defend_R"],"score":2616,"play_id":"5045c551-f80b-40b0-8669-dae4d3fcbcf0","local_time":"20201222191655","is_ascension_mode":true,"campfire_choices":[{"data":"Apotheosis","floor":6.0,"key":"SMITH"},{"data":"Feel No Pain","floor":15.0,"key":"SMITH"},{"data":"True Grit","floor":24.0,"key":"SMITH"},{"data":"Feel No Pain","floor":29.0,"key":"SMITH"},{"data":"Inflame","floor":32.0,"key":"SMITH"},{"data":"Demon Form","floor":47,"key":"SMITH"},{"floor":49,"key":"RECALL"},{"data":"Inflame","floor":52,"key":"SMITH"}],"circlet_count":0,"master_deck":["AscendersBane","Strike_R","Defend_R+1","Defend_R","Defend_R","Bash","Apotheosis+1","Shrug It Off","Sword Boomerang","Feel No Pain+1","True Grit+1","Offering","Feel No Pain+1","Fire Breathing","Shrug It Off","Whirlwind+1","Inflame+1","Demon Form+1","Inflame+1","Power Through","Burning Pact","Parasite","Inflame+1","Second Wind","Limit Break"],"relics":["Burning Blood","Magic Flower","Sling","Lizard Tail","ClockworkSouvenir","Mummified Hand","FossilizedHelix","Golden Idol","Red Skull","Akabeko","Bag of Marbles","Gremlin Horn","Cursed Key","Prayer Wheel","Kunai","MealTicket","HornCleat","Bottled Flame","Black Star","Nunchaku","Dream Catcher","Pocketwatch","Darkstone Periapt","Potion Belt","Question Card","Sundial","TheAbacus","Strawberry","Letter Opener"],"acts_visited":["Exordium","TheCity","TheBeyond","TheEnding"],"potions_floor_usage":[50,50,55,55,55,55,55,55],"damage_taken":[{"damage":0.0,"enemies":"Small Slimes","floor":1.0,"turns":3.0},{"damage":8.0,"enemies":"2 Louse","floor":3.0,"turns":2.0},{"damage":0.0,"enemies":"Jaw Worm","floor":4.0,"turns":4.0},{"damage":16.0,"enemies":"3 Louse","floor":5.0,"turns":5.0},{"damage":15.0,"enemies":"Lagavulin","floor":7.0,"turns":6.0},{"damage":0.0,"enemies":"Gremlin Nob","floor":10.0,"turns":2.0},{"damage":7.0,"enemies":"Looter","floor":12.0,"turns":4.0},{"damage":0.0,"enemies":"Lagavulin","floor":13.0,"turns":4.0},{"damage":0.0,"enemies":"Red Slaver","floor":14.0,"turns":5.0},{"damage":5.0,"enemies":"The Guardian","floor":16.0,"turns":14.0},{"damage":0.0,"enemies":"Shell Parasite","floor":18.0,"turns":5.0},{"damage":6.0,"enemies":"3 Byrds","floor":21.0,"turns":5.0},{"damage":6.0,"enemies":"Book of Stabbing","floor":23.0,"turns":4.0},{"damage":0.0,"enemies":"Gremlin Leader","floor":25.0,"turns":5.0},{"damage":9.0,"enemies":"Snecko","floor":27.0,"turns":5.0},{"damage":0.0,"enemies":"Slavers","floor":28.0,"turns":3.0},{"damage":12.0,"enemies":"Snake Plant","floor":30.0,"turns":3.0},{"damage":22.0,"enemies":"Collector","floor":33.0,"turns":8.0},{"damage":0.0,"enemies":"Orb Walker","floor":35.0,"turns":4.0},{"damage":4.0,"enemies":"3 Shapes","floor":36.0,"turns":1.0},{"damage":1.0,"enemies":"Transient","floor":37.0,"turns":5.0},{"damage":2.0,"enemies":"Maw","floor":39.0,"turns":7.0},{"damage":0.0,"enemies":"Nemesis","floor":40.0,"turns":5.0},{"damage":4.0,"enemies":"4 Shapes","floor":41.0,"turns":1.0},{"damage":0,"enemies":"Reptomancer","floor":44,"turns":3},{"damage":7,"enemies":"Writhing Mass","floor":45,"turns":5},{"damage":6,"enemies":"Giant Head","floor":46,"turns":7},{"damage":0,"enemies":"3 Darklings","floor":48,"turns":1},{"damage":0,"enemies":"Donu and Deca","floor":50,"turns":7},{"damage":31,"enemies":"Shield and Spear","floor":54,"turns":7},{"damage":62,"enemies":"The Heart","floor":55,"turns":9}],"seed_played":"5336769429939670418","potions_obtained":[{"floor":3.0,"key":"Energy Potion"},{"floor":4.0,"key":"LiquidMemories"},{"floor":13.0,"key":"Regen Potion"},{"floor":16.0,"key":"LiquidBronze"},{"floor":28.0,"key":"Weak Potion"},{"floor":37.0,"key":"ElixirPotion"},{"floor":40.0,"key":"PowerPotion"},{"floor":44,"key":"FairyPotion"},{"floor":46,"key":"SkillPotion"},{"floor":48,"key":"Ancient Potion"}],"is_trial":false,"path_per_floor":["M","?","M","M","M","R","E","?","T","E","T","M","E","M","R","B",null,"M","?","?","M","?","E","R","E","T","M","E","R","M","$","R","B",null,"M","M","M","?","M","E","M","?","T","E","M","E","R","M","R","B",null,"R","$","E","B",null],"character_chosen":"IRONCLAD","items_purchased":["Magic Flower","Uppercut","Sling","Apotheosis","Shrug It Off","ClockworkSouvenir","Mummified Hand","Sword Boomerang","Feel No Pain","Inflame","Bottled Flame","Sundial","TheAbacus","EntropicBrew"],"campfire_rested":0,"item_purchase_floors":[0,0,0,0,0,0,0,0,0,31,31,53,53,53],"current_hp_per_floor":[80,60,61,70,63,63,57,57,57,66,66,68,77,80,80,80,80,80,80,80,80,80,80,80,80,80,80,80,80,77,80,80,67,77,80,80,80,77,77,77,77,77,77,77,83,83,83,83,83,83,83,83,83,68,39],"gold":153,"neow_bonus":"","is_daily":false,"chose_seed":false,"campfire_upgraded":7,"win_rate":0.0,"timestamp":1608635815,"path_taken":["M","?","M","M","M","R","E","?","T","E","?","M","E","M","R","BOSS","M","?","?","?","?","E","R","E","T","M","E","R","M","$","R","BOSS","M","M","M","?","?","E","M","?","T","E","M","E","R","M","R","BOSS","R","$","E","BOSS"],"items_purchased_type":["Relic","Card","Relic","Card","Card","Relic","Relic","Card","Card","Card","Relic","Relic","Relic","Potion"],"build_version":"2020-12-13","purchased_purges":4,"victory":true,"max_hp_per_floor":[80,80,80,80,80,80,80,80,80,80,80,80,80,80,80,80,80,80,80,80,80,80,80,80,80,80,80,80,80,80,80,80,80,80,80,80,80,77,77,77,77,77,77,77,83,83,83,83,83,83,83,83,83,90,90],"card_choices":[{"not_picked":["Uppercut","Combust","Clash"],"picked":"SKIP","floor":1.0},{"not_picked":["Clash","Wild Strike","Ghostly Armor"],"picked":"SKIP","floor":3.0},{"not_picked":["Wild Strike","Rupture"],"picked":"True Grit","floor":4.0},{"not_picked":["Clash","Headbutt","Reckless Charge"],"picked":"SKIP","floor":5.0},{"not_picked":["Thunderclap","Clothesline","Anger"],"picked":"SKIP","floor":7.0},{"not_picked":["Havoc","Pummel","Blood for Blood"],"picked":"SKIP","floor":10.0},{"not_picked":["Immolate","Iron Wave","Uppercut"],"picked":"SKIP","floor":12.0},{"not_picked":["Heavy Blade","Clothesline","Wild Strike"],"picked":"SKIP","floor":13.0},{"not_picked":["Pommel Strike","Cleave","Clash"],"picked":"SKIP","floor":14.0},{"not_picked":["Immolate","Bludgeon"],"picked":"Offering","floor":16.0},{"not_picked":["Body Slam","Thunderclap","Clash"],"picked":"SKIP","floor":18.0},{"not_picked":["Clash","Power Through"],"picked":"Feel No Pain","floor":21.0},{"not_picked":["Heavy Blade","Feed"],"picked":"Fire Breathing","floor":23.0},{"not_picked":["Twin Strike","Havoc"],"picked":"Shrug It Off","floor":25.0},{"not_picked":["Pommel Strike","Thunderclap+1","Heavy Blade"],"picked":"SKIP","floor":27.0},{"not_picked":["Bloodletting","Uppercut","Body Slam"],"picked":"SKIP","floor":27.0},{"not_picked":["Carnage+1","Ghostly Armor"],"picked":"Whirlwind+1","floor":28.0},{"not_picked":["Iron Wave","Clash","Pummel"],"picked":"SKIP","floor":30.0},{"not_picked":["Intimidate+1","Havoc","Blood for Blood"],"picked":"SKIP","floor":30.0},{"not_picked":["Feed","Juggernaut"],"picked":"Demon Form","floor":33.0},{"not_picked":["Warcry+1","Pommel Strike+1","Headbutt"],"picked":"SKIP","floor":35.0},{"not_picked":["Clash+1","Warcry","Shrug It Off+1"],"picked":"SKIP","floor":35.0},{"not_picked":["Body Slam+1","Twin Strike+1","Cleave+1"],"picked":"SKIP","floor":36.0},{"not_picked":["Pummel+1","Feel No Pain","Uppercut+1"],"picked":"SKIP","floor":36.0},{"not_picked":["Rampage+1","Heavy Blade"],"picked":"Inflame","floor":37.0},{"not_picked":["Evolve+1","Warcry+1","Ghostly Armor+1"],"picked":"SKIP","floor":37.0},{"not_picked":["Evolve+1","Rampage+1"],"picked":"Power Through","floor":39.0},{"not_picked":["Perfected Strike+1","Headbutt","Offering"],"picked":"SKIP","floor":39.0},{"not_picked":["Sword Boomerang","Thunderclap+1"],"picked":"Burning Pact","floor":40.0},{"not_picked":["Clothesline+1","Havoc+1","Shockwave+1"],"picked":"SKIP","floor":41.0},{"not_picked":["Armaments","Power Through+1","Sword Boomerang"],"picked":"SKIP","floor":41.0},{"not_picked":["Havoc","Shrug It Off","Twin Strike"],"picked":"SKIP","floor":44},{"not_picked":["Dark Embrace","Clash"],"picked":"Inflame+1","floor":45},{"not_picked":["True Grit","Pommel Strike","Havoc+1"],"picked":"SKIP","floor":45},{"not_picked":["Clothesline","Anger"],"picked":"Second Wind","floor":46},{"not_picked":["Body Slam","Bludgeon","Shrug It Off+1","Sever Soul+1"],"picked":"SKIP","floor":48},{"not_picked":["Thunderclap","Armaments+1","Shockwave+1","Sword Boomerang+1"],"picked":"SKIP","floor":48},{"not_picked":["Armaments","Pummel","Spot Weakness"],"picked":"Limit Break","floor":54}],"player_experience":1242170,"relics_obtained":[{"floor":7.0,"key":"Red Skull"},{"floor":9.0,"key":"Akabeko"},{"floor":10.0,"key":"Bag of Marbles"},{"floor":13.0,"key":"Gremlin Horn"},{"floor":23.0,"key":"Prayer Wheel"},{"floor":25.0,"key":"Kunai"},{"floor":26.0,"key":"MealTicket"},{"floor":28.0,"key":"HornCleat"},{"floor":40.0,"key":"Nunchaku"},{"floor":40.0,"key":"Dream Catcher"},{"floor":44,"key":"Pocketwatch"},{"floor":44,"key":"Darkstone Periapt"},{"floor":46,"key":"Potion Belt"},{"floor":46,"key":"Question Card"},{"floor":54,"key":"Strawberry"},{"floor":54,"key":"Letter Opener"}],"event_choices":[{"damage_healed":0.0,"max_hp_gain":0.0,"max_hp_loss":0.0,"gold_gain":0.0,"event_name":"Golden Idol","player_choice":"Take Damage","floor":2.0,"gold_loss":0.0,"damage_taken":20.0,"relics_obtained":["Golden Idol"]},{"damage_healed":57.0,"max_hp_gain":0.0,"max_hp_loss":80.0,"gold_gain":0.0,"event_name":"betterThird:BetterShining","player_choice":"Leave","floor":8.0,"gold_loss":0.0,"damage_taken":0.0},{"cards_removed":["Strike_R"],"damage_healed":0.0,"max_hp_gain":0.0,"max_hp_loss":0.0,"gold_gain":0.0,"event_name":"Designer","player_choice":"Upgrade and Remove","floor":19.0,"gold_loss":90.0,"damage_taken":0.0,"cards_upgraded":["Defend_R"]},{"damage_healed":0.0,"max_hp_gain":0.0,"max_hp_loss":0.0,"gold_gain":0.0,"event_name":"betterNote:BetterNote","player_choice":"Ignored","floor":20.0,"gold_loss":0.0,"damage_taken":0.0,"cards_obtained":["Ball Lightning"]},{"damage_healed":0.0,"max_hp_gain":0.0,"max_hp_loss":0.0,"gold_gain":99.0,"event_name":"betterThird:BetterNest","player_choice":"Steal","floor":22.0,"gold_loss":0.0,"damage_taken":0.0},{"cards_removed":["Parasite"],"damage_healed":0.0,"max_hp_gain":0.0,"max_hp_loss":0.0,"gold_gain":0.0,"event_name":"Fountain of Cleansing","player_choice":"Removed Curses","floor":38.0,"gold_loss":0.0,"damage_taken":0.0},{"cards_removed":["Uppercut"],"damage_healed":0.0,"max_hp_gain":0.0,"max_hp_loss":0.0,"gold_gain":0.0,"event_name":"Falling","player_choice":"Removed Attack","floor":42.0,"gold_loss":0.0,"damage_taken":0.0}],"is_beta":false,"boss_relics":[{"not_picked":["Runic Dome","Runic Pyramid"],"picked":"Cursed Key"},{"not_picked":["Pandora\u0027s Box","Black Blood"],"picked":"Black Star"}],"items_purged_floors":[0,0,0,53],"is_endless":false,"potions_floor_spawned":[3,4,13,16,23,25,28,37,40,44,45,46,48],"ascension_level":10}}