{"host":"hzyv8pm5uot6l4n9","time":1608669238,"event":{"mods":["Act Like it!","Always Whale","Aspiration","BaseMod","BetterRewards","Conspire","Downfall","Energized Spire","FetchMod","Friendly Minions","GifTheSpireLib","GungeonMod","Halation","Hubris","Infinite Spire","Jedi Mod","Mimic Mod","Minty Spire (QoL Compilation)","QueenMod","Quick Restart","Replay The Spire","Shop Mod","StSLib","Stuff the Spire","Td1madao Mod","The Animator","The Bug Knight","The Cursed","The Druid","The Exalted","The Judge","The Senshi","The Wild Card","TheBandit","WarShipGirlsR/????R mod","Yuri Mod","vexMod"],"gold_per_floor":[0,14,14,27,45,45,78,111,131,147,172,11,11,26,37,136,136,61,72,72,85,103,119,119,44,44,56,71,71,71],"floor_reached":29,"playtime":1610,"items_purged":[],"score":293,"play_id":"94ddb374-2d8a-42e7-8dde-1e8dee16600c","local_time":"20201222213358","is_ascension_mode":true,"campfire_choices":[{"data":"Bromod:VoltaicStrike","floor":1.0,"key":"SMITH"},{"data":"Bromod:ToxicBarrage","floor":6.0,"key":"SMITH"},{"floor":13.0,"key":"RECALL"},{"data":"Bromod:SteelFiber","floor":18.0,"key":"SMITH"},{"floor":25.0,"key":"REST"}],"circlet_count":0,"master_deck":["Bromod:Defend_Bro","Bromod:Defend_Bro","Bromod:Defend_Bro","Bromod:Defend_Bro","Bromod:SlashDash","Bromod:SlashDash","Bromod:SlashDash","Bromod:ToxicBarrage+1","Bromod:Vitality","Bromod:SteelFiber+1","Bromod:SteelFiber","Bromod:OrganShatter","Bromod:BulletJump","Bromod:BulletJump","Bromod:NoReturn","Bromod:PointStrike","Bromod:Vitality+1","Bromod:VoltaicStrike+1"],"relics":["Bromod:Ordis","Bromod:AscarisDevice","StuffTheSpire:Mouthbags","hubris:TenFootPole","vexMod:BarristanHead","DemoMod:ClearGuonStone","energizedSpire:NeverEndingSparkler","downfall:HeartBlessingRed","Bromod:BleedingDragonKey","Bromod:HobbledDragonKey","Bromod:ExtinguishedDragonKey","Bromod:DecayingDragonKey","downfall:HeartBlessingBlue","StuffTheSpire:Barrel","vexMod:MysteryBossChallenge","vexMod:FluxCapacitor"],"acts_visited":["Exordium","TheCity"],"potions_floor_usage":[],"damage_taken":[{"damage":0.0,"enemies":"2 Louse","floor":2.0,"turns":2.0},{"damage":0.0,"enemies":"Cultist","floor":4.0,"turns":3.0},{"damage":0.0,"enemies":"Jaw Worm","floor":5.0,"turns":5.0},{"damage":0.0,"enemies":"Gremlin Gang","floor":7.0,"turns":6.0},{"damage":12.0,"enemies":"Lagavulin","floor":8.0,"turns":5.0},{"damage":1.0,"enemies":"Gremlin Gang","floor":9.0,"turns":2.0},{"damage":0.0,"enemies":"Exordium Wildlife","floor":10.0,"turns":3.0},{"damage":0.0,"enemies":"3 Sentries","floor":11.0,"turns":6.0},{"damage":0.0,"enemies":"downfall:FleeingMerchant","floor":12.0,"turns":4.0},{"damage":0.0,"enemies":"2 Fungi Beasts","floor":14.0,"turns":3.0},{"damage":0.0,"enemies":"Lots of Slimes","floor":15.0,"turns":1.0},{"damage":14.0,"enemies":"downfall:Ironclad","floor":16.0,"turns":8.0},{"damage":0.0,"enemies":"Shell Parasite","floor":19.0,"turns":6.0},{"damage":0.0,"enemies":"3 Byrds","floor":21.0,"turns":8.0},{"damage":7.0,"enemies":"Sentry and Sphere","floor":22.0,"turns":8.0},{"damage":8.0,"enemies":"Snecko","floor":23.0,"turns":8.0},{"damage":15.0,"enemies":"Shelled Parasite and Fungi","floor":27.0,"turns":6.0},{"damage":0.0,"enemies":"Chosen and Byrds","floor":28.0,"turns":10.0},{"damage":0,"enemies":"Sentry and Sphere","floor":29,"turns":1}],"seed_played":"8808684319961206004","potions_obtained":[{"floor":4.0,"key":"jedi:StrikingPotion"},{"floor":8.0,"key":"BlessingOfTheForge"},{"floor":9.0,"key":"Cursed Concoction"},{"floor":10.0,"key":"Venom Potion"},{"floor":16.0,"key":"FearPotion"},{"floor":23.0,"key":"PowerPotion"},{"floor":27.0,"key":"Adrenaline Potion"}],"is_trial":false,"path_per_floor":["R","M","?","M","M","R","MIM","E","M","M","E","$","R","M","M","B",null,"R","M","?","M","M","M","T","R","AVR","M","M","M"],"character_chosen":"THE_EXALTED","items_purchased":["DemoMod:ClearGuonStone"],"campfire_rested":1,"item_purchase_floors":[12],"current_hp_per_floor":[75,75,75,75,75,75,75,63,62,62,62,62,62,62,62,48,75,75,75,19,19,12,4,4,22,22,15,15,15,15],"gold":71,"neow_bonus":"TRANSFORM_TWO_CARDS","is_daily":false,"chose_seed":false,"campfire_upgraded":3,"win_rate":0.0,"timestamp":1608669238,"path_taken":["R","M","?","?","?","R","MIM","E","M","M","E","$","R","M","M","BOSS","R","M","?","?","M","M","T","R","AVR","M","M","M"],"items_purchased_type":["Relic"],"build_version":"2020-12-13","purchased_purges":0,"victory":false,"max_hp_per_floor":[75,75,75,75,75,75,75,75,75,75,75,75,75,75,75,75,75,75,75,19,19,19,19,19,29,29,29,29,29,29],"card_choices":[{"not_picked":["Bromod:Redirection","Bromod:PointStrike"],"picked":"Bromod:Vitality","floor":2.0},{"not_picked":["Bromod:SeismicWave","Bromod:Vitality"],"picked":"Bromod:SteelFiber","floor":4.0},{"not_picked":["Bromod:PointStrike","Bromod:FastHands","Bromod:Patagium"],"picked":"SKIP","floor":5.0},{"not_picked":["Bromod:PressurePoint","Bromod:BodyCount"],"picked":"Bromod:SteelFiber","floor":7.0},{"not_picked":["Bromod:PointStrike","Bromod:QuickThinking"],"picked":"Bromod:OrganShatter","floor":8.0},{"not_picked":["Bromod:Foundry","Bromod:QuickDraw"],"picked":"Bromod:BulletJump","floor":9.0},{"not_picked":["Bromod:BodyCount","Bromod:Foundry"],"picked":"Bromod:BulletJump","floor":10.0},{"not_picked":["Bromod:Blaze","Bromod:FastHands"],"picked":"Bromod:NoReturn","floor":11.0},{"not_picked":["Bromod:QuickDraw","Bromod:Foundry","Bromod:PointBlank"],"picked":"SKIP","floor":12.0},{"not_picked":["Bromod:TacticalPump","Bromod:Rejuvenation"],"picked":"Bromod:PointStrike","floor":14.0},{"not_picked":["Bromod:Vitality","Bromod:Foundry","Bromod:Provoked"],"picked":"SKIP","floor":15.0},{"not_picked":["Bromod:BodyCount","Bromod:HornetStrike"],"picked":"Bromod:Vitality+1","floor":19.0},{"not_picked":["Bromod:OrganShatter","Bromod:BodyCount","Bromod:TargetCracker"],"picked":"SKIP","floor":21.0},{"not_picked":["Bromod:BodyCount","Bromod:RelentlessCombination+1","Bromod:Reflection"],"picked":"SKIP","floor":22.0},{"not_picked":["Bromod:SeismicWave","Bromod:FinishingTouch","Bromod:Foundry"],"picked":"SKIP","floor":23.0},{"not_picked":["Bromod:HornetStrike","Bromod:SlipMagazine","Bromod:QuickDraw+1"],"picked":"SKIP","floor":27.0},{"not_picked":["Bromod:Vitality","Bromod:PressurePoint+1","Bromod:KillingBlow"],"picked":"SKIP","floor":28.0}],"player_experience":690747,"relics_obtained":[{"floor":7.0,"key":"StuffTheSpire:Mouthbags"},{"floor":8.0,"key":"hubris:TenFootPole"},{"floor":11.0,"key":"vexMod:BarristanHead"}],"event_choices":[{"cards_removed":["Bromod:Strike_Bro"],"damage_healed":0.0,"max_hp_gain":0.0,"max_hp_loss":0.0,"gold_gain":0.0,"event_name":"Bonfire Elementals","player_choice":"Offered Basic","floor":3.0,"gold_loss":0.0,"damage_taken":0.0}],"is_beta":false,"boss_relics":[{"not_picked":["hubris:TerracottaHorce","Honey Jar"],"picked":"energizedSpire:NeverEndingSparkler"}],"items_purged_floors":[],"is_endless":false,"potions_floor_spawned":[4,8,9,10,16,23,27,28],"killed_by":"Sentry and Sphere","ascension_level":2}}