{"host":"x039aayur7qovk2d","time":1608627881,"event":{"mods":["AchievementEnabler","BaseMod","Block Reminder","Colored Map","Colored Powertips","DeckTracker","Googly Eyes","Highlight Path","Minty Spire (QoL Compilation)","Permanent Neow","Quick Restart","Random Character Button","Rare Cards Sparkle","Relic Sorter","Relic Stats"],"gold_per_floor":[119,139,158,172,190,219,233,249,249,276,8,23,23,34,34,139,139,154,154,170,188,201,227,227,227],"floor_reached":24,"playtime":2298,"items_purged":["Pain"],"score":236,"play_id":"ad74d820-5485-4067-a6e4-699e11391408","local_time":"20201222010441","is_ascension_mode":false,"campfire_choices":[{"floor":15.0,"key":"REST"}],"circlet_count":0,"master_deck":["Strike_R","Strike_R","Strike_R","Strike_R","Strike_R","Defend_R","Defend_R","Defend_R","Defend_R","Bash","Metallicize","Wild Strike","Ghostly Armor","Disarm","Anger","Perfected Strike","Pommel Strike","Pommel Strike","Perfected Strike","Seeing Red","Noxious Fumes","Flex","Feed","Blade Dance","Poisoned Stab","Thunderclap","Bouncing Flask+1","Ball Lightning+1"],"relics":["Burning Blood","Ginger","Regal Pillow","Smiling Mask","PrismaticShard","Black Star","Pocketwatch","Bottled Lightning","Molten Egg 2"],"acts_visited":["Exordium","TheCity"],"potions_floor_usage":[23],"damage_taken":[{"damage":15.0,"enemies":"Cultist","floor":1.0,"turns":4.0},{"damage":13.0,"enemies":"Jaw Worm","floor":2.0,"turns":5.0},{"damage":3.0,"enemies":"Small Slimes","floor":3.0,"turns":3.0},{"damage":20.0,"enemies":"Exordium Thugs","floor":4.0,"turns":7.0},{"damage":5.0,"enemies":"3 Louse","floor":5.0,"turns":5.0},{"damage":11.0,"enemies":"Gremlin Nob","floor":6.0,"turns":4.0},{"damage":24.0,"enemies":"Lots of Slimes","floor":7.0,"turns":6.0},{"damage":4.0,"enemies":"Blue Slaver","floor":8.0,"turns":3.0},{"damage":14.0,"enemies":"Lagavulin","floor":10.0,"turns":7.0},{"damage":10.0,"enemies":"Looter","floor":12.0,"turns":2.0},{"damage":10.0,"enemies":"Exordium Thugs","floor":14.0,"turns":4.0},{"damage":42.0,"enemies":"The Guardian","floor":16.0,"turns":14.0},{"damage":0.0,"enemies":"Chosen","floor":18.0,"turns":3.0},{"damage":2.0,"enemies":"Spheric Guardian","floor":20.0,"turns":3.0},{"damage":6.0,"enemies":"Snecko","floor":21.0,"turns":4.0},{"damage":29.0,"enemies":"Centurion and Healer","floor":22.0,"turns":8.0},{"damage":34,"enemies":"Gremlin Leader","floor":23,"turns":7},{"damage":26,"enemies":"3 Cultists","floor":24,"turns":4}],"seed_played":"-7130162475148828260","potions_obtained":[{"floor":2.0,"key":"Dexterity Potion"},{"floor":3.0,"key":"ColorlessPotion"},{"floor":8.0,"key":"CultistPotion"},{"floor":12.0,"key":"ColorlessPotion"},{"floor":14.0,"key":"SkillPotion"},{"floor":16.0,"key":"ElixirPotion"},{"floor":18.0,"key":"PowerPotion"},{"floor":23,"key":"Block Potion"}],"is_trial":false,"path_per_floor":["M","M","M","M","M","E","M","M","T","E","$","M","$","M","R","B",null,"M","?","M","M","M","E","M"],"character_chosen":"IRONCLAD","items_purchased":["PrismaticShard","Seeing Red"],"campfire_rested":1,"item_purchase_floors":[11,11],"current_hp_per_floor":[71,64,67,53,54,49,31,33,33,25,25,21,21,17,56,20,80,80,80,80,80,60,32,6,6],"gold":227,"neow_bonus":"ONE_RARE_RELIC","is_daily":false,"chose_seed":false,"campfire_upgraded":0,"win_rate":0.0,"timestamp":1608627881,"path_taken":["M","M","M","M","M","E","M","M","T","E","$","M","?","M","R","BOSS","M","?","M","M","M","E","M"],"items_purchased_type":["Relic","Card"],"build_version":"2020-12-13","purchased_purges":1,"victory":false,"max_hp_per_floor":[80,80,80,80,80,80,80,80,80,80,80,80,80,80,80,80,80,80,80,80,80,83,83,83,83],"relic_stats":{"Regal Pillow":15,"counters":[18,93],"Black Star":1,"Ginger":[4],"Smiling Mask":25,"obtain_stats":[{"Regal Pillow":6,"Molten Egg 2":23,"Black Star":17,"Ginger":0,"Bottled Lightning":23,"Smiling Mask":10,"PrismaticShard":11,"Burning Blood":0,"Pocketwatch":19},{"Regal Pillow":6,"Molten Egg 2":17,"Black Star":12,"Ginger":0,"Bottled Lightning":17,"Smiling Mask":9,"PrismaticShard":9,"Burning Blood":0,"Pocketwatch":13},{"Regal Pillow":28,"Molten Egg 2":89,"Black Star":64,"Ginger":0,"Bottled Lightning":89,"Smiling Mask":44,"PrismaticShard":44,"Burning Blood":0,"Pocketwatch":67}],"Burning Blood":92,"Pocketwatch":[33]},"card_choices":[{"not_picked":["True Grit","Carnage"],"picked":"Metallicize","floor":1.0},{"not_picked":["Flex","True Grit"],"picked":"Wild Strike","floor":2.0},{"not_picked":["Inflame","Clash"],"picked":"Ghostly Armor","floor":3.0},{"not_picked":["Flex","Havoc"],"picked":"Disarm","floor":4.0},{"not_picked":["Body Slam","Heavy Blade"],"picked":"Anger","floor":5.0},{"not_picked":["Offering","Warcry"],"picked":"Perfected Strike","floor":6.0},{"not_picked":["Combust","Wild Strike"],"picked":"Pommel Strike","floor":7.0},{"not_picked":["Heavy Blade","Feel No Pain"],"picked":"Pommel Strike","floor":8.0},{"not_picked":["Corruption","Searing Blow"],"picked":"Perfected Strike","floor":10.0},{"not_picked":["JustLucky","Pommel Strike"],"picked":"Noxious Fumes","floor":12.0},{"not_picked":["Purity","Collect"],"picked":"Flex","floor":14.0},{"not_picked":["Seek","Secret Technique"],"picked":"Feed","floor":16.0},{"not_picked":["SignatureMove+1","Perfected Strike"],"picked":"Blade Dance","floor":18.0},{"not_picked":["Power Through","Dramatic Entrance"],"picked":"Poisoned Stab","floor":20.0},{"not_picked":["Purity","FlurryOfBlows+1"],"picked":"Thunderclap","floor":21.0},{"not_picked":["Wild Strike","Sweeping Beam"],"picked":"Bouncing Flask+1","floor":22.0},{"not_picked":["FollowUp+1","Stack+1"],"picked":"Ball Lightning+1","floor":23}],"player_experience":186307,"relics_obtained":[{"floor":6.0,"key":"Regal Pillow"},{"floor":10.0,"key":"Smiling Mask"},{"floor":19.0,"key":"Pocketwatch"},{"floor":23,"key":"Bottled Lightning"},{"floor":23,"key":"Molten Egg 2"}],"event_choices":[{"damage_healed":0.0,"max_hp_gain":0.0,"max_hp_loss":0.0,"gold_gain":0.0,"event_name":"Wheel of Change","player_choice":"Relic","floor":19.0,"gold_loss":0.0,"damage_taken":0.0}],"is_beta":false,"boss_relics":[{"not_picked":["Empty Cage","Mark of Pain"],"picked":"Black Star"}],"items_purged_floors":[11],"is_endless":false,"potions_floor_spawned":[2,3,8,12,14,16,18,23],"killed_by":"3 Cultists","ascension_level":0}}