{"host":"mqhvlr3kpxebko0t","time":1608595566,"event":{"mods":["AchievementEnabler","BaseMod","Colored Map","Colored Powertips","Keyboard Shortcuts","Minty Spire (QoL Compilation)","StSLib","SuperFastMode"],"gold_per_floor":[113,130,130,55,205,205,240,250,275,275,304,304,323,323,323,323,323],"floor_reached":16,"playtime":197,"items_purged":["Strike_P"],"score":263,"play_id":"9f92c1d8-167f-435c-9aca-7a7d0e73f818","local_time":"20201222090606","is_ascension_mode":true,"campfire_choices":[{"data":"Eruption","floor":6,"key":"SMITH"},{"data":"CrushJoints","floor":10,"key":"SMITH"},{"floor":15,"key":"REST"}],"circlet_count":0,"master_deck":["AscendersBane","Strike_P","Strike_P","Strike_P","Defend_P","Defend_P","Defend_P","Defend_P","Eruption+1","Vigilance","FollowUp","CrushJoints+1","Tantrum","Vault","Meditate"],"relics":["PureWater","NeowsBlessing","PreservedInsect","Toy Ornithopter","MealTicket"],"acts_visited":["Exordium"],"potions_floor_usage":[8,12,16],"damage_taken":[{"damage":0,"enemies":"Jaw Worm","floor":1,"turns":1},{"damage":0,"enemies":"Small Slimes","floor":2,"turns":1},{"damage":0,"enemies":"3 Sentries","floor":7,"turns":1},{"damage":1,"enemies":"2 Louse","floor":8,"turns":2},{"damage":44,"enemies":"Lagavulin","floor":11,"turns":4},{"damage":0,"enemies":"Blue Slaver","floor":12,"turns":2},{"damage":21,"enemies":"3 Louse","floor":13,"turns":3},{"damage":41,"enemies":"The Guardian","floor":16,"turns":11}],"seed_played":"2605097103332673892","potions_obtained":[{"floor":2,"key":"Energy Potion"},{"floor":7,"key":"SmokeBomb"},{"floor":8,"key":"Fruit Juice"},{"floor":13,"key":"Swift Potion"}],"is_trial":false,"path_per_floor":["M","M","?","$","?","R","E","M","T","R","E","M","M","?","R","B"],"character_chosen":"WATCHER","items_purchased":[],"campfire_rested":1,"item_purchase_floors":[],"current_hp_per_floor":[61,61,66,66,66,66,66,70,70,70,26,31,10,10,33,0,0],"gold":323,"neow_bonus":"THREE_ENEMY_KILL","is_daily":false,"chose_seed":false,"campfire_upgraded":2,"win_rate":0.0,"timestamp":1608595566,"path_taken":["M","M","?","$","?","R","E","M","T","R","E","M","M","?","R","BOSS"],"items_purchased_type":[],"build_version":"2020-12-13","purchased_purges":1,"victory":false,"max_hp_per_floor":[68,68,73,73,73,73,73,78,78,78,78,78,78,78,78,78,78],"card_choices":[{"not_picked":["CutThroughFate","ThirdEye"],"picked":"FollowUp","floor":1},{"not_picked":["EmptyBody","ThirdEye"],"picked":"CrushJoints","floor":2},{"not_picked":["Evaluate","FollowUp"],"picked":"Tantrum","floor":7},{"not_picked":["Prostrate","Meditate"],"picked":"Vault","floor":8},{"not_picked":["ClearTheMind","JustLucky","SashWhip"],"picked":"SKIP","floor":11},{"not_picked":["EmptyBody","LikeWater"],"picked":"Meditate","floor":13}],"player_experience":670018,"relics_obtained":[{"floor":7,"key":"PreservedInsect"},{"floor":9,"key":"Toy Ornithopter"},{"floor":11,"key":"MealTicket"}],"event_choices":[{"damage_healed":0,"gold_gain":0,"player_choice":"Donut","damage_taken":0,"max_hp_gain":5,"max_hp_loss":0,"event_name":"Big Fish","floor":3,"gold_loss":0},{"damage_healed":0,"gold_gain":150,"player_choice":"AGREE","damage_taken":0,"max_hp_gain":0,"max_hp_loss":0,"event_name":"Liars Game","floor":5,"gold_loss":0,"cards_obtained":["Doubt"]},{"cards_removed":["Doubt"],"damage_healed":0,"gold_gain":0,"player_choice":"Forget","damage_taken":0,"max_hp_gain":0,"max_hp_loss":0,"event_name":"Living Wall","floor":14,"gold_loss":0}],"is_beta":false,"boss_relics":[],"items_purged_floors":[4],"is_endless":false,"potions_floor_spawned":[2,7,8,13],"killed_by":"The Guardian","ascension_level":19}}