{"host":"6pgtslebjnyv5xmi","time":1608648704,"event":{"mods":["AchievementEnabler","BaseMod","Colored Map","Minty Spire (QoL Compilation)","Rare Cards Sparkle","SuperFastMode","everything is the same but u backflip on backflip"],"gold_per_floor":[117,134,134,209,159,159,159,199,225,225,225,269,168,343,343,343,343],"floor_reached":16,"playtime":381,"items_purged":["Strike_R"],"score":168,"play_id":"a3ed80a0-fc38-4484-bfca-bb51eb4dbb65","local_time":"20201222235144","is_ascension_mode":true,"campfire_choices":[{"data":"Searing Blow","floor":6,"key":"SMITH"},{"data":"Searing Blow+1","floor":11,"key":"SMITH"},{"data":"Searing Blow+2","floor":15,"key":"SMITH"}],"circlet_count":0,"master_deck":["Strike_R","Strike_R","Strike_R+1","Defend_R","Defend_R","Defend_R","Defend_R+1","Bash","Searing Blow+3","Shockwave","Spot Weakness","Headbutt+1","Doubt"],"relics":["Burning Blood","NeowsBlessing","Golden Idol","Bird Faced Urn","Dream Catcher","Molten Egg 2","Juzu Bracelet"],"acts_visited":["Exordium"],"potions_floor_usage":[16,16],"damage_taken":[{"damage":0,"enemies":"Cultist","floor":1,"turns":1},{"damage":0,"enemies":"Small Slimes","floor":2,"turns":1},{"damage":0,"enemies":"3 Sentries","floor":8,"turns":2},{"damage":25,"enemies":"Gremlin Nob","floor":12,"turns":4},{"damage":30,"enemies":"Slime Boss","floor":16,"turns":8}],"seed_played":"976844184615017443","potions_obtained":[{"floor":8,"key":"SteroidPotion"},{"floor":12,"key":"SkillPotion"}],"is_trial":false,"path_per_floor":["M","M","?","?","?","R","?","E","T","T","R","E","$","?","R","B"],"character_chosen":"IRONCLAD","items_purchased":["Headbutt+1"],"campfire_rested":0,"item_purchase_floors":[13],"current_hp_per_floor":[78,80,64,53,53,53,33,39,39,39,39,20,20,20,20,0,0],"gold":343,"neow_bonus":"THREE_ENEMY_KILL","is_daily":false,"chose_seed":false,"campfire_upgraded":3,"win_rate":0.0,"timestamp":1608648704,"path_taken":["M","?","?","?","?","R","?","E","T","?","R","E","?","?","R","BOSS"],"items_purchased_type":["Card"],"build_version":"2020-12-13","purchased_purges":1,"victory":false,"max_hp_per_floor":[80,80,80,80,80,80,80,80,80,80,80,80,80,80,80,80,80],"card_choices":[{"not_picked":["Clash","Infernal Blade"],"picked":"Searing Blow","floor":1},{"not_picked":["Whirlwind","Havoc"],"picked":"Shockwave","floor":2},{"not_picked":["Inflame","Anger"],"picked":"Spot Weakness","floor":8},{"not_picked":["Clash+1","Dropkick+1","Spot Weakness"],"picked":"SKIP","floor":12}],"player_experience":373764,"relics_obtained":[{"floor":8,"key":"Bird Faced Urn"},{"floor":9,"key":"Dream Catcher"},{"floor":10,"key":"Molten Egg 2"},{"floor":12,"key":"Juzu Bracelet"}],"event_choices":[{"damage_healed":0,"gold_gain":0,"player_choice":"Entered Light","damage_taken":16,"max_hp_gain":0,"max_hp_loss":0,"event_name":"Shining Light","floor":3,"gold_loss":0,"cards_upgraded":["Defend_R","Strike_R"]},{"damage_healed":0,"gold_gain":75,"player_choice":"Gather Gold","damage_taken":11,"max_hp_gain":0,"max_hp_loss":0,"event_name":"World of Goop","floor":4,"gold_loss":0},{"cards_removed":["Strike_R"],"damage_healed":0,"gold_gain":0,"player_choice":"Card Removal","damage_taken":0,"max_hp_gain":0,"max_hp_loss":0,"event_name":"The Cleric","floor":5,"gold_loss":50},{"damage_healed":0,"gold_gain":0,"player_choice":"Take Damage","damage_taken":20,"relics_obtained":["Golden Idol"],"max_hp_gain":0,"max_hp_loss":0,"event_name":"Golden Idol","floor":7,"gold_loss":0},{"damage_healed":0,"gold_gain":175,"player_choice":"AGREE","damage_taken":0,"max_hp_gain":0,"max_hp_loss":0,"event_name":"Liars Game","floor":14,"gold_loss":0,"cards_obtained":["Doubt"]}],"is_beta":false,"boss_relics":[],"items_purged_floors":[13],"is_endless":false,"potions_floor_spawned":[8,12],"killed_by":"Slime Boss","ascension_level":6}}