{"host":"jm9833yuloeli2yd","time":1608598367,"event":{"mods":["AchievementEnabler","BaseMod","Better Altar","Better Match","Better Note","Better Sensory Stone","Better Skull","Better Vampires","Colored Map","Colored Powertips","DeckTracker","Minty Spire (QoL Compilation)","Permanent Neow","Quick Restart","Replay The Spire","StSLib","SuperFastMode"],"gold_per_floor":[111,121,121,140,10,45,57,89,115,130,130,163,163,206,206,322,322,360,383,52,52,75,75,97,140,194,18,46,84,124,172,172,288,288,314,314,347,347,198,236,277,357,369,398,410,95,95,139,139,155],"floor_reached":51,"playtime":2206,"items_purged":["Injury","Strike_P","Strike_P+1"],"score":1350,"play_id":"e0c13140-ab54-472d-b07f-ce8f6bb39175","local_time":"20201221195247","is_ascension_mode":true,"campfire_choices":[{"floor":15.0,"key":"REST"},{"floor":23.0,"key":"REST"},{"floor":32,"key":"REST"},{"floor":47,"key":"REST"},{"floor":49,"key":"DIG"}],"circlet_count":0,"master_deck":["AscendersBane","Strike_P+1","Defend_P+1","Defend_P+1","Defend_P+1","Defend_P+1","Eruption+1","Vigilance+1","PathToVictory+1","ReplayTheSpireMod:Trickstab+1","FlurryOfBlows+1","TalkToTheHand+1","Sanctity+1","DeceiveReality+1","PathToVictory+1","Establishment+1","Halt+1","DevaForm+1","Weave+1","BowlingBash+1","Protect+1","PathToVictory+1","ForeignInfluence+1","LessonLearned+1","Halt+1","PathToVictory+1","Replay:AtTheReady+1","PathToVictory+1","WaveOfTheHand+1","Vault+1","LikeWater+1"],"relics":["PureWater","Anchor","StrikeDummy","Bronze Scales","Regal Pillow","Replay:Bandana","Matryoshka","Philosopher\u0027s Stone","Kunai","MealTicket","ReplayTheSpireMod:Shallot","Bag of Preparation","ReplayFunnel","ReplayTheSpireMod:CursedCoin","Oddly Smooth Stone","Red Mask","Gremlin Horn","Honey Jar","MawBank","Du-Vu Doll","Juzu Bracelet","White Beast Statue","Mark of the Bloom","ReplayTheSpireMod:Lightbulb","PreservedInsect","Lantern"],"acts_visited":["Exordium","TheCity","TheBeyond"],"potions_floor_usage":[25,30,40,41,50,50],"damage_taken":[{"damage":0.0,"enemies":"Jaw Worm","floor":1.0,"turns":3.0},{"damage":0.0,"enemies":"Small Slimes","floor":2.0,"turns":3.0},{"damage":0.0,"enemies":"2 Louse","floor":4.0,"turns":2.0},{"damage":0.0,"enemies":"Lagavulin","floor":6.0,"turns":3.0},{"damage":13.0,"enemies":"Gremlin Gang","floor":7.0,"turns":3.0},{"damage":13.0,"enemies":"3 Sentries","floor":8.0,"turns":6.0},{"damage":2.0,"enemies":"3 Louse","floor":10.0,"turns":2.0},{"damage":1.0,"enemies":"Replay:BlueRogue","floor":12.0,"turns":6.0},{"damage":15.0,"enemies":"Gremlin Nob","floor":14.0,"turns":4.0},{"damage":23.0,"enemies":"The Guardian","floor":16.0,"turns":9.0},{"damage":6.0,"enemies":"2 Thieves","floor":18.0,"turns":3.0},{"damage":9.0,"enemies":"3 Byrds","floor":19.0,"turns":3.0},{"damage":2.0,"enemies":"Cultist and Chosen","floor":22.0,"turns":6.0},{"damage":6.0,"enemies":"Snecko","floor":24.0,"turns":4.0},{"damage":7,"enemies":"Book of Stabbing","floor":25,"turns":6},{"damage":26,"enemies":"3 Cultists","floor":28,"turns":5},{"damage":0,"enemies":"Centurion and Healer","floor":29,"turns":6},{"damage":45,"enemies":"Masked Bandits","floor":30,"turns":6},{"damage":8,"enemies":"Gremlin Leader","floor":31,"turns":4},{"damage":16,"enemies":"Collector","floor":33,"turns":8},{"damage":0,"enemies":"Orb Walker","floor":35,"turns":3},{"damage":0,"enemies":"3 Darklings","floor":37,"turns":5},{"damage":5,"enemies":"Giant Head","floor":40,"turns":8},{"damage":0,"enemies":"Writhing Mass","floor":41,"turns":5},{"damage":7,"enemies":"2 Orb Walkers","floor":42,"turns":6},{"damage":0,"enemies":"Sphere and 2 Shapes","floor":44,"turns":4},{"damage":12,"enemies":"Nemesis","floor":48,"turns":8},{"damage":0,"enemies":"Awakened One","floor":50,"turns":12}],"seed_played":"6199525066273520137","potions_obtained":[{"floor":1.0,"key":"DistilledChaos"},{"floor":4.0,"key":"Block Potion"},{"floor":6.0,"key":"Fire Potion"},{"floor":12.0,"key":"Strength Potion"},{"floor":16.0,"key":"ColorlessPotion"},{"floor":19.0,"key":"DuplicationPotion"},{"floor":22.0,"key":"Adrenaline Potion"},{"floor":28,"key":"AttackPotion"},{"floor":33,"key":"Reflective Coating"},{"floor":37,"key":"Block Potion"},{"floor":40,"key":"Languid Potion"},{"floor":44,"key":"EntropicBrew"},{"floor":48,"key":"Strength Potion"}],"is_trial":false,"path_per_floor":["M","M","?","M","$","E","M","E","T","M","?","E","?","E","R","B",null,"M","M","$","?","M","R","M","E","T","$","M","M","?","E","R","B",null,"M","?","M","?","$","E","M","?","T","M","?","$","R","E","R_BF","B",null],"character_chosen":"WATCHER","items_purchased":["TalkToTheHand","AttackPotion","BattleHymn","Kunai","ReplayTheSpireMod:CursedCoin","Oddly Smooth Stone","FairyPotion","PowerPotion","ReplayTheSpireMod:Lightbulb"],"campfire_rested":4,"item_purchase_floors":[5,5,20,20,27,27,27,39,46],"current_hp_per_floor":[65,65,65,65,65,65,52,39,39,37,30,29,29,14,50,27,61,55,46,46,46,44,72,66,59,59,72,46,46,1,21,57,41,64,64,64,64,72,72,67,67,60,60,60,60,60,60,48,48,48],"gold":155,"neow_bonus":"RANDOM_COMMON_RELIC","is_daily":false,"chose_seed":false,"campfire_upgraded":0,"win_rate":0.0,"timestamp":1608598367,"path_taken":["M","M","?","M","$","E","M","E","T","M","?","E","?","E","R","BOSS","M","?","$","?","M","R","M","E","T","?","M","M","?","E","R","BOSS","M","?","M","?","$","E","?","?","T","M","?","?","R","E","R_BF","BOSS"],"items_purchased_type":["Card","Potion","Card","Relic","Relic","Relic","Potion","Potion","Relic"],"build_version":"2020-12-13","purchased_purges":3,"victory":true,"max_hp_per_floor":[72,72,72,72,72,72,72,72,72,72,72,72,72,72,72,72,72,72,72,72,72,72,72,72,72,72,72,72,72,72,72,72,72,72,72,72,72,72,72,72,72,72,72,72,72,72,72,72,72,72],"card_choices":[{"not_picked":["Worship","Perseverance"],"picked":"PathToVictory","floor":1.0},{"not_picked":["Replay:BluntJabs","Swivel","EmptyBody"],"picked":"SKIP","floor":2.0},{"not_picked":["Mind Blast","Purity"],"picked":"ReplayTheSpireMod:Trickstab","floor":3.0},{"not_picked":["JustLucky","Protect"],"picked":"FlurryOfBlows","floor":4.0},{"not_picked":["Nirvana","BowlingBash","Collect"],"picked":"SKIP","floor":6.0},{"not_picked":["SignatureMove","BattleHymn"],"picked":"Sanctity","floor":7.0},{"not_picked":["PathToVictory","InnerPeace"],"picked":"DeceiveReality","floor":8.0},{"not_picked":["EmptyBody","CrushJoints"],"picked":"PathToVictory","floor":10.0},{"not_picked":["JustLucky","Indignation"],"picked":"Establishment","floor":12.0},{"not_picked":["ForeignInfluence","BowlingBash"],"picked":"Halt","floor":14.0},{"not_picked":["Replay:AllIn","MasterReality"],"picked":"DevaForm","floor":16.0},{"not_picked":["Prostrate+1","BowlingBash","Swivel"],"picked":"SKIP","floor":18.0},{"not_picked":["Nirvana","BowlingBash","Consecrate"],"picked":"SKIP","floor":19.0},{"not_picked":["Halt","InnerPeace"],"picked":"Weave+1","floor":22.0},{"not_picked":["Prostrate","WreathOfFlame"],"picked":"BowlingBash+1","floor":24.0},{"not_picked":["Indignation","CarveReality","Vengeance"],"picked":"SKIP","floor":25},{"not_picked":["BowlingBash","Prostrate","Evaluate"],"picked":"SKIP","floor":28},{"not_picked":["FlyingSleeves","Crescendo+1"],"picked":"Protect+1","floor":29},{"not_picked":["Crescendo","Sanctity+1"],"picked":"PathToVictory","floor":30},{"not_picked":["EmptyMind","BowlingBash"],"picked":"ForeignInfluence+1","floor":31},{"not_picked":["MasterReality","Omniscience"],"picked":"LessonLearned","floor":33},{"not_picked":["Conclude+1","WindmillStrike","FollowUp+1"],"picked":"Halt+1","floor":35},{"not_picked":["CrushJoints+1","EmptyFist","BattleHymn+1"],"picked":"PathToVictory","floor":37},{"not_picked":["Fasting2+1","Replay:Hum","Replay:ManipulateFuture"],"picked":"Replay:AtTheReady+1","floor":40},{"not_picked":["Replay:AtTheReady","CrushJoints+1","Crescendo"],"picked":"PathToVictory+1","floor":41},{"not_picked":["Conclude","BowlingBash+1","ThirdEye"],"picked":"WaveOfTheHand","floor":42},{"not_picked":["Protect","FlyingSleeves+1","SandsOfTime+1"],"picked":"Vault","floor":44},{"not_picked":["WindmillStrike+1","WheelKick+1","Crescendo+1"],"picked":"LikeWater+1","floor":48}],"player_experience":1148921,"relics_obtained":[{"floor":6.0,"key":"StrikeDummy"},{"floor":8.0,"key":"Bronze Scales"},{"floor":9.0,"key":"Regal Pillow"},{"floor":12.0,"key":"Replay:Bandana"},{"floor":14.0,"key":"Matryoshka"},{"floor":25,"key":"ReplayTheSpireMod:Shallot"},{"floor":26,"key":"Bag of Preparation"},{"floor":26,"key":"ReplayFunnel"},{"floor":30,"key":"Red Mask"},{"floor":31,"key":"Gremlin Horn"},{"floor":40,"key":"MawBank"},{"floor":42,"key":"Du-Vu Doll"},{"floor":43,"key":"Juzu Bracelet"},{"floor":43,"key":"White Beast Statue"},{"floor":48,"key":"PreservedInsect"},{"floor":49,"key":"Lantern"}],"event_choices":[{"damage_healed":0.0,"max_hp_gain":0.0,"max_hp_loss":0.0,"gold_gain":1.0,"event_name":"betterStone:BetterStone","player_choice":"1","floor":3.0,"gold_loss":0.0,"damage_taken":0.0},{"cards_removed":["Strike_P"],"damage_healed":0.0,"max_hp_gain":0.0,"max_hp_loss":0.0,"gold_gain":0.0,"event_name":"Golden Wing","player_choice":"Card Removal","floor":11.0,"gold_loss":0.0,"damage_taken":7.0},{"damage_healed":0.0,"max_hp_gain":0.0,"max_hp_loss":0.0,"gold_gain":0.0,"event_name":"Accursed Blacksmith","player_choice":"Forge","floor":13.0,"gold_loss":0.0,"damage_taken":0.0,"cards_upgraded":["TalkToTheHand"]},{"damage_healed":0.0,"max_hp_gain":0.0,"max_hp_loss":0.0,"gold_gain":0.0,"event_name":"WeMeetAgain","player_choice":"Gave Potion","floor":21.0,"gold_loss":0.0,"damage_taken":0.0,"relics_obtained":["MealTicket"]},{"damage_healed":0,"gold_gain":0,"player_choice":"Fought Bandits","damage_taken":0,"max_hp_gain":0,"max_hp_loss":0,"event_name":"Masked Bandits","floor":30,"gold_loss":0},{"cards_removed":["BattleHymn"],"damage_healed":0,"gold_gain":0,"player_choice":"Removed Power","damage_taken":0,"max_hp_gain":0,"max_hp_loss":0,"event_name":"Falling","floor":36,"gold_loss":0},{"damage_healed":8,"gold_gain":0,"player_choice":"Full Heal","damage_taken":0,"max_hp_gain":0,"max_hp_loss":0,"event_name":"Wheel of Change","floor":38,"gold_loss":0},{"damage_healed":0,"gold_gain":0,"player_choice":"Fight","damage_taken":0,"max_hp_gain":0,"max_hp_loss":0,"event_name":"Mysterious Sphere","floor":42,"gold_loss":0},{"damage_healed":0,"gold_gain":0,"player_choice":"Upgrade","damage_taken":0,"relics_obtained":["Mark of the Bloom"],"max_hp_gain":0,"max_hp_loss":0,"event_name":"MindBloom","floor":45,"gold_loss":0,"cards_upgraded":["Strike_P","Defend_P","Defend_P","Defend_P","Defend_P","Vigilance","PathToVictory","ReplayTheSpireMod:Trickstab","Sanctity","DeceiveReality","PathToVictory","Establishment","Halt","DevaForm","PathToVictory","LessonLearned","PathToVictory","WaveOfTheHand","Vault"]}],"is_beta":false,"boss_relics":[{"not_picked":["Replay:Bronze Core","SlaversCollar"],"picked":"Philosopher\u0027s Stone"},{"not_picked":["Kintsugi","Tiny House"],"picked":"Honey Jar"}],"items_purged_floors":[27,39,46],"is_endless":false,"potions_floor_spawned":[1,4,6,12,16,19,22,28,33,37,40,44,48],"ascension_level":10}}