{"host":"f0gpob8hq9vgebej","time":1608612026,"event":{"mods":["AchievementEnabler","BaseMod","Googly Eyes","Minty Spire (QoL Compilation)","Quick Restart","SuperFastMode"],"gold_per_floor":[119,135,135,147,161,161,174,188,214,225,150,169,69,83,83,188,188,206,226,101,114,133,133,148,148,201,216,19,19,19,36,36,36,36],"floor_reached":33,"playtime":940,"items_purged":["Strike_G","Defend_G","Strike_G","Strike_G"],"score":395,"play_id":"b7797f91-ebb5-4d0c-b6d9-a9ddb157ad8d","local_time":"20201222134026","is_ascension_mode":true,"campfire_choices":[{"data":"Tactician","floor":6.0,"key":"SMITH"},{"data":"Tactician","floor":15.0,"key":"SMITH"},{"floor":25,"key":"REST"},{"data":"Burst","floor":30,"key":"SMITH"},{"data":"Prepared","floor":32,"key":"SMITH"}],"circlet_count":0,"master_deck":["AscendersBane","Strike_G","Defend_G","Defend_G","Defend_G","Defend_G","Survivor","Neutralize","Prepared","Tactician+1","Bouncing Flask","Tactician+1","Masterful Stab","Acrobatics","Prepared+1","Escape Plan","Burst+1","Crippling Poison","Footwork","Decay","Bouncing Flask+1","Deadly Poison","Survivor"],"relics":["Ring of the Snake","NeowsBlessing","MealTicket","Runic Pyramid","Boot"],"acts_visited":["Exordium","TheCity"],"potions_floor_usage":[16,24,24],"damage_taken":[{"damage":0.0,"enemies":"2 Louse","floor":1.0,"turns":1.0},{"damage":0.0,"enemies":"Cultist","floor":2.0,"turns":1.0},{"damage":0.0,"enemies":"Jaw Worm","floor":4.0,"turns":1.0},{"damage":24.0,"enemies":"Large Slime","floor":5.0,"turns":9.0},{"damage":19.0,"enemies":"Red Slaver","floor":7.0,"turns":6.0},{"damage":5.0,"enemies":"Gremlin Gang","floor":8.0,"turns":6.0},{"damage":7.0,"enemies":"2 Fungi Beasts","floor":10.0,"turns":4.0},{"damage":0.0,"enemies":"Exordium Wildlife","floor":12.0,"turns":3.0},{"damage":6.0,"enemies":"Looter","floor":14.0,"turns":3.0},{"damage":18,"enemies":"Hexaghost","floor":16,"turns":9},{"damage":0,"enemies":"Spheric Guardian","floor":18,"turns":3},{"damage":10,"enemies":"Shell Parasite","floor":19,"turns":4},{"damage":10,"enemies":"Cultist and Chosen","floor":21,"turns":6},{"damage":43,"enemies":"Chosen and Byrds","floor":22,"turns":7},{"damage":28,"enemies":"Snake Plant","floor":24,"turns":6},{"damage":14,"enemies":"Centurion and Healer","floor":27,"turns":6},{"damage":6,"enemies":"Snecko","floor":31,"turns":5},{"damage":3,"enemies":"Collector","floor":33,"turns":3}],"seed_played":"-6738230886065435147","potions_obtained":[{"floor":2.0,"key":"FairyPotion"},{"floor":4.0,"key":"Swift Potion"},{"floor":8.0,"key":"FairyPotion"},{"floor":14.0,"key":"PowerPotion"},{"floor":18,"key":"CunningPotion"},{"floor":21,"key":"DuplicationPotion"},{"floor":24,"key":"Fruit Juice"}],"is_trial":false,"path_per_floor":["M","M","?","M","M","R","M","M","T","M","$","M","$","M","R","B",null,"M","M","$","M","M","?","M","R","T","M","$","?","R","M","R","B"],"character_chosen":"THE_SILENT","items_purchased":["Deadly Poison"],"campfire_rested":1,"item_purchase_floors":[28],"current_hp_per_floor":[63,63,63,63,39,39,20,15,15,8,23,23,38,32,32,14,56,56,46,61,51,8,8,7,29,29,15,30,30,30,24,24,21,21],"gold":36,"neow_bonus":"THREE_ENEMY_KILL","is_daily":false,"chose_seed":false,"campfire_upgraded":4,"win_rate":0.0,"timestamp":1608612026,"path_taken":["M","M","?","M","M","R","M","M","T","?","?","M","$","M","R","BOSS","M","M","$","M","M","?","M","R","T","M","$","?","R","M","R","BOSS"],"items_purchased_type":["Card"],"build_version":"2020-12-13","purchased_purges":4,"victory":false,"max_hp_per_floor":[70,70,70,70,70,70,70,70,70,70,70,70,70,70,70,70,70,70,70,70,70,70,70,75,75,75,75,75,75,75,75,75,75,75],"card_choices":[{"not_picked":["Bane","Sucker Punch"],"picked":"Prepared","floor":1.0},{"not_picked":["Reflex","Blade Dance"],"picked":"Tactician","floor":2.0},{"not_picked":["Catalyst","Prepared"],"picked":"Bouncing Flask","floor":4.0},{"not_picked":["Acrobatics","Leg Sweep"],"picked":"Tactician","floor":5.0},{"not_picked":["Deflect","Quick Slash"],"picked":"Masterful Stab","floor":7.0},{"not_picked":["Masterful Stab","Outmaneuver"],"picked":"Acrobatics","floor":8.0},{"not_picked":["Acrobatics","Glass Knife"],"picked":"Prepared","floor":10.0},{"not_picked":["Acrobatics","Flechettes"],"picked":"Escape Plan","floor":12.0},{"not_picked":["Outmaneuver","Predator","Terror"],"picked":"SKIP","floor":14.0},{"not_picked":["Doppelganger","Die Die Die"],"picked":"Burst","floor":16},{"not_picked":["Caltrops","Quick Slash+1"],"picked":"Crippling Poison","floor":18},{"not_picked":["Reflex","Underhanded Strike","Sucker Punch"],"picked":"SKIP","floor":19},{"not_picked":["PiercingWail","Skewer","Outmaneuver"],"picked":"SKIP","floor":21},{"not_picked":["Flying Knee","Underhanded Strike"],"picked":"Footwork","floor":22},{"not_picked":["Riddle With Holes+1","Dash+1"],"picked":"Bouncing Flask+1","floor":24},{"not_picked":["Flechettes","Tactician","Sucker Punch"],"picked":"SKIP","floor":27},{"not_picked":["Quick Slash","Dagger Spray","Poisoned Stab"],"picked":"SKIP","floor":31}],"player_experience":184818,"relics_obtained":[{"floor":9.0,"key":"MealTicket"},{"floor":26,"key":"Boot"}],"event_choices":[{"cards_removed":["Strike_G"],"damage_healed":0.0,"max_hp_gain":0.0,"max_hp_loss":0.0,"gold_gain":0.0,"event_name":"Bonfire Elementals","player_choice":"Offered Basic","floor":3.0,"gold_loss":0.0,"damage_taken":0.0},{"damage_healed":0,"gold_gain":0,"player_choice":"Smashed Altar","damage_taken":0,"max_hp_gain":0,"max_hp_loss":0,"event_name":"Forgotten Altar","floor":23,"gold_loss":0,"cards_obtained":["Decay"]},{"damage_healed":0,"gold_gain":0,"player_choice":"Copied","damage_taken":0,"max_hp_gain":0,"max_hp_loss":0,"event_name":"Duplicator","floor":29,"gold_loss":0,"cards_obtained":["Survivor"]}],"is_beta":false,"boss_relics":[{"not_picked":["Tiny House","Empty Cage"],"picked":"Runic Pyramid"}],"items_purged_floors":[11,13,20,28],"is_endless":false,"potions_floor_spawned":[2,4,8,12,14,18,21,24],"killed_by":"Collector","ascension_level":12}}