{"host":"3srbdas3e7jgqz5l","time":1608606506,"event":{"mods":["BaseMod","Downfall","Minty Spire (QoL Compilation)","StSLib"],"gold_per_floor":[111,111,111,111,127,160,179,179,202,214,214,228,244,269,269,373,373,392,406,426,153,153,153,184,197,197,207,207,233,233,29,29,128,128,139,139,139,191,24,58,58,76,76,106,106,11,61,61,61,61,61],"floor_reached":50,"playtime":2623,"items_purged":["Strike_B","Strike_B"],"score":964,"play_id":"54289d31-1e8f-4b88-892b-2e3701d779e1","local_time":"20201222030826","is_ascension_mode":true,"campfire_choices":[{"data":"Buffer","floor":11.0,"key":"SMITH"},{"data":"Biased Cognition","floor":15.0,"key":"SMITH"},{"data":"Creative AI","floor":23.0,"key":"SMITH"},{"floor":28.0,"key":"REST"},{"floor":32.0,"key":"REST"},{"data":"Defragment","floor":41.0,"key":"SMITH"},{"floor":45.0,"key":"RECALL"},{"data":"expansioncontent:DonusPower","floor":49,"key":"SMITH"}],"circlet_count":0,"master_deck":["Strike_B","Strike_B","Defend_B+1","Defend_B","Defend_B","Defend_B","Zap+1","Dualcast+1","Buffer+1","Leap","Electrodynamics","Biased Cognition+1","Streamline","Steam","Creative AI+1","Heatsinks","Conserve Battery","Hologram","Leap","Buffer+1","Undo+1","Echo Form","White Noise+1","Discovery","Storm","Defragment+1","expansioncontent:DonusPower+1","Loop+1"],"relics":["FrozenCore","NeowsBlessing","Nunchaku","Omamori","Art of War","Cursed Key","Oddly Smooth Stone","Pen Nib","Bag of Preparation","Vajra","Membership Card","Gambling Chip","InkBottle","MealTicket","PreservedInsect","Ice Cream"],"acts_visited":["Exordium","TheCity","TheBeyond"],"potions_floor_usage":[50],"damage_taken":[{"damage":0.0,"enemies":"Jaw Worm","floor":1.0,"turns":1.0},{"damage":0.0,"enemies":"Small Slimes","floor":5.0,"turns":1.0},{"damage":0.0,"enemies":"Lagavulin","floor":6.0,"turns":1.0},{"damage":0.0,"enemies":"Cultist","floor":7.0,"turns":3.0},{"damage":5.0,"enemies":"3 Louse","floor":10.0,"turns":2.0},{"damage":0.0,"enemies":"Lots of Slimes","floor":12.0,"turns":1.0},{"damage":0.0,"enemies":"Gremlin Gang","floor":13.0,"turns":2.0},{"damage":0.0,"enemies":"Gremlin Nob","floor":14.0,"turns":4.0},{"damage":42.0,"enemies":"Hexaghost","floor":16.0,"turns":11.0},{"damage":12.0,"enemies":"2 Thieves","floor":18.0,"turns":4.0},{"damage":0.0,"enemies":"3 Byrds","floor":19.0,"turns":2.0},{"damage":0.0,"enemies":"Centurion and Healer","floor":20.0,"turns":4.0},{"damage":20.0,"enemies":"Slavers","floor":24.0,"turns":5.0},{"damage":1.0,"enemies":"3 Cultists","floor":25.0,"turns":6.0},{"damage":8.0,"enemies":"Snake Plant","floor":27.0,"turns":5.0},{"damage":6.0,"enemies":"Gremlin Leader","floor":29.0,"turns":6.0},{"damage":0.0,"enemies":"Champ","floor":33.0,"turns":11.0},{"damage":0.0,"enemies":"3 Shapes","floor":35.0,"turns":4.0},{"damage":0.0,"enemies":"2 Orb Walkers","floor":38.0,"turns":5.0},{"damage":0.0,"enemies":"Giant Head","floor":40.0,"turns":8.0},{"damage":0.0,"enemies":"3 Darklings","floor":42.0,"turns":4.0},{"damage":7.0,"enemies":"Reptomancer","floor":44.0,"turns":7.0},{"damage":7,"enemies":"Mind Bloom Boss Battle","floor":47,"turns":6},{"damage":67,"enemies":"Awakened One","floor":50,"turns":8}],"seed_played":"-1577161119529500945","potions_obtained":[{"floor":1.0,"key":"Explosive Potion"},{"floor":6.0,"key":"GamblersBrew"},{"floor":10.0,"key":"FocusPotion"},{"floor":16.0,"key":"SteroidPotion"},{"floor":18.0,"key":"DuplicationPotion"},{"floor":27.0,"key":"Guardian:BlockOnCardUsePotion"},{"floor":29.0,"key":"Ancient Potion"},{"floor":33.0,"key":"Explosive Potion"}],"is_trial":false,"path_per_floor":["M","$","?","?","M","E","M","?","T","M","R","M","M","E","R","B",null,"M","M","M","$","?","R","E","M","T","M","R","E","?","$","R","B",null,"M","?","?","?","$","E","R","M","T","E","R","$","?","?","R","B"],"character_chosen":"DEFECT","items_purchased":["Leap","Oddly Smooth Stone","Membership Card","Defragment","InkBottle","expansioncontent:DonusPower","Slimebound:ThreeZeroPotion"],"campfire_rested":2,"item_purchase_floors":[21,21,31,39,39,46,46],"current_hp_per_floor":[68,68,53,53,53,53,53,53,53,48,48,48,48,48,48,6,58,46,46,46,46,46,46,26,25,25,17,39,33,33,33,55,55,70,70,65,65,65,65,65,65,65,65,58,58,73,66,66,66,0,0],"gold":61,"neow_bonus":"THREE_ENEMY_KILL","is_daily":false,"chose_seed":false,"campfire_upgraded":5,"win_rate":0.0,"timestamp":1608606506,"path_taken":["M","$","?","?","?","E","M","?","T","?","R","?","M","E","R","BOSS","M","?","M","$","?","R","E","M","T","?","R","E","?","$","R","BOSS","M","?","?","?","?","E","R","?","T","E","R","$","?","?","R","BOSS"],"items_purchased_type":["Card","Relic","Relic","Card","Relic","Card","Potion"],"build_version":"2020-12-13","purchased_purges":2,"victory":false,"max_hp_per_floor":[75,75,75,75,75,75,75,75,75,75,75,75,75,75,75,75,75,75,75,75,75,75,75,75,75,75,75,75,75,75,75,75,75,75,75,75,75,75,75,75,75,75,75,75,75,75,75,71,71,71,71],"card_choices":[{"not_picked":["Skim","Stack","Hello World"],"picked":"SKIP","floor":1.0},{"not_picked":["Aggregate","Redo"],"picked":"Go for the Eyes","floor":5.0},{"not_picked":["Steam","Barrage"],"picked":"Buffer","floor":6.0},{"not_picked":["Gash","Barrage"],"picked":"Leap","floor":7.0},{"not_picked":["Heatsinks","Rip and Tear"],"picked":"Biased Cognition","floor":10.0},{"not_picked":["Lockon","Steam Power","Redo"],"picked":"SKIP","floor":12.0},{"not_picked":["Blizzard","Redo"],"picked":"Streamline","floor":13.0},{"not_picked":["All For One","Beam Cell"],"picked":"Steam","floor":14.0},{"not_picked":["Multi-Cast","Thunder Strike"],"picked":"Creative AI","floor":16.0},{"not_picked":["Beam Cell+1","Go for the Eyes"],"picked":"Heatsinks","floor":18.0},{"not_picked":["Redo","Ball Lightning+1"],"picked":"Conserve Battery","floor":19.0},{"not_picked":["Rebound","Leap"],"picked":"Hologram","floor":20.0},{"not_picked":["Beam Cell","Machine Learning"],"picked":"Undo+1","floor":24.0},{"not_picked":["Beam Cell","Rebound","Streamline+1"],"picked":"SKIP","floor":25.0},{"not_picked":["Stack","Hologram+1"],"picked":"Echo Form","floor":27.0},{"not_picked":["Leap","Melter+1"],"picked":"White Noise+1","floor":29.0},{"not_picked":["Barrage","Steam+1","Rebound+1"],"picked":"SKIP","floor":35.0},{"not_picked":["Violence","Forethought"],"picked":"Discovery","floor":36.0},{"not_picked":["Turbo+1","Beam Cell+1"],"picked":"Storm","floor":38.0},{"not_picked":["Chill","Recycle+1","Thunder Strike"],"picked":"SKIP","floor":40.0},{"not_picked":["Reinforced Body","Tempest+1","Turbo"],"picked":"SKIP","floor":42.0},{"not_picked":["Streamline+1","Undo","Static Discharge+1"],"picked":"SKIP","floor":44.0},{"not_picked":["Scrape","Blizzard"],"picked":"Loop+1","floor":47}],"player_experience":491131,"relics_obtained":[{"floor":6.0,"key":"Nunchaku"},{"floor":9.0,"key":"Omamori"},{"floor":14.0,"key":"Art of War"},{"floor":24.0,"key":"Pen Nib"},{"floor":26.0,"key":"Bag of Preparation"},{"floor":29.0,"key":"Vajra"},{"floor":38.0,"key":"Gambling Chip"},{"floor":40.0,"key":"MealTicket"},{"floor":44.0,"key":"PreservedInsect"},{"floor":47,"key":"Ice Cream"}],"event_choices":[{"damage_healed":0.0,"max_hp_gain":0.0,"max_hp_loss":0.0,"gold_gain":0.0,"event_name":"Shining Light","player_choice":"Entered Light","floor":3.0,"gold_loss":0.0,"damage_taken":15.0,"cards_upgraded":["Defend_B","Dualcast"]},{"damage_healed":0.0,"max_hp_gain":0.0,"max_hp_loss":0.0,"gold_gain":0.0,"event_name":"Upgrade Shrine","player_choice":"Upgraded","floor":4.0,"gold_loss":0.0,"damage_taken":0.0,"cards_upgraded":["Zap"]},{"damage_healed":0.0,"max_hp_gain":0.0,"max_hp_loss":0.0,"gold_gain":0.0,"event_name":"Match and Keep!","player_choice":"1 cards matched","floor":8.0,"gold_loss":0.0,"damage_taken":0.0,"cards_obtained":["Electrodynamics"]},{"damage_healed":0.0,"max_hp_gain":0.0,"max_hp_loss":0.0,"gold_gain":0.0,"event_name":"Duplicator","player_choice":"Copied","floor":22.0,"gold_loss":0.0,"damage_taken":0.0,"cards_obtained":["Buffer"]},{"damage_healed":0.0,"max_hp_gain":0.0,"max_hp_loss":0.0,"gold_gain":0.0,"event_name":"The Woman in Blue","player_choice":"Bought 0 Potions","floor":30.0,"gold_loss":0.0,"damage_taken":0.0},{"damage_healed":0.0,"max_hp_gain":0.0,"max_hp_loss":0.0,"gold_gain":0.0,"event_name":"SensoryStone","player_choice":"Memory 2","floor":36.0,"gold_loss":0.0,"damage_taken":5.0},{"cards_removed":["Go for the Eyes"],"damage_healed":0.0,"max_hp_gain":0.0,"max_hp_loss":0.0,"gold_gain":0.0,"event_name":"Falling","player_choice":"Removed Attack","floor":37.0,"gold_loss":0.0,"damage_taken":0.0},{"damage_healed":0.0,"max_hp_gain":0.0,"max_hp_loss":0.0,"gold_gain":0.0,"event_name":"Mysterious Sphere","player_choice":"Fight","floor":38.0,"gold_loss":0.0,"damage_taken":0.0},{"damage_healed":0,"gold_gain":0,"player_choice":"Fight","damage_taken":0,"max_hp_gain":0,"max_hp_loss":0,"event_name":"MindBloom","floor":47,"gold_loss":0},{"damage_healed":0,"gold_gain":0,"player_choice":"Max HP","damage_taken":0,"max_hp_gain":0,"max_hp_loss":4,"event_name":"Winding Halls","floor":48,"gold_loss":0}],"is_beta":false,"boss_relics":[{"not_picked":["Astrolabe","Sozu"],"picked":"Cursed Key"},{"not_picked":["Pandora\u0027s Box","SacredBark"],"picked":"FrozenCore"}],"items_purged_floors":[21,31],"is_endless":false,"potions_floor_spawned":[1,6,10,16,18,27,29,33,42,44],"killed_by":"Awakened One","ascension_level":8}}