{"host":"ormi09wwzv7sq47a","time":1608645054,"event":{"mods":["2.2 Compatiblity","AchievementEnabler","Act Like it!","BaseMod","Bestiary","Better Note","Better Sensory Stone","Better Skull","Better Vampires","Colored Map","Colored Powertips","Curses Come First","DeckTracker","Downfall","Highlight Path","Minty Spire (QoL Compilation)","Permanent Neow","Quick Restart","Rare Cards Sparkle","Relic Stats","Shop Mod","StSLib","The Jungle"],"gold_per_floor":[119,44,44,44,56,56,76,76,99,134,154,181,181,181,181,284,284,303,303,303,303,303],"floor_reached":20,"playtime":741,"items_purged":["Slimebound:Strike_Slimebound"],"score":252,"play_id":"79899ce4-946c-4751-b88b-59d36c560008","local_time":"20201222115054","is_ascension_mode":true,"campfire_choices":[{"data":"Slimebound:Split","floor":6.0,"key":"SMITH"},{"data":"Slimebound:RainOfGoop","floor":8.0,"key":"SMITH"},{"data":"Slimebound:AcidTongue","floor":13.0,"key":"SMITH"},{"data":"Slimebound:LeechEnergy","floor":15.0,"key":"SMITH"}],"circlet_count":0,"master_deck":["Slimebound:Strike_Slimebound+1","Slimebound:Defend_Slimebound","Slimebound:Defend_Slimebound","Slimebound:Split+1","Slimebound:CorrosiveSpit","Slimebound:RejuvenatingLick","Slimebound:MegaLick","Slimebound:RainOfGoop+1","Slimebound:LeechEnergy+1","Slimebound:SlimeSpikes","Slimebound:AcidTongue+1","Slimebound:MassFeed","Slimebound:MassRepurpose+1","Slimebound:Gluttony+1","Slimebound:ViciousTackle+1","Slimebound:Recycling"],"relics":["Slimebound:AbsorbEndCombat","Whetstone","Question Card","Turnip","Astrolabe"],"acts_visited":["Exordium","TheCity"],"potions_floor_usage":[20],"damage_taken":[{"damage":7.0,"enemies":"Jaw Worm","floor":1.0,"turns":5.0},{"damage":11.0,"enemies":"Small Slimes","floor":5.0,"turns":4.0},{"damage":12.0,"enemies":"Cultist","floor":7.0,"turns":3.0},{"damage":13.0,"enemies":"3 Sentries","floor":10.0,"turns":5.0},{"damage":12.0,"enemies":"Blue Slaver","floor":11.0,"turns":3.0},{"damage":36.0,"enemies":"Gremlin Nob","floor":12.0,"turns":4.0},{"damage":32.0,"enemies":"Slime Boss","floor":16.0,"turns":8.0},{"damage":38.0,"enemies":"2 Thieves","floor":18.0,"turns":4.0},{"damage":53,"enemies":"3 Byrds","floor":20,"turns":2}],"seed_played":"-762653659888732911","potions_obtained":[{"floor":4.0,"key":"SteroidPotion"},{"floor":4.0,"key":"LiquidMemories"},{"floor":4.0,"key":"GamblersBrew"},{"floor":7.0,"key":"Slimebound:SlimyTonguePotion"},{"floor":12.0,"key":"Strength Potion"},{"floor":16.0,"key":"SmokeBomb"},{"floor":18.0,"key":"champ:CounterPotion"}],"is_trial":false,"path_per_floor":["M","$","?","?","M","R","M","R","T","E","M","E","R","?","R","B",null,"M","?","M"],"character_chosen":"SLIMEBOUND","items_purchased":[],"campfire_rested":0,"item_purchase_floors":[],"current_hp_per_floor":[57,57,57,57,53,53,59,59,59,60,59,26,26,31,31,27,56,45,45,0,0,0],"gold":303,"neow_bonus":"REMOVE_CARD","is_daily":false,"chose_seed":false,"campfire_upgraded":4,"win_rate":0.0,"timestamp":1608645054,"path_taken":["M","$","?","?","M","R","?","R","T","E","M","E","R","?","R","BOSS","M","?","M"],"items_purchased_type":[],"build_version":"2020-12-13","purchased_purges":1,"victory":false,"max_hp_per_floor":[60,60,60,60,60,60,60,60,60,60,60,60,60,65,65,65,65,68,68,68,68,68],"relic_stats":{"counters":[9,38],"Astrolabe":["Slimebound:MassRepurpose","Slimebound:Gluttony","Slimebound:ViciousTackle"],"Turnip":[3],"Whetstone":["Slimebound:Strike_Slimebound","Slimebound:Strike_Slimebound"],"Question Card":4,"obtain_stats":[{"Astrolabe":17,"Turnip":12,"Slimebound:AbsorbEndCombat":0,"Whetstone":9,"Question Card":10},{"Astrolabe":7,"Turnip":6,"Slimebound:AbsorbEndCombat":0,"Whetstone":3,"Question Card":4},{"Astrolabe":32,"Turnip":24,"Slimebound:AbsorbEndCombat":0,"Whetstone":12,"Question Card":17}]},"card_choices":[{"not_picked":["Slimebound:PressTheAttack","Slimebound:RollThrough"],"picked":"Slimebound:RejuvenatingLick","floor":1.0},{"not_picked":["Slimebound:AcidTongue","Slimebound:SamplingLick"],"picked":"Slimebound:MegaLick","floor":5.0},{"not_picked":["Slimebound:SlimeSpikes","Slimebound:FirmFortitude"],"picked":"Slimebound:RainOfGoop","floor":7.0},{"not_picked":["Slimebound:SlimeSpikes","Slimebound:Schlurp"],"picked":"Slimebound:LeechEnergy","floor":10.0},{"not_picked":["Slimebound:FlameTackle","Slimebound:Repurpose","Slimebound:RollThrough"],"picked":"Slimebound:SlimeSpikes","floor":11.0},{"not_picked":["Slimebound:FinishingTackle","Slimebound:ViciousTackle","Slimebound:GoopSpray"],"picked":"Slimebound:AcidTongue","floor":12.0},{"not_picked":["Slimebound:OneTwoCombo","Slimebound:SelfFormingGoo","Slimebound:WasteNot"],"picked":"Slimebound:MassFeed","floor":16.0},{"not_picked":["Slimebound:PressTheAttack","Slimebound:LeechEnergy+1","Slimebound:SplitMire","Slimebound:GoopSpray"],"picked":"SKIP","floor":18.0}],"player_experience":716605,"relics_obtained":[{"floor":9.0,"key":"Whetstone"},{"floor":10.0,"key":"Question Card"},{"floor":12.0,"key":"Turnip"}],"event_choices":[{"damage_healed":0.0,"max_hp_gain":0.0,"max_hp_loss":0.0,"gold_gain":0.0,"event_name":"Liars Game","player_choice":"Ignored","floor":3.0,"gold_loss":0.0,"damage_taken":0.0},{"damage_healed":0.0,"max_hp_gain":0.0,"max_hp_loss":0.0,"gold_gain":0.0,"event_name":"Lab","player_choice":"Got Potions","floor":4.0,"gold_loss":0.0,"damage_taken":0.0},{"damage_healed":0.0,"max_hp_gain":5.0,"max_hp_loss":0.0,"gold_gain":0.0,"event_name":"Big Fish","player_choice":"Donut","floor":14.0,"gold_loss":0.0,"damage_taken":0.0},{"damage_healed":0.0,"max_hp_gain":0.0,"max_hp_loss":0.0,"gold_gain":0.0,"event_name":"Match and Keep!","player_choice":"1 cards matched","floor":19.0,"gold_loss":0.0,"damage_taken":0.0,"cards_obtained":["Slimebound:Recycling"]}],"is_beta":false,"boss_relics":[{"not_picked":["Fusion Hammer","Tiny House"],"picked":"Astrolabe"}],"items_purged_floors":[2],"is_endless":false,"potions_floor_spawned":[7,12,16,18],"killed_by":"3 Byrds","ascension_level":8}}