{"host":"mhmdt6pir7l60j7a","time":1608670602,"event":{"mods":["BaseMod","Bestiary","Better Altar","Better Sensory Stone","Better Third Choice","Displayed Cursed Tome","Dota2Spire","Downfall","Hubris","Infinite Spire","Minty Spire (QoL Compilation)","Replay The Spire","StSLib","The Alterego","The Construct","Uncapped"],"gold_per_floor":[113,130,130,130,130,130,157,157,157,187,119,138,138,152,152,252,252,268,268,268,268,286,316,316,63,117,117,129,161,161,195,195,299,299,318,320,320,336,336,336,374,374,400,429,482,482,502,236,236,238],"floor_reached":51,"playtime":2031,"items_purged":["Decay"],"score":1008,"play_id":"d47e1b6a-55e0-4387-baf4-ac353cd7d455","local_time":"20201222135642","is_ascension_mode":true,"campfire_choices":[{"data":"alterego_mod:BigMeatyClaws","floor":6,"key":"SMITH"},{"data":"alterego_mod:SakuraPetals","floor":8,"key":"SMITH"},{"data":"alterego_mod:BeGentle","floor":13,"key":"SMITH"},{"data":"alterego_mod:Impale","floor":15,"key":"SMITH"},{"data":"alterego_mod:Vow","floor":24,"key":"SMITH"},{"floor":27,"key":"REST"},{"data":"alterego_mod:Table","floor":30,"key":"SMITH"},{"floor":32,"key":"DIG"},{"data":"alterego_mod:STier","floor":40,"key":"SMITH"},{"floor":42,"key":"REST"},{"data":"alterego_mod:PainIsPleasure","floor":49,"key":"SMITH"}],"circlet_count":0,"master_deck":["alterego_mod:Strike","alterego_mod:Strike","alterego_mod:Strike","alterego_mod:Defend","alterego_mod:Defend","alterego_mod:Defend","alterego_mod:Defend","alterego_mod:Impale+1","alterego_mod:BigMeatyClaws+1","alterego_mod:BrynhildrsRune","alterego_mod:Mirror+1","alterego_mod:Bounce","alterego_mod:SakuraPetals+1","alterego_mod:SakuraFive","alterego_mod:MaintainEyeContact","alterego_mod:BeGentle+1","alterego_mod:Smother","alterego_mod:Vow+1","alterego_mod:Crossover","Ghostly","Ghostly","Ghostly","Ghostly","Ghostly","alterego_mod:Table+1","alterego_mod:RocketPunch","alterego_mod:RidiculouslyBig","alterego_mod:BreastValley","alterego_mod:STier+1","alterego_mod:Mirror+1","hubris:Fate","alterego_mod:Pet+1","alterego_mod:Cooking","alterego_mod:GoddessCore","alterego_mod:BiFurious+1","Parasite","alterego_mod:PainIsPleasure+1","alterego_mod:DiscoLights","Jack Of All Trades","alterego_mod:MagicResistance"],"relics":["alterego_mod:MasochisticConstitution","NeowsBlessing","hubris:TenFootPole","Pondfish Scales","infinitespire:FocusingShard","Philosopher\u0027s Stone","infinitespire:Midas Blood","Gremlin Horn","Art of War","hubris:GlazedTorus","Gambling Chip","Question Card","Sozu","hubris:Icosahedron","Vajra","Potion Belt","Dota2Spire:Mjollnir"],"acts_visited":["Exordium","TheCity","TheBeyond"],"potions_floor_usage":[16,16,31,33,33],"damage_taken":[{"damage":0,"enemies":"Small Slimes","floor":1,"turns":1},{"damage":0,"enemies":"2 Louse","floor":2,"turns":1},{"damage":0,"enemies":"Replay:BlueRogue","floor":7,"turns":1},{"damage":24,"enemies":"3 Sentries","floor":10,"turns":5},{"damage":0,"enemies":"Cultist","floor":12,"turns":2},{"damage":7,"enemies":"2 Fungi Beasts","floor":14,"turns":3},{"damage":6,"enemies":"Hexaghost","floor":16,"turns":11},{"damage":21,"enemies":"Spheric Guardian","floor":18,"turns":4},{"damage":0,"enemies":"3 Byrds","floor":22,"turns":4},{"damage":20,"enemies":"Slavers","floor":23,"turns":8},{"damage":0,"enemies":"Snecko","floor":28,"turns":6},{"damage":0,"enemies":"Gremlin Leader","floor":29,"turns":2},{"damage":0,"enemies":"Slavers","floor":31,"turns":7},{"damage":0,"enemies":"Automaton","floor":33,"turns":6},{"damage":0,"enemies":"3 Darklings","floor":35,"turns":4},{"damage":0,"enemies":"Orb Walker","floor":38,"turns":5},{"damage":14,"enemies":"Giant Head","floor":41,"turns":10},{"damage":2,"enemies":"R_Hoarder","floor":44,"turns":9},{"damage":23,"enemies":"2 Orb Walkers","floor":45,"turns":5},{"damage":0,"enemies":"Writhing Mass","floor":47,"turns":8},{"damage":10,"enemies":"Donu and Deca","floor":50,"turns":9}],"seed_played":"-8164952874239717754","potions_obtained":[{"floor":1,"key":"Slimebound:ThreeZeroPotion"},{"floor":10,"key":"Languid Potion"},{"floor":12,"key":"AttackPotion"},{"floor":23,"key":"Fire Potion"},{"floor":31,"key":"Flashbang"}],"is_trial":false,"path_per_floor":["M","M","?","?","?","R","E","R","T","E","$","M","R","M","R","B",null,"M","?","?","?","M","E","R","$","T","R","M","E","R","E","R","B",null,"M","?","?","M","?","R","E","R","T","E","?","?","M","$","R","B",null],"character_chosen":"The_Alterego","items_purchased":["alterego_mod:MaintainEyeContact","Gremlin Horn","alterego_mod:DiscoLights","Jack Of All Trades","alterego_mod:MagicResistance"],"campfire_rested":2,"item_purchase_floors":[11,25,48,48,48],"current_hp_per_floor":[70,70,75,75,75,75,75,75,75,52,52,52,52,46,46,43,78,58,39,39,42,42,23,23,23,23,35,39,39,39,43,43,43,43,43,38,38,38,38,38,25,38,38,42,23,23,42,42,42,36],"gold":238,"neow_bonus":"THREE_ENEMY_KILL","is_daily":false,"chose_seed":false,"campfire_upgraded":8,"win_rate":0.0,"timestamp":1608670602,"path_taken":["M","M","?","?","?","R","E","R","T","E","$","M","R","M","R","BOSS","M","?","?","?","M","E","R","?","T","R","M","E","R","E","R","BOSS","M","?","?","?","?","R","E","R","T","E","?","?","?","$","R","BOSS"],"items_purchased_type":["Card","Relic","Card","Card","Card"],"build_version":"2020-12-13","purchased_purges":1,"victory":true,"max_hp_per_floor":[70,70,75,75,75,75,75,75,75,76,76,76,76,77,77,78,78,79,39,39,42,42,43,43,43,43,43,43,43,43,43,43,43,43,43,43,43,43,43,43,44,44,44,45,46,46,46,46,46,47],"card_choices":[{"not_picked":["alterego_mod:SuperDuperMasochism","alterego_mod:BustOut"],"picked":"alterego_mod:Mirror","floor":1},{"not_picked":["alterego_mod:PresenceConcealment","alterego_mod:Cooking"],"picked":"alterego_mod:Bounce","floor":2},{"not_picked":["alterego_mod:Bloomers","alterego_mod:Crossover"],"picked":"alterego_mod:SakuraPetals","floor":7},{"not_picked":["alterego_mod:Collar","alterego_mod:1TonWallop"],"picked":"alterego_mod:SakuraFive","floor":10},{"not_picked":["alterego_mod:MagicResistance","alterego_mod:Bloomers"],"picked":"alterego_mod:BeGentle","floor":12},{"not_picked":["alterego_mod:Mirror","alterego_mod:Bloomers"],"picked":"alterego_mod:Smother","floor":14},{"not_picked":["alterego_mod:Antipathy","alterego_mod:BrynhildrRomantia"],"picked":"alterego_mod:Vow","floor":16},{"not_picked":["alterego_mod:SakuraFive+1","alterego_mod:DestructionOfProperty"],"picked":"alterego_mod:Crossover","floor":18},{"not_picked":["alterego_mod:PresenceConcealment","alterego_mod:SakuraLabyrinth+1"],"picked":"alterego_mod:Table","floor":22},{"not_picked":["alterego_mod:1TonWallop+1","alterego_mod:Bloomers"],"picked":"alterego_mod:RocketPunch","floor":23},{"not_picked":["alterego_mod:1TonWallop","alterego_mod:MagicResistance"],"picked":"alterego_mod:RidiculouslyBig","floor":28},{"not_picked":["alterego_mod:Skirt","alterego_mod:Bunnysuit"],"picked":"alterego_mod:BreastValley","floor":29},{"not_picked":["alterego_mod:Exercise","alterego_mod:Swimsuit","alterego_mod:PerceptionDisorder"],"picked":"SKIP","floor":31},{"not_picked":["alterego_mod:ClassAdvantage","alterego_mod:Lift","alterego_mod:InsideBaseball"],"picked":"alterego_mod:STier","floor":33},{"not_picked":["alterego_mod:Bunnysuit+1","alterego_mod:MagicResistance+1","alterego_mod:Table+1"],"picked":"alterego_mod:Mirror+1","floor":35},{"not_picked":["infinitespire:SealOfDarkness+","ReplayTheSpireMod:Black Plague"],"picked":"hubris:Fate","floor":36},{"not_picked":["alterego_mod:Jiggle","alterego_mod:BoobPocket+1","alterego_mod:Skirt"],"picked":"alterego_mod:Pet+1","floor":38},{"not_picked":["alterego_mod:1TonWallop","alterego_mod:TrashNCrash+1","alterego_mod:Santa+1"],"picked":"alterego_mod:Cooking","floor":41},{"not_picked":["alterego_mod:Punishment","alterego_mod:BrynhildrRomantia","alterego_mod:Skirt"],"picked":"alterego_mod:GoddessCore","floor":44},{"not_picked":["alterego_mod:DeftHands+1","alterego_mod:GoddessCore+1","alterego_mod:RocketPunch"],"picked":"alterego_mod:BiFurious+1","floor":45},{"not_picked":["alterego_mod:GoddessCore+1","alterego_mod:Support","alterego_mod:DiscoLights"],"picked":"alterego_mod:PainIsPleasure","floor":47}],"player_experience":7334,"relics_obtained":[{"floor":7,"key":"hubris:TenFootPole"},{"floor":9,"key":"Pondfish Scales"},{"floor":10,"key":"infinitespire:FocusingShard"},{"floor":23,"key":"infinitespire:Midas Blood"},{"floor":26,"key":"Art of War"},{"floor":29,"key":"hubris:GlazedTorus"},{"floor":31,"key":"Gambling Chip"},{"floor":32,"key":"Question Card"},{"floor":41,"key":"Vajra"},{"floor":44,"key":"Potion Belt"},{"floor":45,"key":"Dota2Spire:Mjollnir"}],"event_choices":[{"damage_healed":0,"gold_gain":0,"player_choice":"Donut","damage_taken":0,"max_hp_gain":5,"max_hp_loss":0,"event_name":"Big Fish","floor":3,"gold_loss":0},{"damage_healed":0,"gold_gain":0,"player_choice":"Grow","damage_taken":0,"max_hp_gain":0,"max_hp_loss":0,"event_name":"Living Wall","floor":4,"gold_loss":0,"cards_upgraded":["alterego_mod:Mirror"]},{"cards_removed":["alterego_mod:Strike"],"damage_healed":0,"gold_gain":0,"player_choice":"Card Removal","damage_taken":0,"max_hp_gain":0,"max_hp_loss":0,"event_name":"Wheel of Change","floor":5,"gold_loss":0},{"damage_healed":0,"gold_gain":0,"player_choice":"Became a Ghost","damage_taken":0,"max_hp_gain":0,"max_hp_loss":40,"event_name":"Ghosts","floor":19,"gold_loss":0,"cards_obtained":["Ghostly","Ghostly","Ghostly","Ghostly","Ghostly"]},{"damage_healed":0,"gold_gain":0,"player_choice":"Ignored","damage_taken":0,"max_hp_gain":0,"max_hp_loss":0,"event_name":"Vampires","floor":20,"gold_loss":0},{"damage_healed":0,"gold_gain":0,"player_choice":"Got Potions","damage_taken":0,"max_hp_gain":0,"max_hp_loss":0,"event_name":"Lab","floor":37,"gold_loss":0},{"damage_healed":0,"gold_gain":0,"player_choice":"Fight","damage_taken":0,"max_hp_gain":0,"max_hp_loss":0,"event_name":"Mysterious Sphere","floor":45,"gold_loss":0},{"damage_healed":0,"gold_gain":0,"player_choice":"Cursed","damage_taken":0,"max_hp_gain":0,"max_hp_loss":0,"event_name":"Wheel of Change","floor":46,"gold_loss":0,"cards_obtained":["Decay"]}],"is_beta":false,"boss_relics":[{"not_picked":["Runic Dome","Busted Crown"],"picked":"Philosopher\u0027s Stone"},{"not_picked":["Coffee Dripper","Kintsugi"],"picked":"Sozu"}],"items_purged_floors":[48],"is_endless":false,"potions_floor_spawned":[1,10,12,23,31,38,44],"ascension_level":1}}