{"host":"j06fkfseroga8i8e","time":1608651557,"event":{"mods":["BaseMod","Bestiary","Colored Map","Colored Powertips","Minty Spire (QoL Compilation)","Relic Stats","Slay the Relics Exporter","StSLib"],"gold_per_floor":[114,114,124,135,135,161,161,11,37,37,37,72,72,88,88,88,88],"floor_reached":16,"playtime":274,"items_purged":["Strike_G"],"score":173,"play_id":"2061c5bf-545a-4730-a96a-28937e8c73b4","local_time":"20201222103917","is_ascension_mode":true,"campfire_choices":[{"data":"All Out Attack","floor":10,"key":"SMITH"},{"data":"Neutralize","floor":13,"key":"SMITH"},{"data":"Leg Sweep","floor":15,"key":"SMITH"}],"circlet_count":0,"master_deck":["AscendersBane","Strike_G","Strike_G","Strike_G","Defend_G","Defend_G","Defend_G","Defend_G","Defend_G","Survivor","Neutralize+1","Backstab+1","All Out Attack+1","Blade Dance+1","Noxious Fumes","Leg Sweep+1"],"relics":["Ring of the Snake","NeowsBlessing","Strawberry","Potion Belt","Singing Bowl","Centennial Puzzle"],"acts_visited":["Exordium"],"potions_floor_usage":[16,16],"damage_taken":[{"damage":0,"enemies":"2 Louse","floor":1,"turns":1},{"damage":0,"enemies":"Cultist","floor":3,"turns":1},{"damage":0,"enemies":"Small Slimes","floor":4,"turns":1},{"damage":34,"enemies":"Gremlin Nob","floor":6,"turns":5},{"damage":5,"enemies":"3 Sentries","floor":12,"turns":5},{"damage":0,"enemies":"Blue Slaver","floor":14,"turns":2},{"damage":28,"enemies":"Slime Boss","floor":16,"turns":6}],"seed_played":"1151887816239918160","potions_obtained":[{"floor":4,"key":"EssenceOfSteel"},{"floor":6,"key":"Weak Potion"},{"floor":12,"key":"CunningPotion"}],"is_trial":false,"path_per_floor":["M","?","M","M","?","E","?","$","T","R","?","E","R","M","R","B"],"character_chosen":"THE_SILENT","items_purchased":["Leg Sweep"],"campfire_rested":0,"item_purchase_floors":[8],"current_hp_per_floor":[63,63,63,63,56,29,29,29,29,29,29,26,26,28,28,0,0],"gold":88,"neow_bonus":"THREE_ENEMY_KILL","is_daily":false,"chose_seed":false,"campfire_upgraded":3,"win_rate":0.0,"timestamp":1608651557,"path_taken":["M","?","M","?","?","E","?","?","T","R","?","E","R","M","R","BOSS"],"items_purchased_type":["Card"],"build_version":"2020-12-13","purchased_purges":1,"victory":false,"max_hp_per_floor":[70,70,70,70,70,77,77,77,77,77,77,79,79,81,81,81,81],"relic_stats":{"Centennial Puzzle":[3],"Singing Bowl":4,"counters":[7,21],"obtain_stats":[{"Potion Belt":9,"Centennial Puzzle":12,"NeowsBlessing":0,"Singing Bowl":11,"Strawberry":6,"Ring of the Snake":0},{"Potion Belt":4,"Centennial Puzzle":5,"NeowsBlessing":0,"Singing Bowl":4,"Strawberry":4,"Ring of the Snake":0},{"Potion Belt":8,"Centennial Puzzle":13,"NeowsBlessing":0,"Singing Bowl":8,"Strawberry":8,"Ring of the Snake":0}],"Ring of the Snake":[14]},"card_choices":[{"not_picked":["PiercingWail","Finisher"],"picked":"Backstab","floor":1},{"not_picked":["Bane","Flying Knee"],"picked":"All Out Attack","floor":3},{"not_picked":["Riddle With Holes","Prepared"],"picked":"Blade Dance","floor":4},{"not_picked":["Acrobatics","Eviscerate"],"picked":"Noxious Fumes","floor":6},{"not_picked":["Riddle With Holes","Distraction","Skewer"],"picked":"Singing Bowl","floor":12},{"not_picked":["Quick Slash","Sucker Punch","Acrobatics"],"picked":"Singing Bowl","floor":14}],"player_experience":543160,"relics_obtained":[{"floor":6,"key":"Strawberry"},{"floor":9,"key":"Potion Belt"},{"floor":12,"key":"Centennial Puzzle"}],"event_choices":[{"damage_healed":0,"gold_gain":0,"player_choice":"Forge","damage_taken":0,"max_hp_gain":0,"max_hp_loss":0,"event_name":"Accursed Blacksmith","floor":2,"gold_loss":0,"cards_upgraded":["Backstab"]},{"cards_removed":["Strike_G"],"damage_healed":0,"gold_gain":0,"player_choice":"Card Removal","damage_taken":7,"max_hp_gain":0,"max_hp_loss":0,"event_name":"Golden Wing","floor":5,"gold_loss":0},{"damage_healed":0,"gold_gain":0,"player_choice":"Grow","damage_taken":0,"max_hp_gain":0,"max_hp_loss":0,"event_name":"Living Wall","floor":7,"gold_loss":0,"cards_upgraded":["Blade Dance"]},{"damage_healed":0,"gold_gain":0,"player_choice":"Searched \u00271\u0027 times","damage_taken":0,"relics_obtained":["Singing Bowl"],"max_hp_gain":0,"max_hp_loss":0,"event_name":"Dead Adventurer","floor":11,"gold_loss":0}],"is_beta":false,"boss_relics":[],"items_purged_floors":[8],"is_endless":false,"potions_floor_spawned":[4,6,12],"killed_by":"Slime Boss","ascension_level":12}}