{"host":"17xjy7b7ubl548g2","time":1608613473,"event":{"mods":["2.2 Compatiblity","Act Like it!","Aspiration","Astrologer","Bard","BaseMod","Bestiary","Challenge The Spire","ChefMod","Colored Map","Conspire","Elementarium","Energized Spire","GifTheSpireLib","Halation","Hallownest","Hermit","Hubris","Infinite Spire","Jedi Mod","Jorbs\u0027s Wanderer Trilogy","Marisa（霧雨　魔理沙）","Marked Mod","Minty Spire (QoL Compilation)","Pale of the Ancients","Permanent Neow","Puzzle Mod","Replay The Spire","Robot Space Explorer","Spicy Shops","StSLib","Stuff the Spire","The Blue Laboratory","The Bug Knight","The Construct","The Disciple","The Hayseed","The Hierophant","The Runesmith","The Sage"],"gold_per_floor":[113,127,127,145,145,145,172,172,217,217,542,542,562,572,572,572,572],"floor_reached":16,"playtime":1482,"items_purged":[],"score":182,"play_id":"397b1ca9-e963-4ba9-a065-830937ac6966","local_time":"20201222000433","is_ascension_mode":true,"campfire_choices":[{"data":"jedi:overflow","floor":6,"key":"SMITH"},{"data":"BasicCrystalCard","floor":8,"key":"SMITH"},{"data":"Dualcast","floor":10,"key":"SMITH"},{"floor":15,"key":"REST"}],"circlet_count":0,"master_deck":["AscendersBane","Strike_B","Strike_B","Strike_B","Defend_B","Defend_B","Defend_B","Defend_B","Zap+1","Dualcast+1","Ball Lightning","BasicCrystalCard+1","jedi:overflow+1","Coolheaded","Lockon","jedi:BurstFrost","Doom and Gloom"],"relics":["Cracked Core","Hallownest:DreamNailRelic","ReplayTheSpireMod:Shallot","Replay:Baseball","Old Coin"],"acts_visited":["Exordium"],"potions_floor_usage":[7,11],"damage_taken":[{"damage":0,"enemies":"Hallownest:2_MossCreeps","floor":1,"turns":6},{"damage":0,"enemies":"Hallownest:monsterHuskGuard","floor":2,"turns":3},{"damage":0,"enemies":"Hallownest:monsterHuskWarrior","floor":4,"turns":3},{"damage":25,"enemies":"Hallownest:eliteMossKnight","floor":7,"turns":13},{"damage":10,"enemies":"Hallownest:eliteCrystalGuardian","floor":11,"turns":5},{"damage":8,"enemies":"Hallownest:1_Baldur_1_Crawlid_1_Warrior","floor":13,"turns":7},{"damage":0,"enemies":"Hallownest:MossCreep_and_Mosskin","floor":14,"turns":4},{"damage":41,"enemies":"Hallownest:BossBrokenVessel","floor":16,"turns":7}],"seed_played":"-1990465767779288804","potions_obtained":[{"floor":1,"key":"CultistPotion"},{"floor":2,"key":"blueLaboratory:CoolantVial"}],"is_trial":false,"path_per_floor":["M","M","?","M","?","R","E","R","T","R","E","?","M","M","R","B"],"character_chosen":"DEFECT","items_purchased":[],"campfire_rested":1,"item_purchase_floors":[],"current_hp_per_floor":[64,64,64,64,64,64,39,39,39,39,29,25,17,17,38,0,0],"gold":572,"neow_bonus":"UPGRADE_CARD","is_daily":false,"chose_seed":false,"campfire_upgraded":3,"win_rate":0.0,"timestamp":1608613473,"path_taken":["M","M","?","?","?","R","E","R","T","R","E","?","M","M","R","BOSS"],"items_purchased_type":[],"build_version":"2020-12-13","purchased_purges":0,"victory":false,"max_hp_per_floor":[71,71,71,71,71,71,71,71,71,71,71,71,71,71,71,71,71],"card_choices":[{"not_picked":["StuffTheSpire:CleanHardDrive","jedi:sharpshooter","Panic Button"],"picked":"SKIP","floor":1},{"not_picked":["Leap","Go for the Eyes"],"picked":"Ball Lightning","floor":2},{"not_picked":["Gash","ReplayTheSpireMod:System Scan"],"picked":"BasicCrystalCard","floor":4},{"not_picked":["jedi:BurstLightning","Stack"],"picked":"Coolheaded","floor":7},{"not_picked":["Streamline","Chaos"],"picked":"Lockon","floor":11},{"not_picked":["FIFO Queue","Time Bomb"],"picked":"jedi:BurstFrost","floor":13},{"not_picked":["Ball Lightning","StuffTheSpire:LoadUp"],"picked":"Doom and Gloom","floor":14}],"player_experience":1602268,"relics_obtained":[{"floor":7,"key":"ReplayTheSpireMod:Shallot"},{"floor":9,"key":"Replay:Baseball"},{"floor":11,"key":"Old Coin"}],"event_choices":[{"damage_healed":0,"gold_gain":0,"player_choice":"Leave","damage_taken":0,"max_hp_gain":0,"max_hp_loss":0,"event_name":"conspire:Investor","floor":12,"gold_loss":0}],"is_beta":false,"boss_relics":[],"items_purged_floors":[],"is_endless":false,"potions_floor_spawned":[1,2],"killed_by":"Hallownest:BossBrokenVessel","ascension_level":16}}