{"host":"l029r2dqxfiqiq5i","time":1608650744,"event":{"mods":["ATMod(°¢èªMod)","Act Like it!","BaseMod","Minty Spire (QoL Compilation)","StSLib","óô»ðÖ¸ÄÏ"],"gold_per_floor":[113,128,143,160,170,170,190,223,223,239,314,314,333,346,346,450,450,463,475,385,402,416,416,435,435,435,375,375,375,148,148,148,247,247,267,277,290,190,190,190,219,242,265,288,288,319,319,337,337,337,337,337,53,80,80,80],"floor_reached":55,"playtime":3479,"items_purged":["Strike_G","Strike_G","Strike_G","AT_WindFlip"],"score":783,"play_id":"dedeaaac-9e42-45a8-bec6-10bb5273f4e0","local_time":"20201222232544","is_ascension_mode":false,"campfire_choices":[{"data":"AT_FocusSwordFire","floor":6.0,"key":"SMITH"},{"data":"AT_ShadowStep","floor":12.0,"key":"SMITH"},{"data":"Concentrate","floor":15.0,"key":"SMITH"},{"data":"AT_FocusSwordFire","floor":23.0,"key":"SMITH"},{"data":"Accuracy","floor":25.0,"key":"SMITH"},{"data":"Footwork","floor":29.0,"key":"SMITH"},{"data":"AT_Desolate","floor":32.0,"key":"SMITH"},{"floor":40.0,"key":"RECALL"},{"floor":45.0,"key":"REST"},{"data":"AT_EmpoweredMortalDraw","floor":47.0,"key":"SMITH"},{"floor":49.0,"key":"REST"},{"data":"AT_KingSlayer","floor":52.0,"key":"SMITH"}],"circlet_count":0,"master_deck":["Defend_G","Defend_G","Survivor","Neutralize","AT_FocusSwordFire+1","AT_ShadowStep+1","Backflip","Endless Agony","Blade Dance","Accuracy+1","Concentrate+1","Flying Knee","Underhanded Strike","AT_KingSlayer+1","AT_FocusSwordFire+1","Slice+1","Cloak And Dagger","Footwork+1","AT_TwilightShroud+1","AT_Desolate+1","A Thousand Cuts","AT_EmpoweredMortalDraw+1","Accuracy+1","Accuracy"],"relics":["Ring of the Snake","AT_ATBox","Centennial Puzzle","The Courier","Prayer Wheel","Empty Cage","AT_RedNoBalance","Oddly Smooth Stone","AT_MortalBlade","CeramicFish","Toy Ornithopter","Peace Pipe","Anchor","TungstenRod"],"acts_visited":["Exordium","TheCity","TheBeyond","TheEnding"],"potions_floor_usage":[55,55,55],"damage_taken":[{"damage":0.0,"enemies":"Cultist","floor":1.0,"turns":4.0},{"damage":0.0,"enemies":"2 Louse","floor":2.0,"turns":2.0},{"damage":0.0,"enemies":"Jaw Worm","floor":3.0,"turns":4.0},{"damage":2.0,"enemies":"3 Louse","floor":4.0,"turns":2.0},{"damage":10.0,"enemies":"Lots of Slimes","floor":5.0,"turns":3.0},{"damage":0.0,"enemies":"Blue Slaver","floor":7.0,"turns":3.0},{"damage":0.0,"enemies":"3 Sentries","floor":8.0,"turns":5.0},{"damage":0.0,"enemies":"Exordium Thugs","floor":10.0,"turns":2.0},{"damage":0.0,"enemies":"3 Louse","floor":13.0,"turns":2.0},{"damage":0.0,"enemies":"Looter","floor":14.0,"turns":2.0},{"damage":10.0,"enemies":"Hexaghost","floor":16.0,"turns":9.0},{"damage":1.0,"enemies":"Chosen","floor":18.0,"turns":5.0},{"damage":5.0,"enemies":"Shell Parasite","floor":19.0,"turns":4.0},{"damage":9.0,"enemies":"Snecko","floor":21.0,"turns":6.0},{"damage":6.0,"enemies":"Shelled Parasite and Fungi","floor":22.0,"turns":3.0},{"damage":10.0,"enemies":"Centurion and Healer","floor":24.0,"turns":3.0},{"damage":38.0,"enemies":"Champ","floor":33.0,"turns":6.0},{"damage":0.0,"enemies":"3 Darklings","floor":35.0,"turns":1.0},{"damage":0.0,"enemies":"Orb Walker","floor":36.0,"turns":1.0},{"damage":0.0,"enemies":"Jaw Worm Horde","floor":37.0,"turns":1.0},{"damage":26.0,"enemies":"Giant Head","floor":41.0,"turns":4.0},{"damage":19.0,"enemies":"3 Darklings","floor":42.0,"turns":2.0},{"damage":0.0,"enemies":"Nemesis","floor":46.0,"turns":2.0},{"damage":11.0,"enemies":"Transient","floor":48.0,"turns":5.0},{"damage":20.0,"enemies":"Donu and Deca","floor":50.0,"turns":2.0},{"damage":0.0,"enemies":"Shield and Spear","floor":54.0,"turns":2.0},{"damage":89,"enemies":"The Heart","floor":55,"turns":5}],"seed_played":"-7018499733879988779","potions_obtained":[{"floor":1.0,"key":"Energy Potion"},{"floor":2.0,"key":"Weak Potion"},{"floor":3.0,"key":"LiquidMemories"},{"floor":16.0,"key":"Strength Potion"},{"floor":19.0,"key":"BlessingOfTheForge"},{"floor":31.0,"key":"FairyPotion"},{"floor":36.0,"key":"Energy Potion"},{"floor":54.0,"key":"Energy Potion"}],"is_trial":false,"path_per_floor":["M","M","M","M","M","R","M","E","T","M","?","R","M","M","R","B",null,"M","M","?","M","M","R","M","R","T","R","?","R","$","?","R","B",null,"M","M","M","$","?","R","E","M","T","T","R","E","R","M","R","B",null,"R","$","E","B"],"character_chosen":"THE_SILENT","items_purchased":["Oddly Smooth Stone","AT_Desolate","Accuracy","Anchor"],"campfire_rested":2,"item_purchase_floors":[30,30,53,53],"current_hp_per_floor":[70,70,70,68,58,58,58,58,58,58,47,47,47,47,47,37,70,69,64,64,55,49,49,39,39,39,39,39,39,39,39,39,21,70,35,35,35,35,35,35,9,16,16,16,37,35,35,24,45,25,70,70,70,70,0,0],"gold":80,"neow_bonus":"RANDOM_COMMON_RELIC","is_daily":false,"chose_seed":false,"campfire_upgraded":9,"win_rate":0.0,"timestamp":1608650744,"path_taken":["M","M","M","M","M","R","M","E","T","M","?","R","M","M","R","BOSS","M","M","?","?","M","R","M","R","T","R","?","R","$","?","R","BOSS","M","M","?","?","?","R","E","?","T","?","R","E","R","M","R","BOSS","R","$","E","BOSS"],"items_purchased_type":["Relic","Card","Card","Relic"],"build_version":"2020-12-13","purchased_purges":4,"victory":false,"max_hp_per_floor":[70,70,70,70,70,70,70,70,70,70,70,70,70,70,70,70,70,70,70,70,70,70,70,70,70,70,70,70,70,70,70,70,70,70,70,70,70,70,70,70,70,70,70,70,70,70,70,70,70,70,70,70,70,70,70,70],"card_choices":[{"not_picked":["Concentrate","Crippling Poison"],"picked":"AT_ShadowStep","floor":1.0},{"not_picked":["Setup","Poisoned Stab"],"picked":"Backflip","floor":2.0},{"not_picked":["Outmaneuver","Dash"],"picked":"AT_WindFlip","floor":3.0},{"not_picked":["Poisoned Stab","Deadly Poison","Masterful Stab"],"picked":"SKIP","floor":4.0},{"not_picked":["Blade Dance","Setup"],"picked":"Endless Agony","floor":5.0},{"not_picked":["Infinite Blades","Crippling Poison"],"picked":"Blade Dance","floor":7.0},{"not_picked":["Sucker Punch","Flechettes"],"picked":"Accuracy","floor":8.0},{"not_picked":["Leg Sweep","Predator"],"picked":"Concentrate","floor":10.0},{"not_picked":["Blade Dance","Sucker Punch"],"picked":"Flying Knee","floor":10.0},{"not_picked":["Blade Dance","Deadly Poison","Setup"],"picked":"SKIP","floor":13.0},{"not_picked":["Slice","Catalyst","Prepared"],"picked":"SKIP","floor":13.0},{"not_picked":["Dagger Spray","Dodge and Roll"],"picked":"Underhanded Strike","floor":14.0},{"not_picked":["AT_ArcaneSupremacy","Dagger Throw","Sucker Punch"],"picked":"SKIP","floor":14.0},{"not_picked":["Venomology","Storm of Steel"],"picked":"AT_KingSlayer","floor":16.0},{"not_picked":["Backflip+1","Blade Dance","Flechettes+1"],"picked":"SKIP","floor":18.0},{"not_picked":["Deflect","Deadly Poison","Bane"],"picked":"SKIP","floor":18.0},{"not_picked":["Poisoned Stab","Deflect+1"],"picked":"AT_FocusSwordFire","floor":19.0},{"not_picked":["Bullet Time","Bane"],"picked":"Slice+1","floor":19.0},{"not_picked":["Acrobatics+1","Backflip","Deadly Poison"],"picked":"SKIP","floor":21.0},{"not_picked":["Deadly Poison","Night Terror","Prepared"],"picked":"SKIP","floor":21.0},{"not_picked":["Footwork","Reflex"],"picked":"Cloak And Dagger","floor":22.0},{"not_picked":["Footwork","Blade Dance","Setup"],"picked":"SKIP","floor":22.0},{"not_picked":["Blade Dance","Setup"],"picked":"Footwork","floor":22.0},{"not_picked":["Noxious Fumes","All Out Attack"],"picked":"AT_TwilightShroud+1","floor":24.0},{"not_picked":["Flying Knee","Poisoned Stab","Dash"],"picked":"SKIP","floor":24.0},{"not_picked":["AT_ArcaneSupremacy","Venomology"],"picked":"A Thousand Cuts","floor":33.0},{"not_picked":["Slice","Blade Dance","Setup+1"],"picked":"SKIP","floor":35.0},{"not_picked":["Sucker Punch","Dagger Throw+1","Poisoned Stab+1"],"picked":"SKIP","floor":35.0},{"not_picked":["Dagger Spray","Eviscerate","Prepared+1"],"picked":"SKIP","floor":36.0},{"not_picked":["Riddle With Holes","Heel Hook+1","Infinite Blades"],"picked":"SKIP","floor":36.0},{"not_picked":["Noxious Fumes","Distraction+1","Bane+1"],"picked":"SKIP","floor":37.0},{"not_picked":["Sucker Punch","Dagger Spray+1","Caltrops"],"picked":"SKIP","floor":37.0},{"not_picked":["Wraith Form v2","Blade Dance","Flechettes"],"picked":"SKIP","floor":41.0},{"not_picked":["Calculated Gamble+1","PiercingWail+1"],"picked":"Accuracy+1","floor":42.0},{"not_picked":["Quick Slash+1","PiercingWail","All Out Attack+1"],"picked":"SKIP","floor":42.0},{"not_picked":["Blur+1","Poisoned Stab","Wraith Form v2"],"picked":"SKIP","floor":46.0},{"not_picked":["Well Laid Plans","Slice","Poisoned Stab+1"],"picked":"SKIP","floor":48.0},{"not_picked":["AT_WindFlip+1","Backflip+1","Concentrate"],"picked":"SKIP","floor":48.0},{"not_picked":["Noxious Fumes+1","Dagger Spray+1","Bouncing Flask"],"picked":"SKIP","floor":54.0}],"player_experience":150812,"relics_obtained":[{"floor":8.0,"key":"The Courier"},{"floor":9.0,"key":"Prayer Wheel"},{"floor":26.0,"key":"AT_SilverBalance"},{"floor":41.0,"key":"CeramicFish"},{"floor":44.0,"key":"Toy Ornithopter"},{"floor":46.0,"key":"Peace Pipe"},{"floor":54.0,"key":"TungstenRod"}],"event_choices":[{"damage_healed":0.0,"max_hp_gain":0.0,"max_hp_loss":0.0,"gold_gain":75.0,"event_name":"World of Goop","player_choice":"Gather Gold","floor":11.0,"gold_loss":0.0,"damage_taken":11.0},{"cards_removed":["Defend_G"],"damage_healed":0.0,"max_hp_gain":0.0,"max_hp_loss":0.0,"gold_gain":0.0,"event_name":"Designer","player_choice":"Upgrade and Remove","floor":20.0,"gold_loss":90.0,"damage_taken":0.0,"cards_upgraded":["Defend_G"]},{"cards_removed":["Defend_G"],"damage_healed":0.0,"max_hp_gain":0.0,"max_hp_loss":0.0,"gold_gain":0.0,"event_name":"Back to Basics","player_choice":"Elegance","floor":28.0,"gold_loss":0.0,"damage_taken":0.0},{"damage_healed":0.0,"max_hp_gain":0.0,"max_hp_loss":0.0,"gold_gain":0.0,"event_name":"Lab","player_choice":"Got Potions","floor":31.0,"gold_loss":0.0,"damage_taken":0.0},{"cards_removed":["Defend_G"],"damage_healed":0.0,"max_hp_gain":0.0,"max_hp_loss":0.0,"gold_gain":0.0,"event_name":"Falling","player_choice":"Removed Skill","floor":39.0,"gold_loss":0.0,"damage_taken":0.0}],"is_beta":false,"boss_relics":[{"not_picked":["Coffee Dripper","Ectoplasm"],"picked":"Empty Cage"},{"not_picked":["Calling Bell","Philosopher\u0027s Stone"],"picked":"AT_MortalBlade"}],"items_purged_floors":[27,30,38,53],"is_endless":false,"potions_floor_spawned":[1,2,3,4,13,16,19,36,37,46,54],"killed_by":"The Heart","ascension_level":0}}