{"host":"mal0jdk4f6ubgyb8","time":1608636746,"event":{"mods":["Act Like it!","Aspiration","BaseMod","Gensokyo","Hallownest","Koishi","Luminous","Marisa（F雨　魔理沙）","Minty Spire (QoL Compilation)","Quick Restart","Reimu（博丽灵梦）","Relic Stats","Remilia（蕾米莉亚）","StSLib","The Bug Knight","WarShipGirlsR/战舰少女R mod","Youmu（魂魄妖梦）","Yuri Mod","Yuyuko","【东方二次创作】八云紫mod"],"gold_per_floor":[113,113,113,124,136,161,173,173,173,188,188,188,208,138,138,233,233,248,248,267,50,50,78,78,128,128,128,142,142,177,177,177,274,274,289,309,309,309],"floor_reached":37,"playtime":2967,"items_purged":[],"score":434,"play_id":"3d51fbe1-666f-4e00-a3f7-f386379fa155","local_time":"20201222193226","is_ascension_mode":false,"campfire_choices":[{"data":"HollowMod:SlysStrikes","floor":8.0,"key":"SMITH"},{"floor":15.0,"key":"REST"},{"data":"Apotheosis","floor":24.0,"key":"SMITH"},{"floor":27.0,"key":"REST"},{"floor":29.0,"key":"REST"},{"floor":32.0,"key":"RECALL"}],"circlet_count":0,"master_deck":["HollowMod:NailStrikeStart+1","HollowMod:QuickDashStart","HollowMod:QuickDashStart","HollowMod:QuickDashStart","HollowMod:QuickDashStart","HollowMod:FocusHealStart","HollowMod:PogoStrike","HollowMod:SlysStrikes+1","HollowMod:SoulSplash","HollowMod:FallenFury","HollowMod:NewGlowingWomb","HollowMod:VengefulSpirit+1","HollowMod:SlysStrikes","HollowMod:NewJinnsSoul+1","All Out Attack","Masterful Stab","Grand Finale","HollowMod:SoulStrike+1","Apotheosis+1","HollowMod:LifebloodCocoon","Hallownest:attackMasterCycloneSlash","HollowMod:MantisMark","HollowMod:ZotesMagnificence","HollowMod:LifebloodCore","HollowMod:ElderbugsWisdom"],"relics":["HollowMod:VesselMask","Hallownest:DreamNailRelic","Regal Pillow","Hallownest:StagBellRelic1","SlaversCollar","Boot","The Courier","Mango","Sozu"],"acts_visited":["Exordium","Hallownest:Greenpath","Hallownest:CityofTears"],"potions_floor_usage":[36],"damage_taken":[{"damage":3.0,"enemies":"2_ Uuma","floor":1.0,"turns":5.0},{"damage":3.0,"enemies":"Hallownest:2_Tiktiks_and_1_Crawlid","floor":4.0,"turns":5.0},{"damage":1.0,"enemies":"Hallownest:monsterHuskWarrior","floor":5.0,"turns":3.0},{"damage":6.0,"enemies":"Hallownest:eliteMossKnight","floor":6.0,"turns":7.0},{"damage":10.0,"enemies":"Hallownest:1_Baldur_1_Crawlid_1_Warrior","floor":7.0,"turns":5.0},{"damage":16.0,"enemies":"Hallownest:Wandering_and_Horned","floor":10.0,"turns":5.0},{"damage":11.0,"enemies":"Hallownest:monsterFoolEater","floor":13.0,"turns":3.0},{"damage":34.0,"enemies":"Hallownest:BossBrokenVessel","floor":16.0,"turns":8.0},{"damage":49.0,"enemies":"Hallownest:Guard_and_Sentry","floor":18.0,"turns":5.0},{"damage":19.0,"enemies":"Hallownest:3_Youths","floor":20.0,"turns":8.0},{"damage":18.0,"enemies":"Hallownest:eliteSoulWarrior","floor":23.0,"turns":5.0},{"damage":23.0,"enemies":"Hallownest:Glutton_and_Coward","floor":25.0,"turns":4.0},{"damage":37.0,"enemies":"Hallownest:Warrior_and_Youth","floor":28.0,"turns":4.0},{"damage":0.0,"enemies":"Hallownest:Nosk","floor":30.0,"turns":7.0},{"damage":35.0,"enemies":"Hallownest:BossSoulMaster","floor":33.0,"turns":12.0},{"damage":43,"enemies":"Hallownest:3_Siblings","floor":35,"turns":5},{"damage":28,"enemies":"Hallownest:Shield_Heavy","floor":36,"turns":5},{"damage":10,"enemies":"Hallownest:Shield_Sturdy","floor":37,"turns":2}],"seed_played":"-7774471811523455618","potions_obtained":[{"floor":5.0,"key":"MagicPotion:ReiMu"},{"floor":6.0,"key":"LiquidBronze"},{"floor":7.0,"key":"Regen Potion"},{"floor":13.0,"key":"Explosive Potion"},{"floor":18.0,"key":"Regen Potion"},{"floor":20.0,"key":"Explosive Potion"},{"floor":30.0,"key":"LiquidBronze"}],"is_trial":false,"path_per_floor":["M","?","?","M","M","E","M","R","T","M","?","?","M","?","R","B",null,"M","?","M","$","?","E","R","M","T","R","M","R","E","?","R","B",null,"M","M","M"],"character_chosen":"THE_BUGKNIGHT","items_purchased":["Apotheosis","HollowMod:LifebloodCocoon"],"campfire_rested":3,"item_purchase_floors":[21,21],"current_hp_per_floor":[75,75,75,75,74,74,64,64,64,48,39,39,28,28,65,46,75,32,32,23,23,23,25,25,8,8,45,14,51,75,75,75,52,89,52,24,14,14],"gold":309,"neow_bonus":"ONE_RANDOM_RARE_CARD","is_daily":false,"chose_seed":false,"campfire_upgraded":2,"win_rate":0.0,"timestamp":1608636746,"path_taken":["M","?","?","M","M","E","M","R","T","?","?","?","?","?","R","BOSS","M","?","M","$","?","E","R","?","T","R","M","R","E","?","R","BOSS","M","?","M"],"items_purchased_type":["Card","Card"],"build_version":"2020-12-13","purchased_purges":0,"victory":false,"max_hp_per_floor":[75,75,75,75,75,75,75,75,75,75,75,75,75,75,75,75,75,75,75,75,75,75,75,75,75,75,75,75,75,89,89,89,89,89,89,89,89,89],"relic_stats":{"Sozu":1,"Regal Pillow":45,"counters":[18,98],"Boot":[6],"obtain_stats":[{"Sozu":34,"SlaversCollar":17,"Regal Pillow":6,"Hallownest:StagBellRelic1":14,"HollowMod:VesselMask":0,"Mango":30,"The Courier":26,"Hallownest:DreamNailRelic":3,"Boot":23},{"Sozu":15,"SlaversCollar":8,"Regal Pillow":4,"Hallownest:StagBellRelic1":7,"HollowMod:VesselMask":0,"Mango":14,"The Courier":12,"Hallownest:DreamNailRelic":1,"Boot":11},{"Sozu":86,"SlaversCollar":41,"Regal Pillow":20,"Hallownest:StagBellRelic1":33,"HollowMod:VesselMask":0,"Mango":74,"The Courier":63,"Hallownest:DreamNailRelic":5,"Boot":59}]},"card_choices":[{"not_picked":["HollowMod:DoubleDash","HollowMod:CloakDash"],"picked":"HollowMod:SoulSplash","floor":1.0},{"not_picked":["HollowMod:ShapeofUnn","HollowMod:VengefulVoid"],"picked":"HollowMod:FallenFury","floor":4.0},{"not_picked":["HollowMod:AbyssShriek","HollowMod:GrimmsGift"],"picked":"HollowMod:NewGlowingWomb","floor":5.0},{"not_picked":["HollowMod:HuntersJournal","HollowMod:MothsMistake"],"picked":"HollowMod:DescendingDark","floor":6.0},{"not_picked":["HollowMod:NewLittleFool","HollowMod:VengefulVoid"],"picked":"HollowMod:VengefulSpirit","floor":7.0},{"not_picked":["HollowMod:TaintedHusks","HollowMod:SiblingsSouls","HollowMod:VengefulVoid"],"picked":"SKIP","floor":10.0},{"not_picked":["HollowMod:ShadowDash","HollowMod:DescendingDark","HollowMod:MothsMistake"],"picked":"SKIP","floor":13.0},{"not_picked":["HollowMod:AwokenDreamNail","HollowMod:LifebloodCore"],"picked":"HollowMod:SlysStrikes","floor":16.0},{"not_picked":["HollowMod:HeavyBlow","HollowMod:DashSlash+1"],"picked":"HollowMod:NewJinnsSoul+1","floor":18.0},{"not_picked":["HollowMod:GrimmsGift","HollowMod:LifebloodCocoon"],"picked":"HollowMod:SoulStrike+1","floor":20.0},{"not_picked":["HollowMod:FastStrike","HollowMod:InfectionAssault"],"picked":"HollowMod:MantisMark","floor":23.0},{"not_picked":["HollowMod:InfectedCysts+1","HollowMod:HowlingWraiths"],"picked":"HollowMod:ZotesMagnificence","floor":25.0},{"not_picked":["HollowMod:ShadowDash","HollowMod:TaintedHusks+1","HollowMod:HowlingWraiths"],"picked":"SKIP","floor":28.0},{"not_picked":["HollowMod:ShadowDash","HollowMod:NewJinnsSoul+1"],"picked":"HollowMod:LifebloodCore","floor":30.0},{"not_picked":["HollowMod:LifebloodCore","HollowMod:theNailsmith"],"picked":"HollowMod:ElderbugsWisdom","floor":33.0},{"not_picked":["HollowMod:GoodIntentions","HollowMod:InfectedCysts+1","HollowMod:DesolateDive"],"picked":"SKIP","floor":35},{"not_picked":["HollowMod:AbyssShriek","HollowMod:WraithStrike","HollowMod:ShadowDash+1"],"picked":"SKIP","floor":36}],"player_experience":281008,"relics_obtained":[{"floor":6.0,"key":"Regal Pillow"},{"floor":23.0,"key":"Boot"},{"floor":26.0,"key":"The Courier"},{"floor":30.0,"key":"Mango"}],"event_choices":[],"is_beta":false,"boss_relics":[{"not_picked":["Empty Cage","Runic Dome"],"picked":"SlaversCollar"},{"not_picked":["Cursed Key","Coffee Dripper"],"picked":"Sozu"}],"items_purged_floors":[],"is_endless":false,"potions_floor_spawned":[5,6,7,13,18,20,30,35],"killed_by":"Hallownest:Shield_Sturdy","ascension_level":0}}