{"host":"dcj2yvrgcvh5dl2s","time":1608597122,"event":{"mods":["BaseMod","Better Note","Block Reminder","Colored Powertips","DeckTracker","Minty Spire (QoL Compilation)","Quick Restart","Rare Cards Sparkle","Relic Stats","StSLib"],"gold_per_floor":[112,187,199,70,85,85,113,113,113,138,55,83,48,75,75,149,149,163,163,177,77,89,119,147,175,175,193,225,205,237,252,252,327,327,341,24,24,35,53,53,53,84,107,138,155,166,191,208,208,208,208],"floor_reached":50,"playtime":2282,"items_purged":["Strike_R","Shame","Strike_R"],"score":1221,"play_id":"b7fcb115-aaa0-4eaf-8fff-e24d6c754530","local_time":"20201222103202","is_ascension_mode":true,"campfire_choices":[{"floor":6.0,"key":"REST"},{"floor":8.0,"key":"REST"},{"floor":15.0,"key":"REST"},{"data":"Body Slam","floor":32.0,"key":"SMITH"},{"data":"Body Slam","floor":40,"key":"SMITH"},{"data":"Heavy Blade","floor":49,"key":"SMITH"}],"circlet_count":0,"master_deck":["AscendersBane","Strike_R","Defend_R","Defend_R","Defend_R","Defend_R","Bash","Inflame","Battle Trance","Dropkick","Flex","Body Slam","Metallicize","Dropkick","Bandage Up","Cleave","Uppercut+1","Offering","Disarm","Body Slam+1","Body Slam+1","Heavy Blade+1","Flex","Berserk+1","Thunderclap","Offering","Flex+1","Pommel Strike","Pummel","Blind","Pummel","Battle Trance","Pommel Strike+1"],"relics":["Black Blood","TungstenRod","Magic Flower","Letter Opener","PreservedInsect","Lantern","Gremlin Horn","Frozen Egg 2","Red Mask","Centennial Puzzle","White Beast Statue","Lizard Tail","Strawberry","Philosopher\u0027s Stone","Membership Card","Oddly Smooth Stone","The Courier","Art of War","Nunchaku","Thread and Needle"],"acts_visited":["Exordium","TheCity","TheBeyond"],"potions_floor_usage":[33,33,38,38,45,46,50,50],"damage_taken":[{"damage":9.0,"enemies":"Jaw Worm","floor":1.0,"turns":5.0},{"damage":5.0,"enemies":"2 Louse","floor":3.0,"turns":4.0},{"damage":10.0,"enemies":"Small Slimes","floor":5.0,"turns":4.0},{"damage":32.0,"enemies":"Gremlin Nob","floor":7.0,"turns":4.0},{"damage":27.0,"enemies":"Lagavulin","floor":10.0,"turns":5.0},{"damage":31.0,"enemies":"3 Sentries","floor":12.0,"turns":10.0},{"damage":20.0,"enemies":"Exordium Thugs","floor":13.0,"turns":5.0},{"damage":15.0,"enemies":"Gremlin Nob","floor":14.0,"turns":4.0},{"damage":15.0,"enemies":"The Guardian","floor":16.0,"turns":6.0},{"damage":5.0,"enemies":"Spheric Guardian","floor":18.0,"turns":3.0},{"damage":20.0,"enemies":"Chosen","floor":20.0,"turns":6.0},{"damage":21.0,"enemies":"Snake Plant","floor":22.0,"turns":4.0},{"damage":14.0,"enemies":"Gremlin Leader","floor":23.0,"turns":4.0},{"damage":55.0,"enemies":"Masked Bandits","floor":24.0,"turns":6.0},{"damage":20.0,"enemies":"Slavers","floor":25.0,"turns":5.0},{"damage":43.0,"enemies":"Sentry and Sphere","floor":27.0,"turns":4.0},{"damage":0.0,"enemies":"Gremlin Leader","floor":28.0,"turns":3.0},{"damage":16.0,"enemies":"Slavers","floor":30.0,"turns":4.0},{"damage":32.0,"enemies":"Snecko","floor":31.0,"turns":6.0},{"damage":112,"enemies":"Automaton","floor":33,"turns":10},{"damage":14,"enemies":"Orb Walker","floor":35,"turns":2},{"damage":43,"enemies":"3 Darklings","floor":38,"turns":3},{"damage":30,"enemies":"Maw","floor":39,"turns":5},{"damage":10,"enemies":"Giant Head","floor":42,"turns":2},{"damage":10,"enemies":"Nemesis","floor":44,"turns":1},{"damage":16,"enemies":"Spire Growth","floor":45,"turns":2},{"damage":33,"enemies":"4 Shapes","floor":46,"turns":2},{"damage":19,"enemies":"Giant Head","floor":47,"turns":5},{"damage":30,"enemies":"Writhing Mass","floor":48,"turns":3},{"damage":84,"enemies":"Awakened One","floor":50,"turns":3}],"seed_played":"-264942912270751706","potions_obtained":[{"floor":1.0,"key":"LiquidMemories"},{"floor":3.0,"key":"CultistPotion"},{"floor":12.0,"key":"BlessingOfTheForge"},{"floor":13.0,"key":"CultistPotion"},{"floor":18.0,"key":"Fire Potion"},{"floor":20.0,"key":"HeartOfIron"},{"floor":24.0,"key":"DuplicationPotion"},{"floor":27.0,"key":"SneckoOil"},{"floor":28.0,"key":"FearPotion"},{"floor":29.0,"key":"AttackPotion"},{"floor":30.0,"key":"DistilledChaos"},{"floor":33,"key":"ColorlessPotion"},{"floor":35,"key":"FearPotion"},{"floor":38,"key":"SteroidPotion"},{"floor":39,"key":"ColorlessPotion"},{"floor":44,"key":"PowerPotion"},{"floor":45,"key":"SneckoOil"},{"floor":46,"key":"FearPotion"},{"floor":48,"key":"PowerPotion"}],"is_trial":false,"path_per_floor":["M","?","M","$","M","R","E","R","T","E","$","E","M","E","R","B",null,"M","?","M","$","M","E","?","E","T","M","E","?","E","M","R","B",null,"M","$","?","M","M","R","?","E","T","E","M","M","E","M","R","B"],"character_chosen":"IRONCLAD","items_purchased":["Flex","Bandage Up","Membership Card","Oddly Smooth Stone","Pommel Strike"],"campfire_rested":3,"item_purchase_floors":[4,11,36,36,36],"current_hp_per_floor":[48,37,38,38,34,58,32,56,56,38,38,22,17,17,41,41,70,80,80,80,80,80,80,49,53,53,34,58,58,73,65,65,61,81,87,87,87,68,62,62,62,70,70,78,86,77,82,76,76,0,0],"gold":208,"neow_bonus":"TRANSFORM_TWO_CARDS","is_daily":false,"chose_seed":false,"campfire_upgraded":3,"win_rate":0.0,"timestamp":1608597122,"path_taken":["M","?","M","$","M","R","E","R","T","E","$","E","M","E","R","BOSS","M","?","M","$","M","E","?","E","T","M","E","?","E","M","R","BOSS","M","$","?","?","M","R","?","E","T","E","?","M","E","M","R","BOSS"],"items_purchased_type":["Card","Card","Relic","Relic","Card"],"build_version":"2020-12-13","purchased_purges":3,"victory":false,"max_hp_per_floor":[80,80,80,80,80,80,80,80,80,80,80,80,80,80,80,80,80,80,80,80,80,80,80,80,80,80,80,80,80,87,87,87,87,87,87,87,87,87,87,87,87,87,87,87,87,87,87,87,87,87,87],"relic_stats":{"Centennial Puzzle":[42],"Lizard Tail":65,"Nunchaku":[5],"Gremlin Horn":[18,22],"counters":[30,130],"Black Blood":399,"Magic Flower":[180],"PreservedInsect":507,"Art of War":[0],"Letter Opener":[269],"obtain_stats":[{"Lantern":14,"Gremlin Horn":19,"Magic Flower":9,"Black Blood":17,"Oddly Smooth Stone":36,"Thread and Needle":47,"PreservedInsect":12,"The Courier":42,"Letter Opener":10,"Frozen Egg 2":23,"Burning Blood":0,"White Beast Statue":26,"Centennial Puzzle":25,"Lizard Tail":28,"Nunchaku":44,"Strawberry":30,"Philosopher\u0027s Stone":34,"Red Mask":24,"Art of War":43,"Membership Card":36,"TungstenRod":7},{"Lantern":8,"Gremlin Horn":10,"Magic Flower":4,"Black Blood":9,"Oddly Smooth Stone":21,"Thread and Needle":28,"PreservedInsect":6,"The Courier":24,"Letter Opener":5,"Frozen Egg 2":13,"Burning Blood":0,"White Beast Statue":15,"Centennial Puzzle":15,"Lizard Tail":17,"Nunchaku":25,"Strawberry":18,"Philosopher\u0027s Stone":20,"Red Mask":14,"Art of War":24,"Membership Card":21,"TungstenRod":4},{"Lantern":41,"Gremlin Horn":50,"Magic Flower":17,"Black Blood":47,"Oddly Smooth Stone":104,"Thread and Needle":124,"PreservedInsect":32,"The Courier":114,"Letter Opener":22,"Frozen Egg 2":64,"Burning Blood":0,"White Beast Statue":75,"Centennial Puzzle":75,"Lizard Tail":82,"Nunchaku":115,"Strawberry":86,"Philosopher\u0027s Stone":102,"Red Mask":70,"Art of War":114,"Membership Card":104,"TungstenRod":17}],"TungstenRod":109},"card_choices":[{"not_picked":["Clash","Havoc"],"picked":"Dropkick","floor":1.0},{"not_picked":["Warcry","Rage","Spot Weakness"],"picked":"SKIP","floor":3.0},{"not_picked":["Wild Strike","Twin Strike"],"picked":"Body Slam","floor":5.0},{"not_picked":["Perfected Strike","Flame Barrier"],"picked":"Metallicize","floor":7.0},{"not_picked":["Combust","Rage"],"picked":"Dropkick","floor":10.0},{"not_picked":["Clash","Dual Wield","Twin Strike"],"picked":"SKIP","floor":12.0},{"not_picked":["Headbutt","Sentinel"],"picked":"Cleave","floor":13.0},{"not_picked":["Brutality","Pommel Strike"],"picked":"Uppercut","floor":14.0},{"not_picked":["Immolate","Feed"],"picked":"Offering","floor":16.0},{"not_picked":["True Grit","Clothesline"],"picked":"Disarm","floor":18.0},{"not_picked":["Armaments","Sever Soul"],"picked":"Body Slam","floor":20.0},{"not_picked":["Clothesline+1","Intimidate"],"picked":"Body Slam","floor":22.0},{"not_picked":["Intimidate","Feel No Pain+1"],"picked":"Heavy Blade","floor":23.0},{"not_picked":["Pommel Strike","Anger"],"picked":"Flex","floor":24.0},{"not_picked":["Cleave","Fiend Fire"],"picked":"Berserk+1","floor":25.0},{"not_picked":["Dark Embrace+1","Rupture+1"],"picked":"Thunderclap","floor":27.0},{"not_picked":["Heavy Blade","Rage","Armaments"],"picked":"SKIP","floor":28.0},{"not_picked":["Wild Strike","Cleave","Warcry+1"],"picked":"SKIP","floor":30.0},{"not_picked":["Headbutt","Havoc","True Grit"],"picked":"SKIP","floor":31.0},{"not_picked":["Brutality+1","Impervious"],"picked":"Offering","floor":33},{"not_picked":["Rupture+1","Clothesline"],"picked":"Flex+1","floor":35},{"not_picked":["Flex","Evolve+1"],"picked":"Pummel","floor":38},{"not_picked":["True Grit","Seeing Red","Havoc"],"picked":"SKIP","floor":39},{"not_picked":["Headbutt","Power Through","Havoc"],"picked":"SKIP","floor":42},{"not_picked":["Clothesline+1","Spot Weakness","Cleave"],"picked":"SKIP","floor":44},{"not_picked":["Carnage+1","Anger"],"picked":"Pummel","floor":45},{"not_picked":["Bloodletting","Power Through","Second Wind"],"picked":"SKIP","floor":46},{"not_picked":["Clash+1","Blood for Blood"],"picked":"Battle Trance","floor":47},{"not_picked":["Feel No Pain+1","Havoc+1"],"picked":"Pommel Strike+1","floor":48}],"player_experience":2006339,"relics_obtained":[{"floor":7.0,"key":"TungstenRod"},{"floor":9.0,"key":"Magic Flower"},{"floor":10.0,"key":"Letter Opener"},{"floor":12.0,"key":"PreservedInsect"},{"floor":14.0,"key":"Lantern"},{"floor":23.0,"key":"Frozen Egg 2"},{"floor":24.0,"key":"Red Mask"},{"floor":25.0,"key":"Centennial Puzzle"},{"floor":26.0,"key":"White Beast Statue"},{"floor":28.0,"key":"Lizard Tail"},{"floor":30.0,"key":"Strawberry"},{"floor":42,"key":"The Courier"},{"floor":43,"key":"Art of War"},{"floor":44,"key":"Nunchaku"},{"floor":47,"key":"Thread and Needle"}],"event_choices":[{"damage_healed":0.0,"max_hp_gain":0.0,"max_hp_loss":0.0,"gold_gain":75.0,"event_name":"World of Goop","player_choice":"Gather Gold","floor":2.0,"gold_loss":0.0,"damage_taken":11.0},{"damage_healed":0.0,"max_hp_gain":0.0,"max_hp_loss":0.0,"gold_gain":0.0,"event_name":"Addict","player_choice":"Stole Relic","floor":19.0,"gold_loss":0.0,"damage_taken":0.0,"relics_obtained":["Gremlin Horn"],"cards_obtained":["Shame"]},{"damage_healed":0.0,"max_hp_gain":0.0,"max_hp_loss":0.0,"gold_gain":0.0,"event_name":"Masked Bandits","player_choice":"Fought Bandits","floor":24.0,"gold_loss":0.0,"damage_taken":0.0},{"damage_healed":0.0,"max_hp_gain":0.0,"max_hp_loss":0.0,"gold_gain":0.0,"event_name":"The Woman in Blue","player_choice":"Bought 1 Potion","floor":29.0,"gold_loss":0.0,"damage_taken":0.0},{"damage_healed":0,"gold_gain":0,"player_choice":"Forge","damage_taken":0,"max_hp_gain":0,"max_hp_loss":0,"event_name":"Accursed Blacksmith","floor":37,"gold_loss":0,"cards_upgraded":["Uppercut"]},{"damage_healed":0,"gold_gain":0,"player_choice":"1 cards matched","damage_taken":0,"max_hp_gain":0,"max_hp_loss":0,"event_name":"Match and Keep!","floor":41,"gold_loss":0,"cards_obtained":["Blind"]}],"is_beta":false,"boss_relics":[{"not_picked":["Runic Dome","Mark of Pain"],"picked":"Black Blood"},{"not_picked":["Tiny House","Astrolabe"],"picked":"Philosopher\u0027s Stone"}],"items_purged_floors":[4,21,36],"is_endless":false,"potions_floor_spawned":[1,3,12,13,18,20,24,27,28,30,31,33,35,38,39,42,44,45,46,47,48],"killed_by":"Awakened One","ascension_level":13}}