{"host":"7gewg82ormp6yt4e","time":1608635314,"event":{"mods":["BaseMod","Block Reminder","Colored Map","Colored Powertips","DeckTracker","Highlight Path","Minty Spire (QoL Compilation)","Relic Stats","StSLib"],"gold_per_floor":[369,444,459,40,52,52,79,79,106,132,158,158,158,189,189,189,189],"floor_reached":16,"playtime":578,"items_purged":[],"score":232,"play_id":"32ebe933-463e-4e50-afe1-2e868f330215","local_time":"20201222200834","is_ascension_mode":true,"campfire_choices":[{"data":"Skewer","floor":6,"key":"SMITH"},{"data":"Poisoned Stab","floor":8,"key":"SMITH"},{"data":"Eviscerate","floor":12,"key":"SMITH"},{"data":"Neutralize","floor":15,"key":"SMITH"}],"circlet_count":0,"master_deck":["AscendersBane","Strike_G","Strike_G","Strike_G","Strike_G","Strike_G","Defend_G+1","Defend_G+1","Defend_G","Defend_G","Defend_G","Survivor","Neutralize+1","Slice","Skewer+1","Eviscerate+1","Poisoned Stab+1","Predator"],"relics":["Ring of the Snake","Sling","Akabeko","Juzu Bracelet","War Paint","Blood Vial","CeramicFish","Golden Idol","Art of War"],"acts_visited":["Exordium"],"potions_floor_usage":[11,14,16],"damage_taken":[{"damage":0,"enemies":"Jaw Worm","floor":1,"turns":5},{"damage":1,"enemies":"Cultist","floor":3,"turns":4},{"damage":0,"enemies":"Small Slimes","floor":5,"turns":3},{"damage":6,"enemies":"Gremlin Nob","floor":7,"turns":3},{"damage":10,"enemies":"3 Sentries","floor":11,"turns":4},{"damage":10,"enemies":"Lagavulin","floor":14,"turns":3},{"damage":28,"enemies":"Hexaghost","floor":16,"turns":9}],"seed_played":"-5702284308484101585","potions_obtained":[{"floor":3,"key":"SkillPotion"},{"floor":7,"key":"AttackPotion"},{"floor":14,"key":"Poison Potion"}],"is_trial":false,"path_per_floor":["M","?","M","$","M","R","E","R","T","T","E","R","?","E","R","B"],"character_chosen":"THE_SILENT","items_purchased":["Sling","Akabeko","Eviscerate","Poisoned Stab"],"campfire_rested":0,"item_purchase_floors":[4,4,4,4],"current_hp_per_floor":[59,48,47,47,47,47,41,41,41,41,33,33,33,25,25,0,0],"gold":189,"neow_bonus":"TWO_FIFTY_GOLD","is_daily":false,"chose_seed":false,"campfire_upgraded":4,"win_rate":0.0,"timestamp":1608635314,"path_taken":["M","?","M","$","M","R","E","R","T","?","E","R","?","E","R","BOSS"],"items_purchased_type":["Relic","Relic","Card","Card"],"build_version":"2020-12-13","purchased_purges":0,"victory":false,"max_hp_per_floor":[60,60,60,60,60,60,60,60,60,60,60,60,54,54,54,54,54],"relic_stats":{"Blood Vial":6,"counters":[7,31],"Golden Idol":6,"CeramicFish":0,"Juzu Bracelet":1,"Art of War":[1],"War Paint":["Defend_G","Defend_G"],"obtain_stats":[{"Blood Vial":10,"Golden Idol":13,"CeramicFish":11,"Juzu Bracelet":7,"Art of War":14,"War Paint":9,"Sling":4,"Akabeko":4,"Ring of the Snake":0},{"Blood Vial":4,"Golden Idol":5,"CeramicFish":5,"Juzu Bracelet":4,"Art of War":6,"War Paint":4,"Sling":2,"Akabeko":2,"Ring of the Snake":0},{"Blood Vial":15,"Golden Idol":19,"CeramicFish":19,"Juzu Bracelet":15,"Art of War":22,"War Paint":15,"Sling":9,"Akabeko":9,"Ring of the Snake":0}],"Ring of the Snake":[14]},"card_choices":[{"not_picked":["Prepared","Dodge and Roll"],"picked":"Slice","floor":1},{"not_picked":["Infinite Blades","Dagger Spray"],"picked":"Skewer","floor":3},{"not_picked":["Well Laid Plans","Reflex"],"picked":"Predator","floor":5},{"not_picked":["Bane","Setup","Quick Slash"],"picked":"SKIP","floor":7},{"not_picked":["Choke","Caltrops","Flechettes"],"picked":"SKIP","floor":11},{"not_picked":["Dodge and Roll","Cloak And Dagger","Sucker Punch"],"picked":"SKIP","floor":14}],"player_experience":2419867,"relics_obtained":[{"floor":7,"key":"Juzu Bracelet"},{"floor":9,"key":"War Paint"},{"floor":10,"key":"Blood Vial"},{"floor":11,"key":"CeramicFish"},{"floor":14,"key":"Art of War"}],"event_choices":[{"damage_healed":0,"gold_gain":75,"player_choice":"Gather Gold","damage_taken":11,"max_hp_gain":0,"max_hp_loss":0,"event_name":"World of Goop","floor":2,"gold_loss":0},{"damage_healed":0,"gold_gain":0,"player_choice":"Lose Max HP","damage_taken":0,"relics_obtained":["Golden Idol"],"max_hp_gain":0,"max_hp_loss":6,"event_name":"Golden Idol","floor":13,"gold_loss":0}],"is_beta":false,"boss_relics":[],"items_purged_floors":[],"is_endless":false,"potions_floor_spawned":[3,7,14],"killed_by":"Hexaghost","ascension_level":20}}