{"host":"m6h67kf6cz80m3yv","time":1608624600,"event":{"mods":["BaseMod","Better Third Choice","BetterRewards","Colored Powertips","Downfall","Duelist Mod","Hermit","Marisa????????","Minty Spire (QoL Compilation)","Quick Restart","Shade Mod","Shop Mod","StSLib","SuperFastMode","The Servant 0.9.4"],"gold_per_floor":[109,123,141,0,0,0,0],"floor_reached":6,"playtime":2119,"items_purged":[],"score":45,"play_id":"aaeb3fce-03dd-43b8-be30-18f8badb34e2","local_time":"20201222061000","is_ascension_mode":true,"campfire_choices":[],"circlet_count":0,"master_deck":["Strike_S","Strike_S","Strike_S","Strike_S","Defend_S","Defend_S","Defend_S","Defend_S","KidneyShot","Exchange","SilverBlades","DoubleEdge","MoonPhase","Ricochet","Starlight","Enlightenment","Injury"],"relics":["Uniform","Tiny Chest","Golden Idol"],"acts_visited":["Exordium"],"potions_floor_usage":[6],"damage_taken":[{"damage":16,"enemies":"Small Slimes","floor":1,"turns":4},{"damage":14,"enemies":"Jaw Worm","floor":2,"turns":4},{"damage":0,"enemies":"2 Louse","floor":3,"turns":1},{"damage":36,"enemies":"Lagavulin","floor":6,"turns":6}],"seed_played":"6769216147443492579","potions_obtained":[{"floor":1,"key":"Weak Potion"},{"floor":2,"key":"SkillPotion"}],"is_trial":false,"path_per_floor":["M","M","M","?","?","E"],"character_chosen":"THE_SERVANT","items_purchased":["Tiny Chest","SilverBlades","DoubleEdge"],"campfire_rested":0,"item_purchase_floors":[0,0,0],"current_hp_per_floor":[41,27,27,33,33,0,0],"gold":0,"neow_bonus":"","is_daily":false,"chose_seed":false,"campfire_upgraded":0,"win_rate":0.0,"timestamp":1608624600,"path_taken":["M","M","M","?","?","E"],"items_purchased_type":["Relic","Card","Card"],"build_version":"2020-12-13","purchased_purges":0,"victory":false,"max_hp_per_floor":[65,65,65,71,71,71,71],"card_choices":[{"not_picked":["Rewind","Snipe"],"picked":"MoonPhase","floor":1},{"not_picked":["Shuttle","Deadline"],"picked":"Ricochet","floor":2},{"not_picked":["Rewind","Moonlight"],"picked":"Starlight","floor":3}],"player_experience":283015,"relics_obtained":[],"event_choices":[{"damage_healed":0,"gold_gain":0,"player_choice":"RENOUNCE","damage_taken":141,"max_hp_gain":0,"max_hp_loss":0,"event_name":"betterThird:BetterSerpent","floor":4,"gold_loss":141,"cards_obtained":["Enlightenment"]},{"damage_healed":0,"gold_gain":0,"player_choice":"Take Wound","damage_taken":0,"relics_obtained":["Golden Idol"],"max_hp_gain":0,"max_hp_loss":0,"event_name":"Golden Idol","floor":5,"gold_loss":0,"cards_obtained":["Injury"]}],"is_beta":false,"boss_relics":[],"items_purged_floors":[],"is_endless":false,"potions_floor_spawned":[1,2],"killed_by":"Lagavulin","ascension_level":5}}