{"host":"3a1ypf1irl30q4k8","time":1608661340,"event":{"mods":["AchievementEnabler","BaseMod","Bestiary","Colored Map","Minty Spire (QoL Compilation)","Relic Stats"],"gold_per_floor":[115,135,40,58,28,28,60,72,72,86,86,96,127,127,127,228,228,239,251,251,251,251,251,251],"floor_reached":23,"playtime":951,"items_purged":[],"score":364,"play_id":"34c50a04-db6b-4728-98cb-8a3ae1a3e97d","local_time":"20201222182220","is_ascension_mode":true,"campfire_choices":[{"data":"Hyperbeam","floor":6,"key":"SMITH"},{"data":"Self Repair","floor":11,"key":"SMITH"},{"data":"Steam","floor":15,"key":"SMITH"}],"circlet_count":0,"master_deck":["AscendersBane","Defend_B","Defend_B","Defend_B","Defend_B","Zap","Dualcast","Hyperbeam+1","Melter","Self Repair+1","Sweeping Beam","Turbo","Steam+1","BootSequence","Seek","Conserve Battery","Bite","Bite","Bite","Bite","Sweeping Beam","Mayhem"],"relics":["Cracked Core","Ornamental Fan","Sundial","Vajra","Coffee Dripper","Boot"],"acts_visited":["Exordium","TheCity"],"potions_floor_usage":[7,10,13,16,16],"damage_taken":[{"damage":0,"enemies":"Cultist","floor":1,"turns":2},{"damage":0,"enemies":"Small Slimes","floor":2,"turns":1},{"damage":7,"enemies":"Jaw Worm","floor":4,"turns":3},{"damage":0,"enemies":"3 Sentries","floor":7,"turns":3},{"damage":11,"enemies":"Blue Slaver","floor":8,"turns":3},{"damage":0,"enemies":"3 Louse","floor":10,"turns":3},{"damage":1,"enemies":"Looter","floor":12,"turns":3},{"damage":4,"enemies":"Gremlin Nob","floor":13,"turns":3},{"damage":64,"enemies":"The Guardian","floor":16,"turns":10},{"damage":22,"enemies":"3 Byrds","floor":18,"turns":5},{"damage":16,"enemies":"Shell Parasite","floor":19,"turns":4},{"damage":59,"enemies":"Book of Stabbing","floor":23,"turns":5}],"seed_played":"-147285003305317702","potions_obtained":[{"floor":2,"key":"SkillPotion"},{"floor":5,"key":"LiquidBronze"},{"floor":5,"key":"Energy Potion"},{"floor":7,"key":"Energy Potion"},{"floor":10,"key":"Ancient Potion"},{"floor":13,"key":"LiquidMemories"}],"is_trial":false,"path_per_floor":["M","M","$","M","?","R","E","M","T","M","R","M","E","?","R","B",null,"M","M","?","?","?","E"],"character_chosen":"DEFECT","items_purchased":["Self Repair","Sweeping Beam"],"campfire_rested":0,"item_purchase_floors":[3,3],"current_hp_per_floor":[50,50,50,50,50,50,57,53,53,60,60,69,75,68,68,14,60,48,42,42,42,42,0,0],"gold":251,"neow_bonus":"THREE_RARE_CARDS","is_daily":false,"chose_seed":false,"campfire_upgraded":3,"win_rate":0.0,"timestamp":1608661340,"path_taken":["M","M","$","M","?","R","E","M","T","?","R","?","E","?","R","BOSS","M","M","?","?","?","E"],"items_purchased_type":["Card","Card"],"build_version":"2020-12-13","purchased_purges":0,"victory":false,"max_hp_per_floor":[75,75,75,75,75,75,75,75,75,75,75,75,75,75,75,75,75,75,75,52,52,52,52,52],"relic_stats":{"counters":[12,45],"Ornamental Fan":[40],"Sundial":[4],"Boot":[0],"obtain_stats":[{"Ornamental Fan":7,"Sundial":9,"Vajra":13,"Coffee Dripper":17,"Cracked Core":0,"Boot":22},{"Ornamental Fan":4,"Sundial":5,"Vajra":8,"Coffee Dripper":9,"Cracked Core":0,"Boot":11},{"Ornamental Fan":9,"Sundial":12,"Vajra":21,"Coffee Dripper":31,"Cracked Core":0,"Boot":40}]},"card_choices":[{"not_picked":["Fission","Machine Learning"],"picked":"Hyperbeam","floor":0},{"not_picked":["Go for the Eyes","Stack"],"picked":"Melter","floor":1},{"not_picked":["Reinforced Body","Doom and Gloom"],"picked":"Compile Driver","floor":2},{"not_picked":["Beam Cell","Ball Lightning","Go for the Eyes"],"picked":"SKIP","floor":4},{"not_picked":["BootSequence","Barrage"],"picked":"Turbo","floor":7},{"not_picked":["Streamline","Glacier","Stack"],"picked":"SKIP","floor":8},{"not_picked":["Barrage","Capacitor"],"picked":"Steam","floor":10},{"not_picked":["Gash","Fusion","Lockon"],"picked":"SKIP","floor":12},{"not_picked":["Machine Learning","Compile Driver"],"picked":"BootSequence","floor":13},{"not_picked":["Machine Learning","Electrodynamics"],"picked":"Seek","floor":16},{"not_picked":["Sweeping Beam","Capacitor","Darkness"],"picked":"SKIP","floor":18},{"not_picked":["Tempest","Genetic Algorithm"],"picked":"Conserve Battery","floor":19}],"player_experience":869430,"relics_obtained":[{"floor":7,"key":"Ornamental Fan"},{"floor":9,"key":"Sundial"},{"floor":13,"key":"Vajra"}],"event_choices":[{"damage_healed":0,"gold_gain":0,"player_choice":"Bought 2 Potions","damage_taken":0,"max_hp_gain":0,"max_hp_loss":0,"event_name":"The Woman in Blue","floor":5,"gold_loss":0},{"cards_removed":["Strike_B"],"damage_healed":0,"gold_gain":0,"player_choice":"Card Removal","damage_taken":7,"max_hp_gain":0,"max_hp_loss":0,"event_name":"Golden Wing","floor":14,"gold_loss":0},{"damage_healed":0,"gold_gain":0,"player_choice":"Became a vampire","damage_taken":0,"max_hp_gain":0,"max_hp_loss":23,"event_name":"Vampires","floor":20,"gold_loss":0,"cards_obtained":["Bite","Bite","Bite","Bite","Bite"]},{"damage_healed":0,"gold_gain":0,"cards_transformed":["Compile Driver","Bite"],"player_choice":"Became Test Subject","damage_taken":0,"max_hp_gain":0,"max_hp_loss":0,"event_name":"Drug Dealer","floor":21,"gold_loss":0,"cards_obtained":["Sweeping Beam","Mayhem"]},{"damage_healed":0,"gold_gain":0,"player_choice":"Opened","damage_taken":0,"relics_obtained":["Boot"],"max_hp_gain":0,"max_hp_loss":0,"event_name":"The Mausoleum","floor":22,"gold_loss":0}],"is_beta":false,"boss_relics":[{"not_picked":["Astrolabe","Busted Crown"],"picked":"Coffee Dripper"}],"items_purged_floors":[],"is_endless":false,"potions_floor_spawned":[2,7,10,12,13],"killed_by":"Book of Stabbing","ascension_level":10}}