{"host":"zekcc3vicrep0och","time":1608640275,"event":{"mods":["AchievementEnabler","BaseMod","Colored Map","Colored Powertips","Displayed Cursed Tome","Minty Spire (QoL Compilation)","Relic Stats","StSLib"],"gold_per_floor":[109,109,109,0,82,109,129,129,156,166,166,192,167,201,201,275,275,287,287,19,33,50,84,96,124,150,150,167,167,182,217,217,295,295,309,323,9,9,19,47,47,47,47,72,82,117,117,167,167,167],"floor_reached":51,"playtime":2539,"items_purged":["Injury"],"score":1518,"play_id":"984e4949-ef22-4ec6-afb6-172cf20f654b","local_time":"20201222153115","is_ascension_mode":true,"campfire_choices":[{"data":"Lockon","floor":8.0,"key":"SMITH"},{"data":"Steam","floor":11.0,"key":"SMITH"},{"data":"Rainbow","floor":15.0,"key":"SMITH"},{"data":"Hologram","floor":27.0,"key":"SMITH"},{"data":"Genetic Algorithm","floor":29.0,"key":"SMITH"},{"data":"Barrage","floor":32,"key":"SMITH"},{"data":"Thunder Strike","floor":41,"key":"SMITH"},{"floor":47,"key":"REST"},{"floor":49,"key":"REST"}],"circlet_count":0,"master_deck":["AscendersBane","Zap","Dualcast","Coolheaded","Rainbow+1","Chill","Melter","Lockon+1","Steam+1","Electrodynamics","Seek","Loop","Undo","Barrage+1","Sweeping Beam","Redo+1","Cold Snap","Leap","Conserve Battery","Hologram+1","Genetic Algorithm+1","White Noise","Thunder Strike+1","Capacitor+1","Leap+1","Reboot"],"relics":["Cracked Core","TungstenRod","Bag of Preparation","Singing Bowl","Ornamental Fan","Odd Mushroom","Happy Flower","Akabeko","Bronze Scales","Pandora\u0027s Box","Pen Nib","Symbiotic Virus","Regal Pillow","Pear","Oddly Smooth Stone","Bag of Marbles","Inserter","Bird Faced Urn","Pocketwatch","Letter Opener","PreservedInsect","Bottled Tornado","FossilizedHelix"],"acts_visited":["Exordium","TheCity","TheBeyond"],"potions_floor_usage":[31,40,44,46,50],"damage_taken":[{"damage":0.0,"enemies":"Cultist","floor":1.0,"turns":3.0},{"damage":17.0,"enemies":"Gremlin Nob","floor":6.0,"turns":4.0},{"damage":0.0,"enemies":"The Mushroom Lair","floor":7.0,"turns":3.0},{"damage":0.0,"enemies":"2 Louse","floor":10.0,"turns":2.0},{"damage":4.0,"enemies":"3 Sentries","floor":12.0,"turns":5.0},{"damage":4.0,"enemies":"Gremlin Nob","floor":14.0,"turns":3.0},{"damage":9.0,"enemies":"The Guardian","floor":16.0,"turns":10.0},{"damage":0.0,"enemies":"Spheric Guardian","floor":18.0,"turns":1.0},{"damage":1.0,"enemies":"Chosen","floor":21.0,"turns":3.0},{"damage":0.0,"enemies":"Centurion and Healer","floor":22.0,"turns":4.0},{"damage":0.0,"enemies":"Slavers","floor":23.0,"turns":4.0},{"damage":0.0,"enemies":"Shelled Parasite and Fungi","floor":24.0,"turns":2.0},{"damage":5.0,"enemies":"Gremlin Leader","floor":25.0,"turns":3.0},{"damage":3.0,"enemies":"Snake Plant","floor":28.0,"turns":3.0},{"damage":0.0,"enemies":"Cultist and Chosen","floor":30.0,"turns":3.0},{"damage":0,"enemies":"Slavers","floor":31,"turns":5},{"damage":37,"enemies":"Automaton","floor":33,"turns":8},{"damage":0,"enemies":"Orb Walker","floor":35,"turns":3},{"damage":2,"enemies":"3 Darklings","floor":36,"turns":5},{"damage":0,"enemies":"Sphere and 2 Shapes","floor":39,"turns":3},{"damage":16,"enemies":"Reptomancer","floor":40,"turns":6},{"damage":48,"enemies":"Giant Head","floor":44,"turns":8},{"damage":0,"enemies":"4 Shapes","floor":45,"turns":6},{"damage":42,"enemies":"Reptomancer","floor":46,"turns":4},{"damage":10,"enemies":"2 Orb Walkers","floor":48,"turns":4},{"damage":65,"enemies":"Donu and Deca","floor":50,"turns":10}],"seed_played":"-8605177983307688285","potions_obtained":[{"floor":1.0,"key":"Block Potion"},{"floor":10.0,"key":"EssenceOfDarkness"},{"floor":12.0,"key":"BlessingOfTheForge"},{"floor":22.0,"key":"GamblersBrew"},{"floor":23.0,"key":"EssenceOfSteel"},{"floor":28.0,"key":"FearPotion"},{"floor":31,"key":"Fruit Juice"},{"floor":33,"key":"Strength Potion"},{"floor":35,"key":"PowerPotion"},{"floor":40,"key":"SpeedPotion"},{"floor":44,"key":"Swift Potion"}],"is_trial":false,"path_per_floor":["M","T","?","$","T","E","?","R","T","M","R","E","?","E","R","B",null,"M","?","$","M","M","E","M","E","T","R","M","R","M","E","R","B",null,"M","M","$","?","M","E","R","?","T","E","M","E","R","?","R","B",null],"character_chosen":"DEFECT","items_purchased":["Melter","Symbiotic Virus","Cold Snap","Bird Faced Urn"],"campfire_rested":2,"item_purchase_floors":[4,20,20,37],"current_hp_per_floor":[64,64,59,59,59,42,42,42,42,42,42,40,40,38,38,29,64,64,64,64,63,63,65,67,72,72,72,69,69,71,76,76,39,82,82,82,82,87,93,89,89,89,89,49,59,25,71,69,106,43],"gold":167,"neow_bonus":"TRANSFORM_TWO_CARDS","is_daily":false,"chose_seed":false,"campfire_upgraded":7,"win_rate":0.0,"timestamp":1608640275,"path_taken":["M","?","?","$","?","E","?","R","T","M","R","E","?","E","R","BOSS","M","?","$","M","M","E","M","E","T","R","M","R","?","E","R","BOSS","M","M","$","?","?","E","R","?","T","E","M","E","R","?","R","BOSS"],"items_purchased_type":["Card","Relic","Card","Relic"],"build_version":"2020-12-13","purchased_purges":1,"victory":true,"max_hp_per_floor":[71,71,71,71,71,71,71,71,71,71,71,73,73,75,75,75,75,75,75,75,75,75,77,79,89,89,89,89,89,91,96,96,96,96,96,98,98,98,100,102,102,102,102,102,104,104,104,106,106,106],"relic_stats":{"Regal Pillow":21,"Inserter":[21],"Singing Bowl":20,"Happy Flower":[35],"counters":[26,115],"Pen Nib":[10],"PreservedInsect":61,"Bag of Preparation":[50],"Letter Opener":[115],"Ornamental Fan":[28],"Bronze Scales":[256],"Bird Faced Urn":[46],"Pandora\u0027s Box":["Seek","Loop","Beam Cell","Undo","Barrage","Sweeping Beam"],"obtain_stats":[{"Regal Pillow":23,"Pear":25,"Inserter":34,"Singing Bowl":5,"Happy Flower":9,"Oddly Smooth Stone":26,"Pen Nib":19,"PreservedInsect":44,"Bag of Preparation":3,"Letter Opener":43,"Odd Mushroom":7,"Bottled Tornado":46,"Akabeko":12,"Ornamental Fan":6,"Bronze Scales":14,"Bird Faced Urn":37,"Pandora\u0027s Box":17,"Bag of Marbles":31,"Cracked Core":0,"Symbiotic Virus":20,"TungstenRod":2,"FossilizedHelix":48,"Pocketwatch":40},{"Regal Pillow":11,"Pear":13,"Inserter":17,"Singing Bowl":1,"Happy Flower":3,"Oddly Smooth Stone":13,"Pen Nib":8,"PreservedInsect":22,"Bag of Preparation":1,"Letter Opener":21,"Odd Mushroom":3,"Bottled Tornado":24,"Akabeko":5,"Ornamental Fan":2,"Bronze Scales":6,"Bird Faced Urn":19,"Pandora\u0027s Box":7,"Bag of Marbles":16,"Cracked Core":0,"Symbiotic Virus":8,"TungstenRod":1,"FossilizedHelix":25,"Pocketwatch":21},{"Regal Pillow":42,"Pear":47,"Inserter":66,"Singing Bowl":3,"Happy Flower":10,"Oddly Smooth Stone":47,"Pen Nib":31,"PreservedInsect":91,"Bag of Preparation":3,"Letter Opener":83,"Odd Mushroom":10,"Bottled Tornado":101,"Akabeko":17,"Ornamental Fan":7,"Bronze Scales":20,"Bird Faced Urn":74,"Pandora\u0027s Box":30,"Bag of Marbles":58,"Cracked Core":0,"Symbiotic Virus":31,"TungstenRod":3,"FossilizedHelix":105,"Pocketwatch":83}],"TungstenRod":37,"Pocketwatch":[27]},"card_choices":[{"not_picked":["Stack","Cold Snap"],"picked":"Chill","floor":1.0},{"not_picked":["Compile Driver","Go for the Eyes"],"picked":"Sweeping Beam","floor":6.0},{"not_picked":["Compile Driver","All For One"],"picked":"Lockon","floor":7.0},{"not_picked":["Cold Snap","Chill"],"picked":"Steam","floor":10.0},{"not_picked":["Barrage","Steam","Scrape"],"picked":"Singing Bowl","floor":12.0},{"not_picked":["Stack","Turbo","Creative AI"],"picked":"Singing Bowl","floor":14.0},{"not_picked":["Core Surge","Meteor Strike"],"picked":"Electrodynamics","floor":16.0},{"not_picked":["FTL","Hologram"],"picked":"Redo+1","floor":18.0},{"not_picked":["Rebound","Redo"],"picked":"Leap","floor":21.0},{"not_picked":["Gash","Stack"],"picked":"Conserve Battery","floor":22.0},{"not_picked":["Redo","Barrage","Cold Snap"],"picked":"Singing Bowl","floor":23.0},{"not_picked":["Ball Lightning+1","Cold Snap","Chaos"],"picked":"Singing Bowl","floor":24.0},{"not_picked":["Sweeping Beam","Stack"],"picked":"Hologram","floor":25.0},{"not_picked":["Static Discharge","Rebound"],"picked":"Genetic Algorithm","floor":28.0},{"not_picked":["Conserve Battery","Reinforced Body","Chill"],"picked":"Singing Bowl","floor":30.0},{"not_picked":["Fusion","Sunder"],"picked":"White Noise","floor":31},{"not_picked":["Meteor Strike","Core Surge"],"picked":"Thunder Strike","floor":33},{"not_picked":["Loop+1","Ball Lightning"],"picked":"Capacitor+1","floor":35},{"not_picked":["Leap","Redo","Hologram+1"],"picked":"Singing Bowl","floor":36},{"not_picked":["Sweeping Beam","Cold Snap","Leap"],"picked":"Singing Bowl","floor":39},{"not_picked":["Conserve Battery","Sweeping Beam","Genetic Algorithm"],"picked":"Singing Bowl","floor":40},{"not_picked":["Cold Snap","Hologram"],"picked":"Leap+1","floor":44},{"not_picked":["Cold Snap","Gash","Redo"],"picked":"Singing Bowl","floor":45},{"not_picked":["Streamline+1","Steam"],"picked":"Reboot","floor":46},{"not_picked":["Coolheaded","Fusion","Ball Lightning"],"picked":"Singing Bowl","floor":48}],"player_experience":452742,"relics_obtained":[{"floor":2.0,"key":"TungstenRod"},{"floor":5.0,"key":"Singing Bowl"},{"floor":6.0,"key":"Ornamental Fan"},{"floor":7.0,"key":"Odd Mushroom"},{"floor":9.0,"key":"Happy Flower"},{"floor":12.0,"key":"Akabeko"},{"floor":14.0,"key":"Bronze Scales"},{"floor":19.0,"key":"Pen Nib"},{"floor":23.0,"key":"Regal Pillow"},{"floor":25.0,"key":"Pear"},{"floor":26.0,"key":"Oddly Smooth Stone"},{"floor":31,"key":"Bag of Marbles"},{"floor":40,"key":"Pocketwatch"},{"floor":43,"key":"Letter Opener"},{"floor":44,"key":"PreservedInsect"},{"floor":46,"key":"Bottled Tornado"},{"floor":48,"key":"FossilizedHelix"}],"event_choices":[{"damage_healed":0.0,"max_hp_gain":0.0,"max_hp_loss":0.0,"gold_gain":0.0,"event_name":"Scrap Ooze","player_choice":"Success","floor":3.0,"gold_loss":0.0,"damage_taken":7.0,"relics_obtained":["Bag of Preparation"]},{"damage_healed":0.0,"max_hp_gain":0.0,"max_hp_loss":0.0,"gold_gain":0.0,"event_name":"Mushrooms","player_choice":"Fought Mushrooms","floor":7.0,"gold_loss":0.0,"damage_taken":0.0},{"damage_healed":0.0,"max_hp_gain":0.0,"max_hp_loss":0.0,"gold_gain":0.0,"event_name":"World of Goop","player_choice":"Left Gold","floor":13.0,"gold_loss":25.0,"damage_taken":0.0},{"damage_healed":0.0,"max_hp_gain":0.0,"max_hp_loss":0.0,"gold_gain":0.0,"event_name":"Wheel of Change","player_choice":"Relic","floor":19.0,"gold_loss":0.0,"damage_taken":0.0},{"cards_removed":["Beam Cell"],"damage_healed":5,"gold_gain":0,"player_choice":"Offered Common","damage_taken":0,"max_hp_gain":0,"max_hp_loss":0,"event_name":"Bonfire Elementals","floor":38,"gold_loss":0},{"cards_removed":["Beam Cell"],"damage_healed":5,"gold_gain":0,"player_choice":"Offered Special","damage_taken":0,"max_hp_gain":0,"max_hp_loss":0,"event_name":"Bonfire Elementals","floor":38,"gold_loss":0},{"cards_removed":["Sweeping Beam"],"damage_healed":0,"gold_gain":0,"player_choice":"Removed Attack","damage_taken":0,"max_hp_gain":0,"max_hp_loss":0,"event_name":"Falling","floor":42,"gold_loss":0},{"damage_healed":0,"gold_gain":0,"player_choice":"Fight","damage_taken":0,"max_hp_gain":0,"max_hp_loss":0,"event_name":"Mysterious Sphere","floor":48,"gold_loss":0}],"is_beta":false,"boss_relics":[{"not_picked":["SlaversCollar","Snecko Eye"],"picked":"Pandora\u0027s Box"},{"not_picked":["Tiny House","Busted Crown"],"picked":"Inserter"}],"items_purged_floors":[4],"is_endless":false,"potions_floor_spawned":[1,10,12,22,23,28,31,33,35,40,44],"ascension_level":14}}