{"host":"95wyl20yxqdpjbr6","time":1608656441,"event":{"mods":["2.2 Compatiblity","Act Like it!","BaseMod","Better Third Choice","BetterRewards","Colored Map","Conspire","Downfall","Gensokyo","Hallownest","Hermit","Highlight Path","Hubris","Infinite Spire","Jorbs\u0027s Wanderer Trilogy","Marisa????????","Minty Spire (QoL Compilation)","Rare Cards Sparkle","Replay The Spire","StSLib","The Construct","The Cursed","The Disciple","The Hierophant","The Runesmith"],"gold_per_floor":[99,118,118,137,237,249,276,307,323,333,19,19,46,46,64,167,167,167,187,198,198,198,252,252,252,276,287,312,312,312,312],"floor_reached":29,"playtime":2651,"items_purged":[],"score":255,"play_id":"d19d0ba1-6cdd-4ef0-9b56-7fddd5a27448","local_time":"20201222180041","is_ascension_mode":false,"campfire_choices":[{"data":"hexamod:Float","floor":1,"key":"SMITH"},{"data":"CutThroughFate","floor":12,"key":"SMITH"},{"data":"Gensokyo:UnlikelyAid","floor":18,"key":"SMITH"}],"circlet_count":0,"master_deck":["hexamod:Strike","hexamod:Strike","hexamod:Strike","hexamod:Strike","hexamod:Defend","hexamod:Defend","hexamod:Defend","hexamod:Defend","hexamod:Sear","hexamod:Float+1","hexamod:Hexaguard","hexamod:EtherealExpedition","Rebound","sneckomod:IronFang","hierophant:Alms","CutThroughFate+1","Cloak And Dagger","hexamod:SpectersWail","hexamod:VolcanoVisage","Gensokyo:UnlikelyAid+1","hexamod:SearingWound","Sickly","FIFO Queue"],"relics":["hexamod:SpiritBrand","PrismaticShard","Replay:Rubber Ducky","Pen Nib","hubris:GlazedTorus","Busted Crown","ReplayTheSpireMod:Ring of Exchange","downfall:KnowingSkull","ReplayFunnel"],"acts_visited":["Exordium","TheCity"],"potions_floor_usage":[8,19],"damage_taken":[{"damage":2,"enemies":"conspire:RoseBush","floor":2,"turns":3},{"damage":0,"enemies":"Cultist","floor":4,"turns":3},{"damage":0,"enemies":"2 Louse","floor":6,"turns":3},{"damage":1,"enemies":"Lagavulin","floor":8,"turns":5},{"damage":5,"enemies":"Exordium Thugs","floor":9,"turns":4},{"damage":1,"enemies":"2 Fungi Beasts","floor":10,"turns":4},{"damage":0,"enemies":"downfall:FleeingMerchant","floor":11,"turns":4},{"damage":1,"enemies":"Gremlin Nob","floor":13,"turns":4},{"damage":7,"enemies":"Blue Slaver","floor":15,"turns":3},{"damage":8,"enemies":"downfall:Ironclad","floor":16,"turns":6},{"damage":0,"enemies":"conspire:FuzzyDice","floor":19,"turns":4},{"damage":0,"enemies":"Shell Parasite","floor":20,"turns":4},{"damage":24,"enemies":"Cultist and Chosen","floor":23,"turns":7},{"damage":17,"enemies":"Chosen and Byrds","floor":27,"turns":5},{"damage":11,"enemies":"Replay:Snechameleon","floor":28,"turns":5},{"damage":11,"enemies":"3 Cultists","floor":29,"turns":2}],"seed_played":"-6447977486244552559","potions_obtained":[{"floor":2,"key":"FearPotion"},{"floor":4,"key":"Toxic Potion"},{"floor":8,"key":"Strength Potion"},{"floor":13,"key":"Energy Potion"},{"floor":28,"key":"conspire:TimeTravelPotion"}],"is_trial":false,"path_per_floor":["R","M","?","M","?","M","T","E","M","M","$","R","E","?","M","B",null,"R","M","M","?","?","M","PTL","PTL","T","M","E","M"],"character_chosen":"THE_SPIRIT","items_purchased":["hubris:GlazedTorus"],"campfire_rested":0,"item_purchase_floors":[11],"current_hp_per_floor":[70,68,68,68,68,68,68,67,62,61,61,61,60,60,53,45,70,70,70,70,70,63,39,39,39,39,22,11,0,0,0],"gold":312,"neow_bonus":"THREE_CARDS","is_daily":false,"chose_seed":false,"campfire_upgraded":3,"win_rate":0.0,"timestamp":1608656441,"path_taken":["R","M","?","M","?","?","T","E","M","M","$","R","E","?","M","BOSS","R","M","M","?","?","M","PTL","PTL","T","M","E","M"],"items_purchased_type":["Relic"],"build_version":"2020-12-13","purchased_purges":0,"victory":false,"max_hp_per_floor":[70,70,70,70,70,70,70,70,70,70,70,70,70,70,70,70,70,70,70,70,70,70,70,70,70,70,70,70,70,70,70],"card_choices":[{"not_picked":["hexamod:InspiringFlames","hexamod:GhostflameBarrier"],"picked":"hexamod:Hexaguard","floor":0},{"not_picked":["hexamod:GhostLash","hexamod:ThermalTransfer"],"picked":"hexamod:EtherealExpedition","floor":2},{"not_picked":["Slimebound:LeechEnergy","Slice"],"picked":"Rebound","floor":4},{"not_picked":["TickedOff","Sever Soul"],"picked":"sneckomod:IronFang","floor":6},{"not_picked":["construct:ModeShift","Accruing"],"picked":"hierophant:Alms","floor":8},{"not_picked":["sneckomod:TrashToTreasure","construct:Disrupt","Acrobatics"],"picked":"SKIP","floor":9},{"not_picked":["Guardian:ShieldCharger","champ:FanOfKnives"],"picked":"CutThroughFate","floor":10},{"not_picked":["hermit:Spite","TheCursedMod:TacticalStrike"],"picked":"Cloak And Dagger","floor":11},{"not_picked":["Slimebound:SplitSpecialist","ExoVibe"],"picked":"hexamod:SpectersWail","floor":13},{"not_picked":["Guardian:Gem_Lightblue","Guardian:Preprogram"],"picked":"Gensokyo:UnlikelyAid","floor":15},{"not_picked":["Slimebound:MassFeed","Machine Learning"],"picked":"hexamod:SearingWound","floor":16},{"not_picked":["sneckomod:UnknownBlock"],"picked":"SKIP","floor":19},{"not_picked":["VestedLegacy"],"picked":"SKIP","floor":20},{"not_picked":["hermit:BigShot"],"picked":"SKIP","floor":23},{"not_picked":[],"picked":"FIFO Queue","floor":27},{"not_picked":["Guardian:Recover+1"],"picked":"SKIP","floor":28}],"player_experience":488696,"relics_obtained":[{"floor":7,"key":"Replay:Rubber Ducky"},{"floor":8,"key":"Pen Nib"},{"floor":13,"key":"Art of War"},{"floor":21,"key":"ReplayTheSpireMod:Ring of Exchange"},{"floor":28,"key":"ReplayFunnel"}],"event_choices":[],"is_beta":false,"boss_relics":[{"not_picked":["hubris:HollowSoul","construct:WeddingRing"],"picked":"Busted Crown"}],"items_purged_floors":[],"is_endless":false,"potions_floor_spawned":[2,4,8,13,15,28],"killed_by":"3 Cultists","ascension_level":0}}