{"host":"na09lpbrez4gbfiz","time":1608605678,"event":{"mods":["Act Like it!","BaseMod","BetterRewards","Colored Map","Colored Powertips","DeckTracker","Googly Eyes","Highlight Path","Minty Spire (QoL Compilation)","StSLib","Synergy Search"],"gold_per_floor":[118,118,43,53,65,65,92,92,142,142,152,117,82,95,95,200,200,217,217,217,229,239,239,239,239,239,139,150,150,166,11,11,11,11],"floor_reached":33,"playtime":1111,"items_purged":["Regret","Rupture"],"score":413,"play_id":"dec95d85-ce23-4c32-af2d-706086a226e8","local_time":"20201222035438","is_ascension_mode":true,"campfire_choices":[{"data":"Apotheosis","floor":6,"key":"SMITH"},{"data":"Berserk","floor":8,"key":"SMITH"},{"floor":15,"key":"REST"},{"data":"Evolve","floor":23,"key":"SMITH"},{"data":"Inflame","floor":25,"key":"SMITH"},{"data":"Reaper","floor":29,"key":"SMITH"},{"data":"Uppercut","floor":32,"key":"SMITH"}],"circlet_count":0,"master_deck":["Strike_R","Strike_R+1","Strike_R","Defend_R+1","Defend_R+1","Defend_R+1","Defend_R","Bash","Apotheosis+1","Uppercut+1","Berserk+1","Whirlwind","Inflame+1","Battle Trance","Reaper+1","Evolve+1","True Grit+1","Seeing Red+1"],"relics":["Burning Blood","War Paint","Anchor","Lantern","Mark of Pain","Ornamental Fan","Brimstone"],"acts_visited":["Exordium","TheCity"],"potions_floor_usage":[28,30,30],"damage_taken":[{"damage":2,"enemies":"Cultist","floor":1,"turns":4},{"damage":3,"enemies":"Small Slimes","floor":4,"turns":4},{"damage":5,"enemies":"2 Louse","floor":5,"turns":4},{"damage":20,"enemies":"Gremlin Nob","floor":7,"turns":4},{"damage":8,"enemies":"Looter","floor":11,"turns":3},{"damage":5,"enemies":"Blue Slaver","floor":14,"turns":4},{"damage":0,"enemies":"The Guardian","floor":16,"turns":9},{"damage":10,"enemies":"Shell Parasite","floor":18,"turns":3},{"damage":0,"enemies":"Chosen","floor":21,"turns":3},{"damage":0,"enemies":"Centurion and Healer","floor":22,"turns":4},{"damage":12,"enemies":"Snake Plant","floor":28,"turns":4},{"damage":0,"enemies":"Shelled Parasite and Fungi","floor":30,"turns":3},{"damage":106,"enemies":"Champ","floor":33,"turns":6}],"seed_played":"5267481000440278374","potions_obtained":[{"floor":7,"key":"HeartOfIron"},{"floor":16,"key":"Weak Potion"},{"floor":18,"key":"LiquidMemories"},{"floor":24,"key":"LiquidMemories"}],"is_trial":false,"path_per_floor":["M","?","$","M","M","R","E","R","T","?","M","?","$","M","R","B",null,"M","?","?","M","M","R","?","R","T","$","M","R","M","$","R","B"],"character_chosen":"IRONCLAD","items_purchased":["Inflame","Brimstone"],"campfire_rested":1,"item_purchase_floors":[13,31],"current_hp_per_floor":[55,55,55,58,59,59,45,45,45,29,27,47,47,48,72,78,80,76,76,76,80,80,80,80,80,80,80,74,74,80,80,80,0,0],"gold":11,"neow_bonus":"RANDOM_COLORLESS_2","is_daily":false,"chose_seed":false,"campfire_upgraded":6,"win_rate":0.0,"timestamp":1608605678,"path_taken":["M","?","$","M","M","R","E","R","T","?","M","?","?","?","R","BOSS","M","?","?","M","M","R","?","R","T","$","M","R","M","$","R","BOSS"],"items_purchased_type":["Card","Relic"],"build_version":"2020-12-13","purchased_purges":2,"victory":false,"max_hp_per_floor":[80,80,80,80,80,80,80,80,80,80,80,80,80,80,80,80,80,80,80,80,80,80,80,80,80,80,80,80,80,80,80,80,80,80],"card_choices":[{"not_picked":["Secret Weapon","Metamorphosis"],"picked":"Apotheosis","floor":0},{"not_picked":["Dark Embrace","Sever Soul"],"picked":"Uppercut","floor":1},{"not_picked":["Anger","Pommel Strike","Body Slam"],"picked":"SKIP","floor":4},{"not_picked":["Anger","Uppercut","Perfected Strike"],"picked":"SKIP","floor":5},{"not_picked":["Warcry","Spot Weakness"],"picked":"Berserk","floor":7},{"not_picked":["Blood for Blood","Anger"],"picked":"Whirlwind","floor":11},{"not_picked":["Clothesline","Rupture"],"picked":"Battle Trance","floor":14},{"not_picked":["Fiend Fire","Impervious"],"picked":"Reaper","floor":16},{"not_picked":["Anger","Twin Strike+1","Perfected Strike+1"],"picked":"SKIP","floor":18},{"not_picked":["Headbutt+1","Whirlwind+1","Uppercut"],"picked":"SKIP","floor":21},{"not_picked":["Anger","Searing Blow","Headbutt+1"],"picked":"SKIP","floor":22},{"not_picked":["Sword Boomerang","Body Slam"],"picked":"True Grit+1","floor":28},{"not_picked":["Rupture","Entrench"],"picked":"Seeing Red+1","floor":30}],"player_experience":226331,"relics_obtained":[{"floor":7,"key":"Anchor"},{"floor":9,"key":"Lantern"},{"floor":26,"key":"Ornamental Fan"}],"event_choices":[{"damage_healed":0,"gold_gain":0,"player_choice":"Box","damage_taken":0,"relics_obtained":["War Paint"],"max_hp_gain":0,"max_hp_loss":0,"event_name":"Big Fish","floor":2,"gold_loss":0,"cards_obtained":["Regret"]},{"damage_healed":0,"gold_gain":0,"player_choice":"Entered Light","damage_taken":16,"max_hp_gain":0,"max_hp_loss":0,"event_name":"Shining Light","floor":10,"gold_loss":0,"cards_upgraded":["Strike_R","Defend_R"]},{"damage_healed":20,"gold_gain":0,"player_choice":"Healed","damage_taken":0,"max_hp_gain":0,"max_hp_loss":0,"event_name":"The Cleric","floor":12,"gold_loss":35},{"damage_healed":0,"gold_gain":0,"player_choice":"Ignored","damage_taken":0,"max_hp_gain":0,"max_hp_loss":0,"event_name":"Cursed Tome","floor":19,"gold_loss":0},{"damage_healed":0,"gold_gain":0,"cards_transformed":["Strike_R","Strike_R"],"player_choice":"Became Test Subject","damage_taken":0,"max_hp_gain":0,"max_hp_loss":0,"event_name":"Drug Dealer","floor":20,"gold_loss":0,"cards_obtained":["Evolve","Rupture"]},{"damage_healed":0,"gold_gain":0,"player_choice":"Got Potions","damage_taken":0,"max_hp_gain":0,"max_hp_loss":0,"event_name":"Lab","floor":24,"gold_loss":0}],"is_beta":false,"boss_relics":[{"not_picked":["Tiny House","Velvet Choker"],"picked":"Mark of Pain"}],"items_purged_floors":[3,27],"is_endless":false,"potions_floor_spawned":[7,16,18,22],"killed_by":"Champ","ascension_level":8}}