{"host":"xx5zt3jtdyh8iun7","time":1608654466,"event":{"mods":["AchievementEnabler","Act Like it!","BaseMod","Bestiary","Downfall","Minty Spire (QoL Compilation)","Replay The Spire","StSLib"],"gold_per_floor":[99,114,114,214,232,232,232,244,254,254,254,270,720,749,674,688,700,803,803,803,823,823,823,834,834,834,834,834],"floor_reached":27,"playtime":1898,"items_purged":[],"score":213,"play_id":"3928c88b-455b-4f43-82b9-45618e398a61","local_time":"20201222172746","is_ascension_mode":false,"campfire_choices":[{"floor":6,"key":"REST"},{"data":"champ:BerserkerStyle","floor":15,"key":"SMITH"},{"floor":20,"key":"DIG"}],"circlet_count":0,"master_deck":["champ:Strike","champ:Strike","champ:Strike","champ:Defend","champ:Defend","champ:Defend","champ:Execute","champ:Taunt","champ:GutPunch","champ:FaceSlap","champ:RecklessLeap","champ:ViciousMockery","champ:BerserkerStyle+1","champ:Aggression","Slimebound:Icky","Slimebound:Icky","Slimebound:Icky","champ:DefensiveShout","champ:FocusedDefense","champ:Backstep","champ:StanceDance","champ:HoldFirm","champ:DeathBlow","champ:FanOfKnives","champ:ArenaPreparation"],"relics":["champ:ChampionCrown","Calipers","downfall:ShatteredFragment","WristBlade","Guardian:PocketSentry","Replay:PocketPolymizer","downfall:HeartBlessingGreen","Replay:Grab Bag","Philosopher\u0027s Stone","ReplayTheSpireMod:DimensionalGlitch","Black Star","Ring of Chaos","Iron Hammer","Enchiridion"],"acts_visited":["Exordium","TheCity"],"potions_floor_usage":[4,14,14,14,14,14,18],"damage_taken":[{"damage":5,"enemies":"2 Louse","floor":2,"turns":3},{"damage":31,"enemies":"2 Louse","floor":4,"turns":5},{"damage":5,"enemies":"Jaw Worm","floor":5,"turns":1},{"damage":0,"enemies":"Small Slimes","floor":8,"turns":2},{"damage":0,"enemies":"Exordium Wildlife","floor":9,"turns":3},{"damage":22,"enemies":"Large Slime","floor":12,"turns":3},{"damage":28,"enemies":"Lagavulin","floor":14,"turns":5},{"damage":14,"enemies":"Gremlin Gang","floor":16,"turns":3},{"damage":11,"enemies":"3 Louse","floor":17,"turns":2},{"damage":49,"enemies":"downfall:Defect","floor":18,"turns":4},{"damage":44,"enemies":"Shell Parasite","floor":21,"turns":3},{"damage":3,"enemies":"3 Byrds","floor":24,"turns":2},{"damage":34,"enemies":"Replay:Snechameleon","floor":27,"turns":1}],"seed_played":"5077784227200382424","potions_obtained":[{"floor":1,"key":"Fire Potion"},{"floor":1,"key":"EntropicBrew"},{"floor":2,"key":"GamblersBrew"},{"floor":5,"key":"FearPotion"},{"floor":12,"key":"Regen Potion"},{"floor":18,"key":"SteroidPotion"},{"floor":21,"key":"Swift Potion"},{"floor":24,"key":"SteroidPotion"}],"is_trial":false,"path_per_floor":["R","M","?","?","M","R","T","M","M","PTL","PTL","M","?","E","R","M","M","B",null,"R","M","PTL","PTL","M","?","?","E"],"character_chosen":"THE_CHAMP","items_purchased":[],"campfire_rested":1,"item_purchase_floors":[],"current_hp_per_floor":[90,90,63,43,43,70,70,70,70,70,70,70,70,79,79,73,67,51,90,90,60,60,60,58,34,34,0,0],"gold":834,"neow_bonus":"ONE_RARE_RELIC","is_daily":false,"chose_seed":false,"campfire_upgraded":1,"win_rate":0.0,"timestamp":1608654466,"path_taken":["R","M","?","?","M","R","T","M","M","PTL","PTL","M","?","E","R","M","M","BOSS","R","M","PTL","PTL","M","?","?","E"],"items_purchased_type":[],"build_version":"2020-12-13","purchased_purges":0,"victory":false,"max_hp_per_floor":[90,90,90,90,90,90,90,90,90,90,90,90,90,90,90,90,90,90,90,90,90,90,90,90,90,90,90,90],"card_choices":[{"not_picked":["champ:DefensiveShout","champ:CrookedStrike"],"picked":"champ:GutPunch","floor":2},{"not_picked":["champ:FightOn","champ:BladeFlurry"],"picked":"champ:FaceSlap","floor":4},{"not_picked":["champ:FanOfKnives","champ:FightOn"],"picked":"champ:RecklessLeap","floor":5},{"not_picked":["champ:Haymaker","champ:TornadoPunch"],"picked":"champ:ViciousMockery","floor":8},{"not_picked":["champ:FaceSlap","champ:AdrenalArmor"],"picked":"champ:BerserkerStyle","floor":9},{"not_picked":["champ:BladeFlurry","champ:SkillfulDodge"],"picked":"champ:Aggression","floor":12},{"not_picked":["champ:Haymaker","champ:Encircle"],"picked":"champ:DefensiveShout","floor":14},{"not_picked":["champ:AdrenalArmor","champ:FanOfKnives"],"picked":"champ:Backstep","floor":16},{"not_picked":["champ:BladeFlurry","champ:TornadoPunch"],"picked":"champ:StanceDance","floor":17},{"not_picked":["champ:CheapShot","champ:PerfectForm"],"picked":"champ:HoldFirm","floor":18},{"not_picked":["champ:Riposte","champ:RisingSlash"],"picked":"champ:FanOfKnives","floor":21},{"not_picked":["champ:CrookedStrike","champ:Backstep"],"picked":"champ:ArenaPreparation","floor":24}],"player_experience":716402,"relics_obtained":[{"floor":4,"key":"WristBlade"},{"floor":7,"key":"Guardian:PocketSentry"},{"floor":14,"key":"Replay:PocketPolymizer"},{"floor":20,"key":"Iron Hammer"},{"floor":25,"key":"Enchiridion"}],"event_choices":[],"is_beta":false,"boss_relics":[{"not_picked":["Honey Jar","Replay:Bronze Core"],"picked":"Replay:Grab Bag"},{"not_picked":["Fusion Hammer","ChewingGum"],"picked":"Philosopher\u0027s Stone"},{"not_picked":["Painkiller Herb","Runic Dome"],"picked":"ReplayTheSpireMod:DimensionalGlitch"},{"not_picked":["Kintsugi","Runic Pyramid"],"picked":"Black Star"},{"not_picked":["Pandora\u0027s Box","Snecko Eye"],"picked":"Ring of Chaos"}],"items_purged_floors":[],"is_endless":false,"potions_floor_spawned":[2,5,9,12,18,21,24],"killed_by":"Replay:Snechameleon","ascension_level":0}}