{"host":"i09pxcjttd31eh4q","time":1608633292,"event":{"mods":["AchievementEnabler","BaseMod","Colored Map","Keyboard Shortcuts","Minty Spire (QoL Compilation)","StSLib","SuperFastMode"],"gold_per_floor":[119,119,119,194,209,239,239,251,251,351,362,377,73,91,91,192,192,208,222,239,251,263,263,39,39,86,86,98,129,129,129,129,226,226,226],"floor_reached":34,"playtime":838,"items_purged":["Strike_R"],"score":374,"play_id":"561a426d-86ce-4819-ac1d-e2e77166b7d6","local_time":"20201222193452","is_ascension_mode":false,"campfire_choices":[{"data":"Evolve","floor":7.0,"key":"SMITH"},{"data":"Blood for Blood","floor":15.0,"key":"SMITH"},{"data":"Fire Breathing","floor":23.0,"key":"SMITH"},{"data":"Immolate","floor":25.0,"key":"SMITH"},{"data":"Power Through","floor":27.0,"key":"SMITH"},{"data":"True Grit","floor":30.0,"key":"SMITH"},{"data":"Pummel","floor":32,"key":"SMITH"}],"circlet_count":0,"master_deck":["Strike_R","Strike_R","Strike_R","Defend_R","Defend_R","Defend_R","Defend_R","Bash","Ghostly Armor","Pummel+1","Evolve+1","Power Through+1","Shrug It Off","Blood for Blood+1","Immolate+1","Shrug It Off","Fire Breathing+1","True Grit+1","Feed","CurseOfTheBell"],"relics":["Burning Blood","Sundial","Nunchaku","Blood Vial","TheAbacus","Tiny Chest","Mark of Pain","Potion Belt","Toy Ornithopter","Magic Flower","Calling Bell","Art of War","StrikeDummy","Bird Faced Urn"],"acts_visited":["Exordium","TheCity","TheBeyond"],"potions_floor_usage":[],"damage_taken":[{"damage":0.0,"enemies":"2 Louse","floor":1.0,"turns":4.0},{"damage":3.0,"enemies":"Jaw Worm","floor":5.0,"turns":5.0},{"damage":11.0,"enemies":"Gremlin Nob","floor":6.0,"turns":4.0},{"damage":6.0,"enemies":"Cultist","floor":8.0,"turns":5.0},{"damage":11.0,"enemies":"Lots of Slimes","floor":11.0,"turns":8.0},{"damage":0.0,"enemies":"Large Slime","floor":12.0,"turns":7.0},{"damage":5.0,"enemies":"Looter","floor":14.0,"turns":5.0},{"damage":10.0,"enemies":"Slime Boss","floor":16.0,"turns":10.0},{"damage":6.0,"enemies":"Shell Parasite","floor":18.0,"turns":4.0},{"damage":0.0,"enemies":"Chosen","floor":19.0,"turns":3.0},{"damage":24.0,"enemies":"Shelled Parasite and Fungi","floor":20.0,"turns":5.0},{"damage":3.0,"enemies":"3 Cultists","floor":21.0,"turns":4.0},{"damage":18.0,"enemies":"Snecko","floor":22.0,"turns":4.0},{"damage":16.0,"enemies":"Snake Plant","floor":28.0,"turns":3.0},{"damage":7.0,"enemies":"Gremlin Leader","floor":29.0,"turns":6.0},{"damage":33,"enemies":"Automaton","floor":33,"turns":12}],"seed_played":"-5985525757693838254","potions_obtained":[{"floor":1.0,"key":"SteroidPotion"},{"floor":6.0,"key":"SteroidPotion"},{"floor":11.0,"key":"BlessingOfTheForge"},{"floor":14.0,"key":"BloodPotion"},{"floor":18.0,"key":"AttackPotion"},{"floor":20.0,"key":"GamblersBrew"},{"floor":33,"key":"Energy Potion"}],"is_trial":false,"path_per_floor":["M","?","?","?","M","E","R","M","T","?","M","M","$","M","R","B",null,"M","M","M","M","M","R","$","R","T","R","M","E","R","?","R","B",null],"character_chosen":"IRONCLAD","items_purchased":["TheAbacus","Tiny Chest","Potion Belt"],"campfire_rested":0,"item_purchase_floors":[13,13,24],"current_hp_per_floor":[80,68,68,57,60,55,55,55,55,55,52,60,60,63,63,61,80,80,80,78,80,68,68,68,68,68,68,60,66,66,80,80,56,80,80],"gold":226,"neow_bonus":"TRANSFORM_CARD","is_daily":false,"chose_seed":false,"campfire_upgraded":7,"win_rate":0.0,"timestamp":1608633292,"path_taken":["M","?","?","?","M","E","R","?","T","?","M","?","?","M","R","BOSS","M","M","M","M","M","R","$","R","T","R","M","E","R","?","R","BOSS"],"items_purchased_type":["Relic","Relic","Relic"],"build_version":"2020-12-13","purchased_purges":1,"victory":false,"max_hp_per_floor":[80,80,80,80,80,80,80,80,80,80,80,80,80,80,80,80,80,80,80,80,80,80,80,80,80,80,80,80,80,80,80,80,80,80,80],"card_choices":[{"not_picked":["Cleave","Rage"],"picked":"Pummel","floor":1.0},{"not_picked":["Dark Embrace","Infernal Blade"],"picked":"Evolve","floor":5.0},{"not_picked":["Second Wind","Shockwave"],"picked":"Power Through","floor":6.0},{"not_picked":["Searing Blow","Bloodletting"],"picked":"Shrug It Off","floor":8.0},{"not_picked":["Flex","Clash","Perfected Strike"],"picked":"SKIP","floor":11.0},{"not_picked":["Flame Barrier","Power Through","Evolve"],"picked":"SKIP","floor":12.0},{"not_picked":["Second Wind","Shockwave"],"picked":"Blood for Blood","floor":14.0},{"not_picked":["Bludgeon","Reaper"],"picked":"Immolate","floor":16.0},{"not_picked":["Clothesline","Metallicize","Armaments"],"picked":"SKIP","floor":18.0},{"not_picked":["Twin Strike","Body Slam"],"picked":"Shrug It Off","floor":19.0},{"not_picked":["Armaments+1","Anger+1"],"picked":"Fire Breathing","floor":20.0},{"not_picked":["Thunderclap","Flame Barrier+1","Infernal Blade+1"],"picked":"SKIP","floor":21.0},{"not_picked":["Combust","Searing Blow+1","Flex"],"picked":"SKIP","floor":22.0},{"not_picked":["Disarm","Havoc"],"picked":"True Grit","floor":28.0},{"not_picked":["Brutality","Combust","Sentinel+1"],"picked":"SKIP","floor":29.0},{"not_picked":["Demon Form","Limit Break"],"picked":"Feed","floor":33}],"player_experience":753112,"relics_obtained":[{"floor":6.0,"key":"Nunchaku"},{"floor":9.0,"key":"Blood Vial"},{"floor":26.0,"key":"Toy Ornithopter"},{"floor":29.0,"key":"Magic Flower"},{"floor":34,"key":"Art of War"},{"floor":34,"key":"StrikeDummy"},{"floor":34,"key":"Bird Faced Urn"}],"event_choices":[{"damage_healed":0.0,"max_hp_gain":0.0,"max_hp_loss":0.0,"gold_gain":0.0,"event_name":"Scrap Ooze","player_choice":"Success","floor":2.0,"gold_loss":0.0,"damage_taken":12.0,"relics_obtained":["Sundial"]},{"damage_healed":0.0,"max_hp_gain":0.0,"max_hp_loss":0.0,"gold_gain":0.0,"event_name":"Liars Game","player_choice":"Ignored","floor":3.0,"gold_loss":0.0,"damage_taken":0.0},{"damage_healed":0.0,"max_hp_gain":0.0,"max_hp_loss":0.0,"gold_gain":75.0,"event_name":"World of Goop","player_choice":"Gather Gold","floor":4.0,"gold_loss":0.0,"damage_taken":11.0},{"damage_healed":0.0,"max_hp_gain":0.0,"max_hp_loss":0.0,"gold_gain":100.0,"event_name":"Golden Shrine","player_choice":"Pray","floor":10.0,"gold_loss":0.0,"damage_taken":0.0},{"damage_healed":26,"gold_gain":0,"player_choice":"Heal","damage_taken":0,"max_hp_gain":0,"max_hp_loss":0,"event_name":"The Library","floor":31,"gold_loss":0}],"is_beta":false,"boss_relics":[{"not_picked":["Philosopher\u0027s Stone","Coffee Dripper"],"picked":"Mark of Pain"},{"not_picked":["Runic Pyramid","Runic Cube"],"picked":"Calling Bell"}],"items_purged_floors":[24],"is_endless":false,"potions_floor_spawned":[1,6,11,14,18,20,33],"ascension_level":0}}