{"host":"Aysed","time":1608633862,"event":{"mods":["AchievementEnabler","BaseMod","Colored Powertips","Faster Ascension Climbing","Minty Spire (QoL Compilation)","Quick Restart","StSLib","SuperFastMode"],"gold_per_floor":[114,114,114,189,206,206,232,259,259,274,289,289,289,307,307,307,307],"floor_reached":16,"playtime":184,"items_purged":[],"score":125,"play_id":"eeaaf4f1-bb9e-4900-a33c-5e6ee933cf97","local_time":"20201222114422","is_ascension_mode":false,"campfire_choices":[{"data":"Neutralize","floor":6,"key":"SMITH"},{"data":"Defend_G","floor":13,"key":"SMITH"},{"data":"Defend_G","floor":15,"key":"SMITH"}],"circlet_count":0,"master_deck":["Strike_G+1","Strike_G","Strike_G","Strike_G","Defend_G+1","Defend_G+1","Defend_G","Defend_G","Defend_G+1","Survivor","Neutralize+1","Backflip+1","Deadly Poison+1","Backflip+1"],"relics":["Ring of the Snake","NeowsBlessing","Toxic Egg 2","Omamori","Blood Vial"],"acts_visited":["Exordium"],"potions_floor_usage":[],"damage_taken":[{"damage":0,"enemies":"2 Louse","floor":1,"turns":1},{"damage":0,"enemies":"Jaw Worm","floor":5,"turns":1},{"damage":0,"enemies":"Lagavulin","floor":7,"turns":1},{"damage":0,"enemies":"Cultist","floor":10,"turns":4},{"damage":0,"enemies":"2 Fungi Beasts","floor":11,"turns":4},{"damage":19,"enemies":"Exordium Thugs","floor":14,"turns":7},{"damage":0,"enemies":"The Guardian","floor":16,"turns":1}],"seed_played":"99525033798361322","potions_obtained":[{"floor":5,"key":"Dexterity Potion"},{"floor":10,"key":"DistilledChaos"},{"floor":14,"key":"DistilledChaos"}],"is_trial":false,"path_per_floor":["M","?","?","?","M","R","E","T","T","M","M","?","R","M","R","B"],"character_chosen":"THE_SILENT","items_purchased":[],"campfire_rested":0,"item_purchase_floors":[],"current_hp_per_floor":[70,70,56,45,45,45,45,45,45,47,49,49,49,32,32,34,34],"gold":307,"neow_bonus":"THREE_ENEMY_KILL","is_daily":false,"chose_seed":false,"campfire_upgraded":3,"win_rate":0.0,"timestamp":1608633862,"path_taken":["M","?","?","?","M","R","E","?","T","?","M","?","R","M","R","BOSS"],"items_purchased_type":[],"build_version":"2020-12-18","purchased_purges":0,"victory":false,"max_hp_per_floor":[70,70,70,70,70,70,70,70,70,70,70,70,70,70,70,70,70],"card_choices":[{"not_picked":["Dagger Throw","Eviscerate"],"picked":"Backflip","floor":1},{"not_picked":["Distraction","Slice","Flying Knee"],"picked":"SKIP","floor":5},{"not_picked":["All Out Attack","Outmaneuver+1"],"picked":"Deadly Poison+1","floor":7},{"not_picked":["Expertise+1","Caltrops","Dagger Throw"],"picked":"SKIP","floor":10},{"not_picked":["Blade Dance+1","Flying Knee"],"picked":"Backflip+1","floor":11},{"not_picked":["Heel Hook","Reflex+1","Bane"],"picked":"SKIP","floor":14}],"player_experience":43794,"relics_obtained":[{"floor":7,"key":"Toxic Egg 2"},{"floor":8,"key":"Omamori"},{"floor":9,"key":"Blood Vial"}],"event_choices":[{"cards_removed":["Strike_G"],"damage_healed":0,"gold_gain":0,"player_choice":"Forget","damage_taken":0,"max_hp_gain":0,"max_hp_loss":0,"event_name":"Living Wall","floor":2,"gold_loss":0},{"damage_healed":0,"gold_gain":0,"player_choice":"Entered Light","damage_taken":14,"max_hp_gain":0,"max_hp_loss":0,"event_name":"Shining Light","floor":3,"gold_loss":0,"cards_upgraded":["Defend_G","Strike_G"]},{"damage_healed":0,"gold_gain":75,"player_choice":"Gather Gold","damage_taken":11,"max_hp_gain":0,"max_hp_loss":0,"event_name":"World of Goop","floor":4,"gold_loss":0},{"damage_healed":0,"gold_gain":0,"player_choice":"Upgraded","damage_taken":0,"max_hp_gain":0,"max_hp_loss":0,"event_name":"Upgrade Shrine","floor":12,"gold_loss":0,"cards_upgraded":["Backflip"]}],"is_beta":true,"boss_relics":[],"items_purged_floors":[],"is_endless":false,"potions_floor_spawned":[5,10,14],"killed_by":"The Guardian","ascension_level":0}}