{"host":"lhth1efayex2023z","time":1608619002,"event":{"mods":["BaseMod","Colored Map","Googly Eyes","Minty Spire (QoL Compilation)","StSLib"],"gold_per_floor":[116,116,116,116,135,166,166,205,260,299,323,338,354,394,394,513,513,533,553,652,670,684,684,684],"floor_reached":23,"playtime":1177,"items_purged":[],"score":397,"play_id":"9bf32609-2173-4964-b2e9-fb4ecbc92543","local_time":"20201221233642","is_ascension_mode":true,"campfire_choices":[{"data":"Zap","floor":7.0,"key":"SMITH"},{"floor":15.0,"key":"REST"}],"circlet_count":0,"master_deck":["AscendersBane","Strike_B","Strike_B","Strike_B+1","Strike_B","Defend_B","Defend_B+1","Defend_B","Defend_B","Zap+1","Dualcast","Injury","Glacier","Electrodynamics","Defragment","Leap","Redo","Buffer","CurseOfTheBell","Tempest+1","Static Discharge","Thunder Strike"],"relics":["Cracked Core","NeowsBlessing","Golden Idol","Lantern","HornCleat","Pantograph","Nunchaku","Bottled Lightning","Anchor","Calling Bell","Bag of Preparation","Toxic Egg 2","Dead Branch"],"acts_visited":["Exordium","TheCity"],"potions_floor_usage":[23],"damage_taken":[{"damage":0.0,"enemies":"Small Slimes","floor":1.0,"turns":1.0},{"damage":0.0,"enemies":"Jaw Worm","floor":5.0,"turns":1.0},{"damage":0.0,"enemies":"3 Sentries","floor":6.0,"turns":1.0},{"damage":8.0,"enemies":"Gremlin Nob","floor":8.0,"turns":4.0},{"damage":16.0,"enemies":"Lagavulin","floor":10.0,"turns":9.0},{"damage":0.0,"enemies":"2 Louse","floor":11.0,"turns":2.0},{"damage":0.0,"enemies":"Exordium Wildlife","floor":12.0,"turns":2.0},{"damage":0.0,"enemies":"3 Louse","floor":13.0,"turns":1.0},{"damage":10.0,"enemies":"Gremlin Nob","floor":14.0,"turns":5.0},{"damage":27.0,"enemies":"The Guardian","floor":16.0,"turns":18.0},{"damage":1.0,"enemies":"2 Thieves","floor":18.0,"turns":4.0},{"damage":22.0,"enemies":"Spheric Guardian","floor":19.0,"turns":4.0},{"damage":1.0,"enemies":"Snecko","floor":21.0,"turns":5.0},{"damage":14.0,"enemies":"Centurion and Healer","floor":22.0,"turns":5.0},{"damage":30,"enemies":"Gremlin Leader","floor":23,"turns":6}],"seed_played":"2848671227934059770","potions_obtained":[{"floor":5.0,"key":"SpeedPotion"},{"floor":8.0,"key":"LiquidMemories"},{"floor":13.0,"key":"DistilledChaos"},{"floor":16.0,"key":"Swift Potion"},{"floor":18.0,"key":"SteroidPotion"},{"floor":21.0,"key":"Energy Potion"}],"is_trial":false,"path_per_floor":["M","?","?","?","M","E","R","E","T","E","M","M","M","E","R","B",null,"M","M","?","M","M","E"],"character_chosen":"DEFECT","items_purchased":[],"campfire_rested":1,"item_purchase_floors":[],"current_hp_per_floor":[68,68,53,41,41,41,41,33,33,17,17,17,17,7,29,27,63,62,40,40,39,25,0,0],"gold":684,"neow_bonus":"THREE_ENEMY_KILL","is_daily":false,"chose_seed":false,"campfire_upgraded":1,"win_rate":0.0,"timestamp":1608619002,"path_taken":["M","?","?","?","M","E","R","E","T","E","M","?","M","E","R","BOSS","M","M","?","M","M","E"],"items_purchased_type":[],"build_version":"2020-12-13","purchased_purges":0,"victory":false,"max_hp_per_floor":[75,75,75,75,75,75,75,75,75,75,75,75,75,75,75,75,75,75,75,75,75,75,75,75],"card_choices":[{"not_picked":["Beam Cell","Sweeping Beam","Steam"],"picked":"SKIP","floor":1.0},{"not_picked":["Auto Shields","Ball Lightning"],"picked":"Glacier","floor":5.0},{"not_picked":["Reprogram","Sunder"],"picked":"Electrodynamics","floor":6.0},{"not_picked":["Compile Driver","Streamline","Reprogram"],"picked":"SKIP","floor":8.0},{"not_picked":["Sunder","Electrodynamics"],"picked":"Defragment","floor":10.0},{"not_picked":["Stack","Undo"],"picked":"Leap","floor":11.0},{"not_picked":["Reinforced Body","Steam","Ball Lightning"],"picked":"SKIP","floor":12.0},{"not_picked":["Auto Shields","Reinforced Body"],"picked":"Redo","floor":13.0},{"not_picked":["Steam Power","Rebound","Gash"],"picked":"SKIP","floor":14.0},{"not_picked":["Reboot","Electrodynamics"],"picked":"Buffer","floor":16.0},{"not_picked":["Sweeping Beam","Streamline"],"picked":"Tempest+1","floor":18.0},{"not_picked":["Cold Snap","Conserve Battery+1"],"picked":"Static Discharge","floor":19.0},{"not_picked":["Beam Cell","Leap+1"],"picked":"Thunder Strike","floor":21.0},{"not_picked":["Leap+1","Beam Cell","Compile Driver"],"picked":"SKIP","floor":22.0}],"player_experience":383348,"relics_obtained":[{"floor":6.0,"key":"HornCleat"},{"floor":8.0,"key":"Pantograph"},{"floor":9.0,"key":"Nunchaku"},{"floor":10.0,"key":"Bottled Lightning"},{"floor":14.0,"key":"Anchor"},{"floor":17.0,"key":"Bag of Preparation"},{"floor":17.0,"key":"Toxic Egg 2"},{"floor":17.0,"key":"Dead Branch"}],"event_choices":[{"damage_healed":0.0,"max_hp_gain":0.0,"max_hp_loss":0.0,"gold_gain":0.0,"event_name":"Golden Idol","player_choice":"Take Wound","floor":2.0,"gold_loss":0.0,"damage_taken":0.0,"relics_obtained":["Golden Idol"],"cards_obtained":["Injury"]},{"damage_healed":0.0,"max_hp_gain":0.0,"max_hp_loss":0.0,"gold_gain":0.0,"event_name":"Shining Light","player_choice":"Entered Light","floor":3.0,"gold_loss":0.0,"damage_taken":15.0,"cards_upgraded":["Defend_B","Strike_B"]},{"damage_healed":0.0,"max_hp_gain":0.0,"max_hp_loss":0.0,"gold_gain":0.0,"event_name":"Scrap Ooze","player_choice":"Success","floor":4.0,"gold_loss":0.0,"damage_taken":12.0,"relics_obtained":["Lantern"]},{"damage_healed":0.0,"max_hp_gain":0.0,"max_hp_loss":0.0,"gold_gain":99.0,"event_name":"Nest","player_choice":"Stole From Cult","floor":20.0,"gold_loss":0.0,"damage_taken":0.0}],"is_beta":false,"boss_relics":[{"not_picked":["Empty Cage","Astrolabe"],"picked":"Calling Bell"}],"items_purged_floors":[],"is_endless":false,"potions_floor_spawned":[5,8,11,13,16,18,21],"killed_by":"Gremlin Leader","ascension_level":12}}