{"host":"kpyoctgc7jne3jiy","time":1608645438,"event":{"mods":["AchievementEnabler","BaseMod","Minty Spire (QoL Compilation)"],"gold_per_floor":[115,6,21,21,21,21,54,66,89,108,108,124,124,155,155,258,258,274,274,274,287,297,297,308,408,408,408,439,453,453,23,23,122,122,134,154,169,97,97,97,115,134,134,134,134],"floor_reached":44,"playtime":2355,"items_purged":["Defend_G"],"score":581,"play_id":"78ada3af-d70e-4ec7-b3a5-7624f85ff5f5","local_time":"20201222145718","is_ascension_mode":true,"campfire_choices":[{"data":"Neutralize","floor":6.0,"key":"SMITH"},{"data":"Crippling Poison","floor":11.0,"key":"SMITH"},{"data":"Catalyst","floor":13.0,"key":"SMITH"},{"data":"Survivor","floor":15.0,"key":"SMITH"},{"data":"RitualDagger","floor":23.0,"key":"SMITH"},{"data":"Noxious Fumes","floor":27.0,"key":"SMITH"},{"data":"PiercingWail","floor":30.0,"key":"SMITH"},{"data":"Envenom","floor":32.0,"key":"SMITH"},{"data":"Footwork","floor":40.0,"key":"SMITH"}],"circlet_count":0,"master_deck":["Strike_G+1","Strike_G+1","Strike_G+1","Strike_G+1","Defend_G+1","Defend_G+1","Defend_G+1","Survivor+1","Neutralize+1","Leg Sweep","Catalyst+1","PiercingWail+1","Flying Knee","Crippling Poison+1","PiercingWail","Caltrops","Acrobatics","Unload","Caltrops+1","RitualDagger+1","Quick Slash","Bane","Noxious Fumes+1","Envenom+1","PiercingWail+1","Die Die Die","Predator+1","Footwork+1","Deflect+1"],"relics":["Ring of the Snake","War Paint","Omamori","Happy Flower","SlaversCollar","Eternal Feather","Orichalcum","Oddly Smooth Stone","HornCleat","SacredBark","CeramicFish"],"acts_visited":["Exordium","TheCity","TheBeyond"],"potions_floor_usage":[44,44],"damage_taken":[{"damage":1.0,"enemies":"Small Slimes","floor":1.0,"turns":4.0},{"damage":3.0,"enemies":"Jaw Worm","floor":3.0,"turns":6.0},{"damage":28.0,"enemies":"Gremlin Nob","floor":7.0,"turns":6.0},{"damage":0.0,"enemies":"Cultist","floor":8.0,"turns":5.0},{"damage":5.0,"enemies":"Looter","floor":10.0,"turns":5.0},{"damage":0.0,"enemies":"2 Fungi Beasts","floor":12.0,"turns":3.0},{"damage":19.0,"enemies":"Lagavulin","floor":14.0,"turns":6.0},{"damage":19.0,"enemies":"The Guardian","floor":16.0,"turns":13.0},{"damage":6.0,"enemies":"2 Thieves","floor":18.0,"turns":4.0},{"damage":0.0,"enemies":"Spheric Guardian","floor":21.0,"turns":6.0},{"damage":2.0,"enemies":"Centurion and Healer","floor":22.0,"turns":6.0},{"damage":3.0,"enemies":"Snake Plant","floor":24.0,"turns":4.0},{"damage":3.0,"enemies":"Gremlin Leader","floor":28.0,"turns":5.0},{"damage":14.0,"enemies":"Shelled Parasite and Fungi","floor":29.0,"turns":6.0},{"damage":8.0,"enemies":"Collector","floor":33.0,"turns":7.0},{"damage":0.0,"enemies":"3 Darklings","floor":35.0,"turns":5.0},{"damage":0.0,"enemies":"Orb Walker","floor":36.0,"turns":4.0},{"damage":1.0,"enemies":"Jaw Worm Horde","floor":37.0,"turns":4.0},{"damage":15.0,"enemies":"Sphere and 2 Shapes","floor":41.0,"turns":7.0},{"damage":6.0,"enemies":"3 Darklings","floor":42.0,"turns":5.0},{"damage":54,"enemies":"Giant Head","floor":44,"turns":9}],"seed_played":"3122875119241825411","potions_obtained":[{"floor":0.0,"key":"Fruit Juice"},{"floor":0.0,"key":"Energy Potion"},{"floor":0.0,"key":"Regen Potion"},{"floor":1.0,"key":"Energy Potion"},{"floor":7.0,"key":"SkillPotion"},{"floor":14.0,"key":"Ancient Potion"},{"floor":18.0,"key":"Explosive Potion"},{"floor":24.0,"key":"EssenceOfSteel"},{"floor":33.0,"key":"Strength Potion"},{"floor":36.0,"key":"Swift Potion"},{"floor":41.0,"key":"LiquidBronze"},{"floor":42.0,"key":"BlessingOfTheForge"}],"is_trial":false,"path_per_floor":["M","$","M","?","?","R","E","M","T","M","R","M","R","E","R","B",null,"M","?","?","M","M","R","M","?","T","R","E","M","R","$","R","B",null,"M","M","M","$","?","R","M","M","T","E"],"character_chosen":"THE_SILENT","items_purchased":["Catalyst","Oddly Smooth Stone","HornCleat","PowerPotion","Footwork"],"campfire_rested":0,"item_purchase_floors":[2,31,31,31,38],"current_hp_per_floor":[74,74,71,64,64,64,36,36,36,31,31,31,31,27,27,8,58,52,46,46,46,44,44,41,41,41,53,50,36,51,51,66,58,71,71,71,70,70,70,75,60,54,54,0,0],"gold":134,"neow_bonus":"THREE_SMALL_POTIONS","is_daily":false,"chose_seed":false,"campfire_upgraded":9,"win_rate":0.0,"timestamp":1608645438,"path_taken":["M","$","M","?","?","R","E","M","T","?","R","M","R","E","R","BOSS","M","?","?","M","M","R","M","?","T","R","E","M","R","$","R","BOSS","M","M","?","$","?","R","M","M","T","E"],"items_purchased_type":["Card","Relic","Relic","Potion","Card"],"build_version":"2020-12-13","purchased_purges":1,"victory":false,"max_hp_per_floor":[75,75,75,75,75,75,75,75,75,75,75,75,75,75,75,75,75,75,75,75,75,75,75,75,75,75,75,75,75,75,75,75,75,75,75,75,75,75,75,75,75,75,75,75,75],"card_choices":[{"not_picked":["Finisher","Dash"],"picked":"Leg Sweep","floor":1.0},{"not_picked":["Dagger Spray","Dodge and Roll"],"picked":"PiercingWail","floor":3.0},{"not_picked":["Flying Knee","Deflect","Slice"],"picked":"SKIP","floor":7.0},{"not_picked":["Deflect","Sucker Punch"],"picked":"Crippling Poison","floor":8.0},{"not_picked":["Concentrate","After Image"],"picked":"PiercingWail","floor":10.0},{"not_picked":["Slice","Flying Knee"],"picked":"Caltrops","floor":12.0},{"not_picked":["PiercingWail","Riddle With Holes"],"picked":"Acrobatics","floor":14.0},{"not_picked":["Doppelganger","Storm of Steel"],"picked":"Unload","floor":16.0},{"not_picked":["Underhanded Strike","Slice"],"picked":"Caltrops+1","floor":18.0},{"not_picked":["Accuracy","PiercingWail"],"picked":"Quick Slash","floor":21.0},{"not_picked":["Prepared","Flechettes+1"],"picked":"Bane","floor":22.0},{"not_picked":["Endless Agony","Well Laid Plans"],"picked":"Noxious Fumes","floor":24.0},{"not_picked":["Quick Slash","Deflect+1"],"picked":"Envenom","floor":28.0},{"not_picked":["Outmaneuver","Blade Dance"],"picked":"PiercingWail","floor":29.0},{"not_picked":["Malaise","Unload"],"picked":"Die Die Die","floor":33.0},{"not_picked":["Acrobatics","Prepared+1"],"picked":"Predator+1","floor":35.0},{"not_picked":["Accuracy+1","Endless Agony+1","PiercingWail"],"picked":"SKIP","floor":36.0},{"not_picked":["Outmaneuver+1","Prepared+1"],"picked":"Poisoned Stab","floor":37.0},{"not_picked":["Crippling Poison","Blade Dance","Masterful Stab+1"],"picked":"SKIP","floor":41.0},{"not_picked":["Deadly Poison","Prepared+1"],"picked":"Deflect+1","floor":42.0}],"player_experience":237855,"relics_obtained":[{"floor":7.0,"key":"War Paint"},{"floor":9.0,"key":"Omamori"},{"floor":14.0,"key":"Happy Flower"},{"floor":26.0,"key":"Eternal Feather"},{"floor":28.0,"key":"Orichalcum"},{"floor":43.0,"key":"CeramicFish"}],"event_choices":[{"cards_removed":["Strike_G"],"damage_healed":0.0,"max_hp_gain":0.0,"max_hp_loss":0.0,"gold_gain":0.0,"event_name":"Golden Wing","player_choice":"Card Removal","floor":4.0,"gold_loss":0.0,"damage_taken":7.0},{"damage_healed":0.0,"max_hp_gain":0.0,"max_hp_loss":0.0,"gold_gain":0.0,"cards_transformed":["Defend_G"],"event_name":"Transmorgrifier","player_choice":"Transformed","floor":5.0,"gold_loss":0.0,"damage_taken":0.0,"cards_obtained":["Flying Knee"]},{"damage_healed":0.0,"max_hp_gain":0.0,"max_hp_loss":0.0,"gold_gain":0.0,"event_name":"Nest","player_choice":"Joined the Cult","floor":19.0,"gold_loss":0.0,"damage_taken":6.0,"cards_obtained":["RitualDagger"]},{"damage_healed":0.0,"max_hp_gain":0.0,"max_hp_loss":0.0,"gold_gain":0.0,"event_name":"Back to Basics","player_choice":"Simplicity","floor":20.0,"gold_loss":0.0,"damage_taken":0.0,"cards_upgraded":["Strike_G","Strike_G","Strike_G","Strike_G","Defend_G","Defend_G"]},{"damage_healed":0.0,"max_hp_gain":0.0,"max_hp_loss":0.0,"gold_gain":100.0,"event_name":"Golden Shrine","player_choice":"Pray","floor":25.0,"gold_loss":0.0,"damage_taken":0.0},{"cards_removed":["Poisoned Stab"],"damage_healed":0.0,"max_hp_gain":0.0,"max_hp_loss":0.0,"gold_gain":0.0,"event_name":"Falling","player_choice":"Removed Attack","floor":39.0,"gold_loss":0.0,"damage_taken":0.0}],"is_beta":false,"boss_relics":[{"not_picked":["Runic Dome","Ectoplasm"],"picked":"SlaversCollar"},{"not_picked":["Sozu","Tiny House"],"picked":"SacredBark"}],"items_purged_floors":[2],"is_endless":false,"potions_floor_spawned":[1,7,12,14,18,24,33,36,41,42],"killed_by":"Giant Head","ascension_level":5}}