{"host":"efbmiwe3kdtynlc6","time":1608637659,"event":{"mods":["BaseMod","Colored Map","Minty Spire (QoL Compilation)","Permanent Neow","Quick Restart","Rare Cards Sparkle","StSLib","SuperFastMode","UnlockEverythingMod","everything is the same but u backflip on backflip"],"gold_per_floor":[111,36,51,65,13,13,13,28,28,47,75,75,102,133,133,133,133],"floor_reached":16,"playtime":420,"items_purged":[],"score":220,"play_id":"98c7171f-757b-4427-9935-9f1922d6f9e6","local_time":"20201222204739","is_ascension_mode":true,"campfire_choices":[{"data":"Self Repair","floor":6.0,"key":"SMITH"},{"data":"Defragment","floor":12,"key":"SMITH"},{"data":"Go for the Eyes","floor":15,"key":"SMITH"}],"circlet_count":0,"master_deck":["AscendersBane","Strike_B","Strike_B","Defend_B+1","Defend_B+1","Defend_B","Defend_B","Zap","Dualcast","Electrodynamics","Self Repair+1","Defragment+1","Cold Snap","White Noise","Coolheaded","Go for the Eyes+1"],"relics":["Cracked Core","Girya","War Paint","Shovel"],"acts_visited":["Exordium"],"potions_floor_usage":[11,16],"damage_taken":[{"damage":2.0,"enemies":"Cultist","floor":1.0,"turns":4.0},{"damage":4.0,"enemies":"Jaw Worm","floor":3.0,"turns":4.0},{"damage":0.0,"enemies":"2 Louse","floor":4.0,"turns":1.0},{"damage":3.0,"enemies":"Looter","floor":8.0,"turns":4.0},{"damage":11.0,"enemies":"3 Louse","floor":10.0,"turns":3.0},{"damage":30,"enemies":"Gremlin Nob","floor":11,"turns":4},{"damage":16,"enemies":"3 Sentries","floor":14,"turns":5},{"damage":29,"enemies":"Hexaghost","floor":16,"turns":14}],"seed_played":"3754867714786168741","potions_obtained":[{"floor":3.0,"key":"Fruit Juice"},{"floor":8.0,"key":"Swift Potion"},{"floor":14,"key":"Ancient Potion"}],"is_trial":false,"path_per_floor":["M","?","M","M","$","R","?","M","T","M","E","R","T","E","R","B"],"character_chosen":"DEFECT","items_purchased":["Cold Snap"],"campfire_rested":0,"item_purchase_floors":[5],"current_hp_per_floor":[62,62,58,58,58,58,51,58,58,57,37,37,37,31,31,7,7],"gold":133,"neow_bonus":"ONE_RANDOM_RARE_CARD","is_daily":false,"chose_seed":false,"campfire_upgraded":3,"win_rate":0.0,"timestamp":1608637659,"path_taken":["M","?","M","M","?","R","?","M","T","M","E","R","?","E","R","BOSS"],"items_purchased_type":["Card"],"build_version":"2020-12-13","purchased_purges":0,"victory":false,"max_hp_per_floor":[71,71,71,71,71,71,71,71,71,71,71,71,71,71,71,76,76],"card_choices":[{"not_picked":["Redo","Rebound","Recycle"],"picked":"SKIP","floor":1.0},{"not_picked":["Hello World","Leap"],"picked":"Self Repair","floor":3.0},{"not_picked":["Self Repair","FTL"],"picked":"Defragment","floor":4.0},{"not_picked":["Barrage","Chill"],"picked":"White Noise","floor":8.0},{"not_picked":["Beam Cell","Tempest","Self Repair"],"picked":"SKIP","floor":10.0},{"not_picked":["Streamline","Recycle"],"picked":"Coolheaded","floor":11},{"not_picked":["Leap","Amplify"],"picked":"Go for the Eyes","floor":14}],"player_experience":323240,"relics_obtained":[{"floor":11,"key":"Girya"},{"floor":13,"key":"War Paint"},{"floor":14,"key":"Shovel"}],"event_choices":[{"cards_removed":["Strike_B"],"damage_healed":0.0,"max_hp_gain":0.0,"max_hp_loss":0.0,"gold_gain":0.0,"event_name":"The Cleric","player_choice":"Card Removal","floor":2.0,"gold_loss":75.0,"damage_taken":0.0},{"cards_removed":["Strike_B"],"damage_healed":0.0,"max_hp_gain":0.0,"max_hp_loss":0.0,"gold_gain":0.0,"event_name":"Golden Wing","player_choice":"Card Removal","floor":7.0,"gold_loss":0.0,"damage_taken":7.0}],"is_beta":false,"boss_relics":[],"items_purged_floors":[],"is_endless":false,"potions_floor_spawned":[3,8,14],"killed_by":"Hexaghost","ascension_level":20}}