{"host":"6vv0uythevi5qk1w","time":1608623587,"event":{"mods":["Act Like it!","BaseMod","Downfall","Gensokyo","Minty Spire (QoL Compilation)","Remilia£®¿Ÿ√◊¿Ú—«£©","Replay The Spire","StSLib"],"gold_per_floor":[116,158,168,187,137,167,167,200,200,220,251,251,251,277,277,379,379,390,401,401,45,55,85,85,118,145,145,159,185,185,185,185,287,287,300,300,314,332,359,359,359,359,359,390,58,76,76,94,94,94,94,94,25,53,53],"floor_reached":56,"playtime":4049,"items_purged":["Envy_TH","Spreading Infection"],"score":1654,"play_id":"9589da7a-049d-47c6-89e6-6bac05ef9e91","local_time":"20201222155307","is_ascension_mode":true,"campfire_choices":[{"data":"Neutralize","floor":7.0,"key":"SMITH"},{"data":"Acrobatics","floor":13.0,"key":"SMITH"},{"data":"Defend_G","floor":15.0,"key":"PURGE"},{"data":"Calculated Gamble","floor":24.0,"key":"SMITH"},{"data":"Terror","floor":27.0,"key":"SMITH"},{"data":"ReplayTheSpireMod:Scrap Shanks","floor":30.0,"key":"SMITH"},{"data":"Wraith Form v2","floor":32.0,"key":"SMITH"},{"data":"Tactician","floor":40.0,"key":"SMITH"},{"data":"Apotheosis","floor":42.0,"key":"SMITH"},{"floor":47.0,"key":"RECALL"},{"data":"Strike_G","floor":49.0,"key":"PURGE"},{"data":"Defend_G","floor":52,"key":"PURGE"}],"circlet_count":0,"master_deck":["Strike_G","Defend_G","Defend_G","Defend_G","Survivor","Neutralize+1","Riddle With Holes","Hidden Blade","All Out Attack","Underhanded Strike","Wraith Form v2+1","Terror+1","Acrobatics+1","ReplayTheSpireMod:Scrap Shanks","Blade Dance","Storm of Steel","Blade Dance","ReplayTheSpireMod:Scrap Shanks","ReplayTheSpireMod:Scrap Shanks+1","Calculated Gamble+1","Distraction","ReplayTheSpireMod:The Works","Bullet Time","Tactician+1","Acrobatics+1","Violence","Apotheosis+1","Replay:SS_hec_1","Prepared+1","Reflex","Setup+1","Calculated Gamble","ReplayUltimateDefense"],"relics":["Peace Pipe","Mango","Pear","The Courier","Turnip","Sizzling Blood","Tiny Chest","Snecko Scales","Tingsha","Blue Candle","Regal Pillow","Bag of Preparation","StoneCalendar","HoveringKite","Anchor","Centennial Puzzle","Orrery","Ornamental Fan","ReplayTheSpireMod:CursedCoin","Bottled Flame"],"acts_visited":["Exordium","TheCity","TheBeyond","TheEnding"],"potions_floor_usage":[55,55],"damage_taken":[{"damage":0.0,"enemies":"Cultist","floor":1.0,"turns":3.0},{"damage":0.0,"enemies":"2 Louse","floor":3.0,"turns":3.0},{"damage":1.0,"enemies":"Jaw Worm","floor":4.0,"turns":4.0},{"damage":2.0,"enemies":"3 Sentries","floor":6.0,"turns":6.0},{"damage":25.0,"enemies":"Lagavulin","floor":8.0,"turns":8.0},{"damage":1.0,"enemies":"2 Fungi Beasts","floor":10.0,"turns":2.0},{"damage":26.0,"enemies":"3 Sentries","floor":11.0,"turns":7.0},{"damage":12.0,"enemies":"Gremlin Nob","floor":14.0,"turns":3.0},{"damage":0.0,"enemies":"Slime Boss","floor":16.0,"turns":9.0},{"damage":20.0,"enemies":"2 Thieves","floor":18.0,"turns":3.0},{"damage":3.0,"enemies":"Spheric Guardian","floor":19.0,"turns":4.0},{"damage":14.0,"enemies":"Centurion and Healer","floor":22.0,"turns":2.0},{"damage":25.0,"enemies":"Book of Stabbing","floor":23.0,"turns":3.0},{"damage":4.0,"enemies":"Gremlin Leader","floor":25.0,"turns":2.0},{"damage":0.0,"enemies":"Snecko","floor":28.0,"turns":2.0},{"damage":3.0,"enemies":"Slavers","floor":29.0,"turns":3.0},{"damage":3.0,"enemies":"Collector","floor":33.0,"turns":4.0},{"damage":0.0,"enemies":"Orb Walker","floor":35.0,"turns":1.0},{"damage":1.0,"enemies":"3 Darklings","floor":37.0,"turns":2.0},{"damage":0.0,"enemies":"Spire Growth","floor":38.0,"turns":1.0},{"damage":0.0,"enemies":"Reptomancer","floor":44.0,"turns":2.0},{"damage":0.0,"enemies":"Writhing Mass","floor":46.0,"turns":3.0},{"damage":0.0,"enemies":"Sphere and 2 Shapes","floor":48.0,"turns":3.0},{"damage":31,"enemies":"Time Eater","floor":50,"turns":4},{"damage":0,"enemies":"Shield and Spear","floor":54,"turns":3},{"damage":19,"enemies":"The Heart","floor":55,"turns":4}],"seed_played":"6900486681668201129","potions_obtained":[{"floor":2.0,"key":"Ancient Potion"},{"floor":2.0,"key":"Fire Potion"},{"floor":2.0,"key":"GhostInAJar"},{"floor":3.0,"key":"Flashbang"},{"floor":6.0,"key":"Languid Potion"},{"floor":8.0,"key":"SpeedPotion"},{"floor":10.0,"key":"Weak Potion"},{"floor":23.0,"key":"Strength Potion"},{"floor":29.0,"key":"Energy Potion"},{"floor":33.0,"key":"SpeedPotion"},{"floor":35.0,"key":"champ:CounterPotion"},{"floor":38.0,"key":"Elixir"},{"floor":48.0,"key":"Venom Potion"}],"is_trial":false,"path_per_floor":["M","?","M","M","?","E","R","E","T","M","E","?","R","E","R","B",null,"M","M","?","$","M","E","R","E","T","R","M","E","R","?","R","B",null,"M","?","M","M","T","R","?","R","T","E","$","M","R","M","R","B",null,"R","$","E","B",null],"character_chosen":"THE_SILENT","items_purchased":["Tingsha","ReplayTheSpireMod:Scrap Shanks","Orrery","Ornamental Fan","ReplayTheSpireMod:CursedCoin","ReplayUltimateDefense"],"campfire_rested":0,"item_purchase_floors":[21,21,45,45,53,53],"current_hp_per_floor":[45,45,45,44,44,56,56,41,41,40,14,18,18,10,10,14,77,61,62,62,62,52,31,31,31,31,31,35,36,36,36,36,37,83,87,87,90,94,94,94,84,84,84,88,88,92,92,96,96,69,91,91,91,95,80],"gold":53,"neow_bonus":"ONE_RARE_RELIC","is_daily":false,"chose_seed":false,"campfire_upgraded":8,"win_rate":0.0,"timestamp":1608623587,"path_taken":["M","?","M","M","?","E","R","E","T","M","E","?","R","E","R","BOSS","M","M","?","$","M","E","R","E","T","R","M","E","R","?","R","BOSS","M","?","M","M","?","R","?","R","T","E","$","M","R","M","R","BOSS","R","$","E","BOSS"],"items_purchased_type":["Relic","Card","Relic","Relic","Relic","Card"],"build_version":"2020-12-13","purchased_purges":2,"victory":true,"max_hp_per_floor":[70,70,70,70,70,84,84,94,94,94,94,98,98,98,98,98,98,98,98,98,98,98,98,98,98,98,98,98,98,98,98,98,98,98,98,98,98,98,98,98,98,98,98,98,98,98,98,98,98,98,98,98,98,98,98],"card_choices":[{"not_picked":["Quick Slash","Sucker Punch"],"picked":"Riddle With Holes","floor":1.0},{"not_picked":["Bane","Poisoned Stab"],"picked":"Hidden Blade","floor":2.0},{"not_picked":["All Out Attack","Poisoned Stab","Infinite Blades"],"picked":"SKIP","floor":3.0},{"not_picked":["Poisoned Stab","Infinite Blades"],"picked":"All Out Attack","floor":3.0},{"not_picked":["Hidden Blade","Slice"],"picked":"Underhanded Strike","floor":4.0},{"not_picked":["Flying Knee","Skewer"],"picked":"Wraith Form v2","floor":6.0},{"not_picked":["Sneak Up","Escape Plan"],"picked":"Terror","floor":8.0},{"not_picked":["Infinite Blades","Choke"],"picked":"Acrobatics","floor":10.0},{"not_picked":["Finisher","Dagger Spray"],"picked":"ReplayTheSpireMod:Scrap Shanks","floor":11.0},{"not_picked":["Choke","ReplayTheSpireMod:Scrap Shanks"],"picked":"Blade Dance","floor":14.0},{"not_picked":["Glass Knife","ReplayTheSpireMod:From All Sides"],"picked":"Storm of Steel","floor":16.0},{"not_picked":["Poisoned Stab","Flying Knee+1","Infinite Blades+1"],"picked":"SKIP","floor":18.0},{"not_picked":["Backflip","Prepared"],"picked":"Blade Dance","floor":19.0},{"not_picked":["Deadly Poison","Flying Knee+1","Well Laid Plans"],"picked":"SKIP","floor":22.0},{"not_picked":["Unload","Acrobatics"],"picked":"Calculated Gamble","floor":23.0},{"not_picked":["Deadly Poison+1","Poisoned Stab"],"picked":"Distraction","floor":25.0},{"not_picked":["PiercingWail+1","Outmaneuver+1"],"picked":"ReplayTheSpireMod:The Works","floor":28.0},{"not_picked":["Bane","Blur+1","Well Laid Plans"],"picked":"SKIP","floor":29.0},{"not_picked":["Venomology","Unload"],"picked":"Bullet Time","floor":33.0},{"not_picked":["Blade Dance","Slice+1"],"picked":"Tactician","floor":35.0},{"not_picked":["Expertise+1","Cloak And Dagger"],"picked":"Acrobatics+1","floor":37.0},{"not_picked":["Masterful Stab","Caltrops","Sucker Punch"],"picked":"SKIP","floor":38.0},{"not_picked":["expansioncontent:AwakenDeath","expansioncontent:LastStand"],"picked":"Violence","floor":41.0},{"not_picked":["expansioncontent:PolyBeam","expansioncontent:ManipulateTime"],"picked":"Apotheosis","floor":41.0},{"not_picked":["expansioncontent:StudyTheSpire","Replay:Bootleg Shield Generator"],"picked":"Replay:SS_hec_1","floor":41.0},{"not_picked":["Hidden Blade","Backflip+1"],"picked":"Prepared+1","floor":44.0},{"not_picked":["Fluid Movement+1","Quick Slash+1"],"picked":"Reflex","floor":45.0},{"not_picked":["Slice+1","Masterful Stab"],"picked":"Setup+1","floor":45.0},{"not_picked":["Bullet Time","Quick Slash+1"],"picked":"Calculated Gamble","floor":46.0},{"not_picked":["Infinite Blades+1","Cloak And Dagger","Deadly Poison"],"picked":"SKIP","floor":48.0},{"not_picked":["Well Laid Plans","Sucker Punch+1","PiercingWail"],"picked":"SKIP","floor":54}],"player_experience":392264,"relics_obtained":[{"floor":6.0,"key":"Mango"},{"floor":8.0,"key":"Pear"},{"floor":9.0,"key":"The Courier"},{"floor":11.0,"key":"Turnip"},{"floor":14.0,"key":"Tiny Chest"},{"floor":23.0,"key":"Blue Candle"},{"floor":25.0,"key":"Regal Pillow"},{"floor":26.0,"key":"Bag of Preparation"},{"floor":29.0,"key":"StoneCalendar"},{"floor":39.0,"key":"Anchor"},{"floor":44.0,"key":"Centennial Puzzle"},{"floor":54,"key":"Bottled Flame"}],"event_choices":[{"cards_removed":["Strike_G"],"damage_healed":0.0,"max_hp_gain":0.0,"max_hp_loss":0.0,"gold_gain":0.0,"event_name":"The Cleric","player_choice":"Card Removal","floor":5.0,"gold_loss":50.0,"damage_taken":0.0},{"damage_healed":0.0,"max_hp_gain":0.0,"max_hp_loss":0.0,"gold_gain":0.0,"event_name":"Tomb of Lord Red Mask","player_choice":"Ignored","floor":36.0,"gold_loss":0.0,"damage_taken":0.0},{"damage_healed":0.0,"max_hp_gain":0.0,"max_hp_loss":0.0,"gold_gain":0.0,"event_name":"SensoryStone","player_choice":"Memory 3","floor":41.0,"gold_loss":0.0,"damage_taken":10.0}],"is_beta":false,"boss_relics":[{"not_picked":["Runic Dome","ReplayTheSpireMod:DimensionalGlitch"],"picked":"Snecko Scales"},{"not_picked":["ChewingGum","Philosopher\u0027s Stone"],"picked":"HoveringKite"}],"items_purged_floors":[21,53],"is_endless":false,"potions_floor_spawned":[3,6,8,10,23,29,33,35,38,48],"ascension_level":6}}