{"host":"hfxp6ue4pvwo3fit","time":1608619314,"event":{"mods":["AchievementEnabler","BaseMod","Colored Map","Colored Powertips","Highlight Path","Minty Spire (QoL Compilation)","StSLib","SuperFastMode"],"gold_per_floor":[10,24,24,24,24,24,58,78,78,119,119,143,143,80,80,171,171,195,218,218,158,48,92,92,108,158,83,83,117,117,133,133,229,229,254,254,274,274,305,348,348,367,367,382,382,382,382,382],"floor_reached":47,"playtime":2508,"items_purged":["Strike_B"],"score":1049,"play_id":"022aa4d6-ee65-478a-bef1-6226cb606c84","local_time":"20201222004154","is_ascension_mode":true,"campfire_choices":[{"data":"Apotheosis","floor":6,"key":"SMITH"},{"data":"FTL","floor":11,"key":"SMITH"},{"data":"Buffer","floor":15,"key":"SMITH"},{"data":"Creative AI","floor":24,"key":"SMITH"},{"floor":28,"key":"REST"},{"floor":32,"key":"REST"},{"data":"Echo Form","floor":41,"key":"SMITH"},{"data":"Machine Learning","floor":46,"key":"SMITH"}],"circlet_count":0,"master_deck":["AscendersBane","Strike_B","Strike_B+1","Defend_B","Defend_B","Defend_B","Defend_B","Zap","Dualcast","Apotheosis+1","Cold Snap","Glacier","FTL+1","Leap","Glacier","Buffer+1","Reinforced Body","Creative AI+1","Coolheaded","Compile Driver","Defragment","Sweeping Beam","Defragment+1","Echo Form+1","Defragment","Rainbow","Machine Learning+1"],"relics":["Cracked Core","Golden Idol","DataDisk","Odd Mushroom","Symbiotic Virus","The Courier","White Beast Statue","Cursed Key","Nunchaku","Turnip","Nloth\u0027s Gift","Coffee Dripper","Ginger","Du-Vu Doll"],"acts_visited":["Exordium","TheCity","TheBeyond"],"potions_floor_usage":[10,16,19,23,29,29,33,40,44,47],"damage_taken":[{"damage":7,"enemies":"Jaw Worm","floor":1,"turns":4},{"damage":6,"enemies":"Small Slimes","floor":2,"turns":4},{"damage":13,"enemies":"The Mushroom Lair","floor":7,"turns":6},{"damage":0,"enemies":"2 Louse","floor":8,"turns":3},{"damage":2,"enemies":"Lagavulin","floor":10,"turns":5},{"damage":0,"enemies":"Looter","floor":12,"turns":2},{"damage":0,"enemies":"Slime Boss","floor":16,"turns":8},{"damage":0,"enemies":"3 Byrds","floor":18,"turns":6},{"damage":0,"enemies":"Shell Parasite","floor":19,"turns":8},{"damage":19,"enemies":"Slavers","floor":23,"turns":10},{"damage":0,"enemies":"Chosen and Byrds","floor":25,"turns":10},{"damage":42,"enemies":"Gremlin Leader","floor":29,"turns":14},{"damage":6,"enemies":"Snake Plant","floor":31,"turns":6},{"damage":16,"enemies":"Collector","floor":33,"turns":21},{"damage":0,"enemies":"3 Shapes","floor":35,"turns":5},{"damage":0,"enemies":"Orb Walker","floor":37,"turns":5},{"damage":0,"enemies":"Mind Bloom Boss Battle","floor":39,"turns":9},{"damage":30,"enemies":"Reptomancer","floor":40,"turns":13},{"damage":0,"enemies":"Maw","floor":42,"turns":9},{"damage":12,"enemies":"Sphere and 2 Shapes","floor":44,"turns":6},{"damage":12,"enemies":"3 Darklings","floor":47,"turns":2}],"seed_played":"8939825883050924783","potions_obtained":[{"floor":7,"key":"Energy Potion"},{"floor":8,"key":"Block Potion"},{"floor":10,"key":"LiquidMemories"},{"floor":12,"key":"Dexterity Potion"},{"floor":16,"key":"Explosive Potion"},{"floor":19,"key":"PowerPotion"},{"floor":23,"key":"Ancient Potion"},{"floor":25,"key":"EssenceOfSteel"},{"floor":29,"key":"Swift Potion"},{"floor":31,"key":"SneckoOil"},{"floor":33,"key":"FearPotion"},{"floor":35,"key":"PowerPotion"},{"floor":37,"key":"SkillPotion"},{"floor":39,"key":"PowerPotion"},{"floor":40,"key":"FocusPotion"},{"floor":44,"key":"BlessingOfTheForge"}],"is_trial":false,"path_per_floor":["M","M","?","?","$","R","?","M","T","E","R","M","T","$","R","B",null,"M","M","?","$","?","E","R","M","T","?","R","E","?","M","R","B",null,"M","?","M","?","?","E","R","M","T","M","?","R","M"],"character_chosen":"DEFECT","items_purchased":["Reinforced Body"],"campfire_rested":2,"item_purchase_floors":[14],"current_hp_per_floor":[57,51,51,46,46,46,33,33,33,31,31,31,31,31,31,31,56,56,56,56,56,56,37,37,37,37,37,56,14,14,8,27,11,51,51,51,51,51,51,21,21,21,21,9,9,9,0,0],"gold":382,"neow_bonus":"RANDOM_COLORLESS_2","is_daily":false,"chose_seed":false,"campfire_upgraded":6,"win_rate":0.0,"timestamp":1608619314,"path_taken":["M","M","?","?","$","R","?","M","T","E","R","M","?","?","R","BOSS","M","M","?","$","?","E","R","?","T","?","R","E","?","M","R","BOSS","M","?","M","?","?","E","R","?","T","M","?","R","M"],"items_purchased_type":["Card"],"build_version":"2020-12-13","purchased_purges":1,"victory":false,"max_hp_per_floor":[71,71,64,64,64,64,64,64,64,64,64,64,64,64,64,64,64,64,64,64,64,64,64,64,64,64,64,64,64,64,64,64,64,64,64,64,64,64,64,64,64,64,64,64,61,61,61,61],"card_choices":[{"not_picked":["Metamorphosis","Magnetism"],"picked":"Apotheosis","floor":0},{"not_picked":["Leap","Conserve Battery"],"picked":"Cold Snap","floor":1},{"not_picked":["Gash","Redo"],"picked":"Glacier","floor":2},{"not_picked":["Sunder","Gash"],"picked":"FTL","floor":7},{"not_picked":["Sweeping Beam","Blizzard"],"picked":"Leap","floor":8},{"not_picked":["Darkness","Gash"],"picked":"Glacier","floor":10},{"not_picked":["Redo","Force Field"],"picked":"Buffer","floor":12},{"not_picked":["Rainbow","Amplify"],"picked":"Creative AI","floor":16},{"not_picked":["Reinforced Body","Leap"],"picked":"Coolheaded","floor":18},{"not_picked":["Steam","Barrage"],"picked":"Compile Driver","floor":19},{"not_picked":["Gash+1","Stack"],"picked":"Sweeping Beam","floor":23},{"not_picked":["Cold Snap","Gash","Reinforced Body"],"picked":"SKIP","floor":25},{"not_picked":["Fusion","Tempest","Thunder Strike"],"picked":"SKIP","floor":29},{"not_picked":["Doom and Gloom","Sweeping Beam"],"picked":"Defragment+1","floor":31},{"not_picked":["Hyperbeam","Buffer"],"picked":"Echo Form","floor":33},{"not_picked":["Cold Snap","Echo Form","Redo+1"],"picked":"SKIP","floor":35},{"not_picked":["Chill+1","Blizzard"],"picked":"Defragment","floor":37},{"not_picked":["Streamline+1","Creative AI","Rebound"],"picked":"SKIP","floor":40},{"not_picked":["Streamline+1","Creative AI","Rebound"],"picked":"SKIP","floor":40},{"not_picked":["Force Field+1","Beam Cell"],"picked":"Rainbow","floor":42},{"not_picked":["Sweeping Beam","Reinforced Body"],"picked":"Machine Learning","floor":44}],"player_experience":410995,"relics_obtained":[{"floor":7,"key":"Odd Mushroom"},{"floor":9,"key":"Symbiotic Virus"},{"floor":10,"key":"The Courier"},{"floor":13,"key":"White Beast Statue"},{"floor":23,"key":"Happy Flower"},{"floor":26,"key":"Nunchaku"},{"floor":29,"key":"Turnip"},{"floor":39,"key":"Ginger"},{"floor":40,"key":"Du-Vu Doll"}],"event_choices":[{"damage_healed":0,"gold_gain":0,"player_choice":"Lose Max HP","damage_taken":0,"relics_obtained":["Golden Idol"],"max_hp_gain":0,"max_hp_loss":7,"event_name":"Golden Idol","floor":3,"gold_loss":0},{"damage_healed":0,"gold_gain":0,"player_choice":"Success","damage_taken":5,"relics_obtained":["DataDisk"],"max_hp_gain":0,"max_hp_loss":0,"event_name":"Scrap Ooze","floor":4,"gold_loss":0},{"damage_healed":0,"gold_gain":0,"player_choice":"Fought Mushrooms","damage_taken":0,"max_hp_gain":0,"max_hp_loss":0,"event_name":"Mushrooms","floor":7,"gold_loss":0},{"damage_healed":0,"gold_gain":0,"player_choice":"Read","damage_taken":0,"max_hp_gain":0,"max_hp_loss":0,"event_name":"The Library","floor":20,"gold_loss":0,"cards_obtained":["Defragment"]},{"cards_removed":["Strike_B"],"damage_healed":0,"gold_gain":0,"player_choice":"Upgrade and Remove","damage_taken":0,"max_hp_gain":0,"max_hp_loss":0,"event_name":"Designer","floor":22,"gold_loss":110,"cards_upgraded":["Strike_B"]},{"cards_removed":["Regret"],"damage_healed":0,"gold_gain":0,"player_choice":"Gave Gold","damage_taken":0,"max_hp_gain":0,"max_hp_loss":0,"event_name":"Beggar","floor":27,"gold_loss":75},{"damage_healed":0,"gold_gain":0,"player_choice":"Traded Relic","damage_taken":0,"relics_obtained":["Nloth\u0027s Gift"],"max_hp_gain":0,"max_hp_loss":0,"event_name":"N\u0027loth","floor":30,"relics_lost":["Happy Flower"],"gold_loss":0},{"damage_healed":0,"gold_gain":0,"player_choice":"Ignored","damage_taken":0,"max_hp_gain":0,"max_hp_loss":0,"event_name":"Tomb of Lord Red Mask","floor":36,"gold_loss":0},{"damage_healed":0,"gold_gain":0,"player_choice":"Ignored","damage_taken":0,"max_hp_gain":0,"max_hp_loss":0,"event_name":"Mysterious Sphere","floor":38,"gold_loss":0},{"damage_healed":0,"gold_gain":0,"player_choice":"Fight","damage_taken":0,"max_hp_gain":0,"max_hp_loss":0,"event_name":"MindBloom","floor":39,"gold_loss":0},{"damage_healed":0,"gold_gain":0,"player_choice":"Max HP","damage_taken":0,"max_hp_gain":0,"max_hp_loss":3,"event_name":"Winding Halls","floor":45,"gold_loss":0}],"is_beta":false,"boss_relics":[{"not_picked":["Nuclear Battery","SlaversCollar"],"picked":"Cursed Key"},{"not_picked":["Tiny House","Calling Bell"],"picked":"Coffee Dripper"}],"items_purged_floors":[21],"is_endless":false,"potions_floor_spawned":[7,8,10,12,16,18,19,23,25,29,31,33,35,37,39,40,42,44],"killed_by":"3 Darklings","ascension_level":18}}