{"host":"0dsi8ju7ih3zb7n8","time":1608663044,"event":{"mods":["2.2 Compatiblity","Act Like it!","BaseMod","Downfall","Hermit","Minty Spire (QoL Compilation)","Robot Space Explorer","Spicy Shops","StSLib"],"gold_per_floor":[117,117,117,117,117,145,172,200,248,266,266,290,61,73,73,178,178,188,215,239,239,239,239,273,303,303,337,370,397,411,159,159,262,262,275,275,275,95,107,141,175,190,217,243,257,307,5,5,5,5],"floor_reached":51,"playtime":2735,"items_purged":["Writhe"],"score":1168,"play_id":"5d6f90e7-4796-4817-8388-27bfe3d8a85e","local_time":"20201222195044","daily_mods":["SealedDeck","Heirloom","Flight"],"is_ascension_mode":false,"campfire_choices":[{"data":"RobotSpaceExplorer:DoubleBlock","floor":11,"key":"SMITH"},{"data":"RobotSpaceExplorer:Smokescreen","floor":15,"key":"SMITH"},{"data":"RobotSpaceExplorer:ShockMissile","floor":23,"key":"SMITH"},{"data":"RobotSpaceExplorer:Accelerator","floor":32,"key":"SMITH"},{"data":"Panache","floor":49,"key":"SMITH"}],"circlet_count":0,"master_deck":["RobotSpaceExplorer:SurgingShield+1","RobotSpaceExplorer:StunGrenade","RobotSpaceExplorer:Probe","RobotSpaceExplorer:ShovelStrike","RobotSpaceExplorer:ScrapMissile","RobotSpaceExplorer:Jetpack+1","RobotSpaceExplorer:JunkDive","RobotSpaceExplorer:FranticSearch","RobotSpaceExplorer:JunkDive+1","RobotSpaceExplorer:JunkDive","RobotSpaceExplorer:DoubleBlock+1","RobotSpaceExplorer:PowerCollector","RobotSpaceExplorer:ScrapMissile","RobotSpaceExplorer:Smokescreen+1","RobotSpaceExplorer:GlueSpray","RobotSpaceExplorer:ScrapToss","RobotSpaceExplorer:ShockMissile+1","RobotSpaceExplorer:PowerGlove","RobotSpaceExplorer:BigMissile+1","RobotSpaceExplorer:StarLightning","RobotSpaceExplorer:RigExplosive","RobotSpaceExplorer:Accelerator+1","RobotSpaceExplorer:Ammunition+1","RobotSpaceExplorer:FreezingShield+1","RobotSpaceExplorer:MiniBoosters","RobotSpaceExplorer:Comet+1","RobotSpaceExplorer:GearShield+1","Panache+1","Enlightenment+1","Apotheosis+1","RobotSpaceExplorer:Accelerator+1","RobotSpaceExplorer:DualCore","RobotSpaceExplorer:Ammunition+1","RobotSpaceExplorer:FreezeRay+1","RobotSpaceExplorer:Arsenal+1","RobotSpaceExplorer:PowerGlove+1","RobotSpaceExplorer:TurboDodge+1"],"relics":["RobotSpaceExplorer:RoboCore","champ:DuelingGlove","Bag of Preparation","Lantern","Bottled Lightning","Pen Nib","MealTicket","Nunchaku","Art of War","Sling","Black Star","Red Mask","RobotSpaceExplorer:ClockworkSextant","Strawberry","Meat on the Bone","Centennial Puzzle","RobotSpaceExplorer:FoglandsKnife","Anchor","Question Card","Toxic Egg 2","Ancient Tea Set","Guardian:PocketSentry","Bronze Scales","hexamod:BolsterEngine","Smiling Mask","Shuriken","RobotSpaceExplorer:SearchSpecs","Membership Card","RobotSpaceExplorer:PlasmaHourglass","Dream Catcher","Du-Vu Doll","Gremlin Horn","Akabeko","Molten Egg 2","HornCleat","Torii","champ:DeflectingBracers","Oddly Smooth Stone","War Paint","Kunai"],"acts_visited":["Exordium","TheCity","TheBeyond"],"potions_floor_usage":[16,33,33,35,40,41,42,44,50],"damage_taken":[{"damage":0,"enemies":"Small Slimes","floor":1,"turns":1},{"damage":0,"enemies":"3 Sentries","floor":6,"turns":4},{"damage":0,"enemies":"Gremlin Nob","floor":7,"turns":1},{"damage":0,"enemies":"3 Sentries","floor":8,"turns":4},{"damage":0,"enemies":"Jaw Worm","floor":10,"turns":2},{"damage":0,"enemies":"2 Louse","floor":14,"turns":1},{"damage":12,"enemies":"The Guardian","floor":16,"turns":9},{"damage":0,"enemies":"Shell Parasite","floor":18,"turns":3},{"damage":0,"enemies":"Masked Bandits","floor":19,"turns":4},{"damage":8,"enemies":"Book of Stabbing","floor":24,"turns":3},{"damage":0,"enemies":"Gremlin Leader","floor":25,"turns":5},{"damage":3,"enemies":"Slavers","floor":27,"turns":5},{"damage":0,"enemies":"Book of Stabbing","floor":28,"turns":2},{"damage":2,"enemies":"Gremlin Leader","floor":29,"turns":2},{"damage":0,"enemies":"3 Byrds","floor":30,"turns":3},{"damage":0,"enemies":"Champ","floor":33,"turns":6},{"damage":0,"enemies":"3 Darklings","floor":35,"turns":3},{"damage":0,"enemies":"3 Shapes","floor":39,"turns":3},{"damage":0,"enemies":"Giant Head","floor":40,"turns":5},{"damage":2,"enemies":"Reptomancer","floor":41,"turns":3},{"damage":0,"enemies":"Transient","floor":42,"turns":5},{"damage":0,"enemies":"Nemesis","floor":44,"turns":3},{"damage":0,"enemies":"3 Darklings","floor":45,"turns":2},{"damage":0,"enemies":"Mind Bloom Boss Battle","floor":46,"turns":3},{"damage":1,"enemies":"Donu and Deca","floor":50,"turns":4}],"seed_played":"6703083183807289","potions_obtained":[{"floor":6,"key":"champ:CounterPotion"},{"floor":7,"key":"Strength Potion"},{"floor":10,"key":"Energy Potion"},{"floor":27,"key":"EssenceOfSteel"},{"floor":29,"key":"PowerPotion"},{"floor":40,"key":"RobotSpaceExplorer:RecyclePotion"},{"floor":42,"key":"Dexterity Potion"},{"floor":44,"key":"DuplicationPotion"},{"floor":46,"key":"Fruit Juice"}],"is_trial":true,"path_per_floor":["M","?","?","?","T","E","E","E","T","M","R","T","$","M","R","B",null,"M","?","T","?","?","R","E","E","T","E","E","E","M","$","R","B",null,"M","?","?","$","M","E","E","M","T","E","M","?","$","T","R","B",null],"character_chosen":"RobotSpaceExplorer","items_purchased":["Art of War","Sling","Shuriken","RobotSpaceExplorer:MiniBoosters","Membership Card","RobotSpaceExplorer:DualCore","champ:DeflectingBracers","Oddly Smooth Stone","War Paint"],"campfire_rested":0,"item_purchase_floors":[13,13,31,31,38,38,47,47,47],"current_hp_per_floor":[75,75,75,75,75,75,75,75,75,75,75,75,75,75,75,63,75,75,75,75,82,82,82,74,74,74,71,71,69,69,82,82,82,82,82,72,72,82,82,82,80,80,80,80,80,80,82,82,82,81],"gold":5,"neow_bonus":"","is_daily":false,"chose_seed":false,"campfire_upgraded":5,"win_rate":0.0,"timestamp":1608663044,"path_taken":["M","?","?","?","?","E","E","E","T","?","R","?","?","M","R","BOSS","M","?","?","?","?","R","E","E","T","E","E","E","?","?","R","BOSS","M","?","?","$","?","E","E","M","T","E","M","?","$","?","R","BOSS"],"items_purchased_type":["Relic","Relic","Relic","Card","Relic","Card","Relic","Relic","Relic"],"build_version":"2020-12-13","purchased_purges":1,"victory":true,"max_hp_per_floor":[75,75,75,75,75,75,75,75,75,75,75,75,75,75,75,75,75,75,75,75,82,82,82,82,82,82,82,82,82,82,82,82,82,82,82,82,82,82,82,82,82,82,82,82,82,82,82,82,82,82],"card_choices":[{"not_picked":["RobotSpaceExplorer:MetalStrike","RobotSpaceExplorer:ShovelStrike"],"picked":"RobotSpaceExplorer:DoubleBlock","floor":1},{"not_picked":["RobotSpaceExplorer:Counterblock","RobotSpaceExplorer:StunGrenade"],"picked":"RobotSpaceExplorer:PowerCollector","floor":6},{"not_picked":["RobotSpaceExplorer:SurgingShield","RobotSpaceExplorer:FrostMissile"],"picked":"RobotSpaceExplorer:ScrapMissile","floor":7},{"not_picked":["RobotSpaceExplorer:MetalStrike","RobotSpaceExplorer:ImprovisedAttack"],"picked":"RobotSpaceExplorer:Smokescreen","floor":8},{"not_picked":["RobotSpaceExplorer:Probe","RobotSpaceExplorer:ShovelStrike"],"picked":"RobotSpaceExplorer:GlueSpray","floor":10},{"not_picked":["RobotSpaceExplorer:Counterblock","RobotSpaceExplorer:SwiftStep"],"picked":"RobotSpaceExplorer:ScrapToss","floor":14},{"not_picked":["RobotSpaceExplorer:Wormhole","RobotSpaceExplorer:HighVoltage"],"picked":"RobotSpaceExplorer:ShockMissile","floor":16},{"not_picked":["RobotSpaceExplorer:TurboDodge","RobotSpaceExplorer:StunGrenade"],"picked":"RobotSpaceExplorer:PowerGlove","floor":18},{"not_picked":["RobotSpaceExplorer:FranticSearch","RobotSpaceExplorer:SurgingStrike"],"picked":"RobotSpaceExplorer:BigMissile+1","floor":19},{"not_picked":["RobotSpaceExplorer:ScrapToss","RobotSpaceExplorer:ShovelStrike"],"picked":"RobotSpaceExplorer:StarLightning","floor":24},{"not_picked":["RobotSpaceExplorer:ShovelStrike","RobotSpaceExplorer:LaserBurst"],"picked":"RobotSpaceExplorer:RigExplosive","floor":25},{"not_picked":["RobotSpaceExplorer:Probe","RobotSpaceExplorer:Smokescreen+1","RobotSpaceExplorer:Counterblock+1","RobotSpaceExplorer:SlimeMissile"],"picked":"SKIP","floor":27},{"not_picked":["RobotSpaceExplorer:ShockKick","RobotSpaceExplorer:Blitz+1","RobotSpaceExplorer:SlimeMissile"],"picked":"RobotSpaceExplorer:Accelerator","floor":28},{"not_picked":["RobotSpaceExplorer:Counterblock+1","RobotSpaceExplorer:StunGrenade","RobotSpaceExplorer:RigExplosive+1"],"picked":"RobotSpaceExplorer:Ammunition+1","floor":29},{"not_picked":["RobotSpaceExplorer:ShockKick+1","RobotSpaceExplorer:PowerGlove","RobotSpaceExplorer:SurgingShield+1"],"picked":"RobotSpaceExplorer:FreezingShield+1","floor":30},{"not_picked":["RobotSpaceExplorer:TrailblazerForm","RobotSpaceExplorer:Autoloader","RobotSpaceExplorer:BlastShield+1"],"picked":"RobotSpaceExplorer:Comet+1","floor":33},{"not_picked":["RobotSpaceExplorer:MetalStrike","RobotSpaceExplorer:Probe+1","RobotSpaceExplorer:ShovelStrike"],"picked":"RobotSpaceExplorer:GearShield+1","floor":35},{"not_picked":["expansioncontent:DashGenerateEvil","Deep Breath+1","Bandage Up+1"],"picked":"Panache","floor":36},{"not_picked":["Discovery+1","expansioncontent:FaceSlap","Mayhem"],"picked":"Enlightenment+1","floor":36},{"not_picked":["expansioncontent:Torchfire","The Bomb+1","expansioncontent:QuickStudy+1"],"picked":"Apotheosis+1","floor":36},{"not_picked":["RobotSpaceExplorer:ImprovisedAttack+1","RobotSpaceExplorer:SurgingShield+1","RobotSpaceExplorer:ScrapShield+1"],"picked":"RobotSpaceExplorer:Ammunition+1","floor":39},{"not_picked":["RobotSpaceExplorer:GlueShot+1","RobotSpaceExplorer:SurgingShield+1","RobotSpaceExplorer:SurgingStrike+1"],"picked":"RobotSpaceExplorer:FreezeRay+1","floor":40},{"not_picked":["RobotSpaceExplorer:LuckyStrike","RobotSpaceExplorer:GlueShot+1","RobotSpaceExplorer:FrostMissile"],"picked":"RobotSpaceExplorer:Arsenal+1","floor":41},{"not_picked":["RobotSpaceExplorer:LaserBurst","RobotSpaceExplorer:SurgingStrike","RobotSpaceExplorer:Counterblock+1"],"picked":"RobotSpaceExplorer:PowerGlove+1","floor":42},{"not_picked":["RobotSpaceExplorer:SwiftStep+1","RobotSpaceExplorer:Blitz+1","RobotSpaceExplorer:MetalStrike+1","RobotSpaceExplorer:ToxicBomb+1"],"picked":"SKIP","floor":44},{"not_picked":["RobotSpaceExplorer:SurgingShield+1","RobotSpaceExplorer:PowerGlove+1","RobotSpaceExplorer:SwiftStep+1","RobotSpaceExplorer:Pulsar+1"],"picked":"SKIP","floor":45},{"not_picked":["RobotSpaceExplorer:MiniBoosters","RobotSpaceExplorer:SwiftStep+1","RobotSpaceExplorer:SurgingStrike+1"],"picked":"RobotSpaceExplorer:TurboDodge+1","floor":46}],"player_experience":811345,"relics_obtained":[{"floor":5,"key":"Bag of Preparation"},{"floor":6,"key":"Lantern"},{"floor":7,"key":"Bottled Lightning"},{"floor":8,"key":"Pen Nib"},{"floor":9,"key":"MealTicket"},{"floor":12,"key":"Nunchaku"},{"floor":19,"key":"Red Mask"},{"floor":20,"key":"RobotSpaceExplorer:ClockworkSextant"},{"floor":24,"key":"Meat on the Bone"},{"floor":24,"key":"Centennial Puzzle"},{"floor":25,"key":"RobotSpaceExplorer:FoglandsKnife"},{"floor":25,"key":"Anchor"},{"floor":26,"key":"Question Card"},{"floor":27,"key":"Toxic Egg 2"},{"floor":27,"key":"Ancient Tea Set"},{"floor":28,"key":"Guardian:PocketSentry"},{"floor":28,"key":"Bronze Scales"},{"floor":29,"key":"hexamod:BolsterEngine"},{"floor":29,"key":"Smiling Mask"},{"floor":40,"key":"RobotSpaceExplorer:PlasmaHourglass"},{"floor":40,"key":"Dream Catcher"},{"floor":41,"key":"Du-Vu Doll"},{"floor":41,"key":"Gremlin Horn"},{"floor":43,"key":"Akabeko"},{"floor":44,"key":"Molten Egg 2"},{"floor":44,"key":"HornCleat"},{"floor":46,"key":"Torii"},{"floor":48,"key":"Kunai"}],"event_choices":[{"damage_healed":0,"gold_gain":0,"player_choice":"Leave","damage_taken":0,"max_hp_gain":0,"max_hp_loss":0,"event_name":"The Cleric","floor":2,"gold_loss":0},{"damage_healed":0,"gold_gain":0,"player_choice":"Ignored","damage_taken":0,"max_hp_gain":0,"max_hp_loss":0,"event_name":"Golden Wing","floor":3,"gold_loss":0},{"damage_healed":0,"gold_gain":0,"player_choice":"Grow","damage_taken":0,"max_hp_gain":0,"max_hp_loss":0,"event_name":"Living Wall","floor":4,"gold_loss":0,"cards_upgraded":["RobotSpaceExplorer:Jetpack"]},{"damage_healed":0,"gold_gain":0,"player_choice":"Fought Bandits","damage_taken":0,"max_hp_gain":0,"max_hp_loss":0,"event_name":"Masked Bandits","floor":19,"gold_loss":0},{"damage_healed":0,"gold_gain":0,"player_choice":"Opened","damage_taken":0,"relics_obtained":["Strawberry"],"max_hp_gain":0,"max_hp_loss":0,"event_name":"The Mausoleum","floor":21,"gold_loss":0,"cards_obtained":["Writhe"]},{"damage_healed":0,"gold_gain":0,"player_choice":"Memory 3","damage_taken":10,"max_hp_gain":0,"max_hp_loss":0,"event_name":"SensoryStone","floor":36,"gold_loss":0},{"damage_healed":0,"gold_gain":0,"player_choice":"Copied","damage_taken":0,"max_hp_gain":0,"max_hp_loss":0,"event_name":"Duplicator","floor":37,"gold_loss":0,"cards_obtained":["RobotSpaceExplorer:Accelerator"]},{"damage_healed":0,"gold_gain":0,"player_choice":"Fight","damage_taken":0,"max_hp_gain":0,"max_hp_loss":0,"event_name":"MindBloom","floor":46,"gold_loss":0}],"is_beta":false,"boss_relics":[{"not_picked":["sneckomod:SneckoTalon","SacredBark"],"picked":"Black Star"},{"not_picked":["Sozu","Fusion Hammer"],"picked":"RobotSpaceExplorer:SearchSpecs"}],"items_purged_floors":[31],"is_endless":false,"potions_floor_spawned":[6,7,10,27,28,29,30,40,42,44,46],"ascension_level":0}}