{"host":"qdfumeom6htv8yxl","time":1608650624,"event":{"mods":["AchievementEnabler","BaseMod","Block Reminder","Minty Spire (QoL Compilation)","Quick Restart","Relic Stats"],"gold_per_floor":[117,117,137,155,330,330,342,342,342,374,388,388,388,414,414,414,414],"floor_reached":16,"playtime":2340,"items_purged":[],"score":176,"play_id":"11743e8c-35ef-467e-bf7d-82f309e5ded7","local_time":"20201222092344","is_ascension_mode":true,"campfire_choices":[{"data":"Compile Driver","floor":6,"key":"SMITH"},{"data":"Meteor Strike","floor":8,"key":"SMITH"},{"floor":15,"key":"REST"}],"circlet_count":0,"master_deck":["AscendersBane","Strike_B","Strike_B","Strike_B","Defend_B","Defend_B","Defend_B","Defend_B","Zap","Dualcast","Cold Snap","Compile Driver+1","Sweeping Beam","Doubt","Hologram","Ball Lightning","Glacier"],"relics":["Nuclear Battery","Darkstone Periapt","Frozen Egg 2","Bag of Preparation","Ice Cream"],"acts_visited":["Exordium"],"potions_floor_usage":[14,14],"damage_taken":[{"damage":3,"enemies":"Jaw Worm","floor":1,"turns":5},{"damage":4,"enemies":"Cultist","floor":3,"turns":4},{"damage":0,"enemies":"2 Louse","floor":4,"turns":2},{"damage":1,"enemies":"Looter","floor":7,"turns":4},{"damage":23,"enemies":"3 Sentries","floor":10,"turns":10},{"damage":3,"enemies":"Blue Slaver","floor":11,"turns":3},{"damage":20,"enemies":"Gremlin Nob","floor":14,"turns":4},{"damage":36,"enemies":"The Guardian","floor":16,"turns":16}],"seed_played":"-1888243767856715290","potions_obtained":[{"floor":1,"key":"DuplicationPotion"},{"floor":10,"key":"ColorlessPotion"},{"floor":11,"key":"EntropicBrew"}],"is_trial":false,"path_per_floor":["M","?","M","M","?","R","M","R","T","E","M","?","T","E","R","B"],"character_chosen":"DEFECT","items_purchased":[],"campfire_rested":1,"item_purchase_floors":[],"current_hp_per_floor":[65,65,61,61,61,61,60,60,60,37,34,34,34,14,36,0,0],"gold":414,"neow_bonus":"BOSS_RELIC","is_daily":false,"chose_seed":false,"campfire_upgraded":2,"win_rate":0.0,"timestamp":1608650624,"path_taken":["M","?","M","?","?","R","M","R","T","E","M","?","?","E","R","BOSS"],"items_purchased_type":[],"build_version":"2020-12-13","purchased_purges":0,"victory":false,"max_hp_per_floor":[75,75,75,75,75,75,75,75,75,75,75,75,75,75,75,75,75],"relic_stats":{"Darkstone Periapt":0,"counters":[8,48],"Bag of Preparation":[4],"obtain_stats":[{"Darkstone Periapt":9,"Ice Cream":14,"Bag of Preparation":13,"Frozen Egg 2":10,"Cracked Core":0,"Nuclear Battery":0},{"Darkstone Periapt":4,"Ice Cream":7,"Bag of Preparation":6,"Frozen Egg 2":5,"Cracked Core":0,"Nuclear Battery":0},{"Darkstone Periapt":15,"Ice Cream":32,"Bag of Preparation":28,"Frozen Egg 2":25,"Cracked Core":0,"Nuclear Battery":0}]},"card_choices":[{"not_picked":["Storm","Redo"],"picked":"Cold Snap","floor":1},{"not_picked":["Skim","Streamline"],"picked":"Compile Driver","floor":3},{"not_picked":["Double Energy","Chill"],"picked":"Sweeping Beam","floor":4},{"not_picked":["BootSequence","Stack"],"picked":"Meteor Strike","floor":7},{"not_picked":["Go for the Eyes","Turbo"],"picked":"Hologram","floor":10},{"not_picked":["Rebound","Melter"],"picked":"Ball Lightning","floor":11},{"not_picked":["Aggregate","Rebound","BootSequence"],"picked":"SKIP","floor":14}],"player_experience":1468783,"relics_obtained":[{"floor":9,"key":"Darkstone Periapt"},{"floor":10,"key":"Frozen Egg 2"},{"floor":13,"key":"Bag of Preparation"},{"floor":14,"key":"Ice Cream"}],"event_choices":[{"cards_removed":["Strike_B"],"damage_healed":0,"gold_gain":0,"player_choice":"Purged","damage_taken":0,"max_hp_gain":0,"max_hp_loss":0,"event_name":"Purifier","floor":2,"gold_loss":0},{"damage_healed":0,"gold_gain":175,"player_choice":"AGREE","damage_taken":0,"max_hp_gain":0,"max_hp_loss":0,"event_name":"Liars Game","floor":5,"gold_loss":0,"cards_obtained":["Doubt"]},{"damage_healed":0,"gold_gain":0,"cards_transformed":["Meteor Strike"],"player_choice":"Change","damage_taken":0,"max_hp_gain":0,"max_hp_loss":0,"event_name":"Living Wall","floor":12,"gold_loss":0,"cards_obtained":["Glacier"]}],"is_beta":false,"boss_relics":[],"items_purged_floors":[],"is_endless":false,"potions_floor_spawned":[1,10,11,14],"killed_by":"The Guardian","ascension_level":12}}