{"host":"xrdu44lqyrrw1kvr","time":1608676702,"event":{"mods":["Aspiration","BaseMod","Colored Powertips","Minty Spire (QoL Compilation)","Relic Stats","Replay The Spire","StSLib","The Hayseed"],"gold_per_floor":[115,115,40,60,74,103,103,135,135,151,196,196,215,62,62,178,178,193,227,24,24,55,402,402,402,448,479,175,217,217,259,259,380,380,406,432,11,47,0,58,58,115,115,115,175,26,26,72,72,102,102],"floor_reached":50,"playtime":4212,"items_purged":["TheSimpletonMod:Strike_TheSimpleton","TheSimpletonMod:Strike_TheSimpleton","TheSimpletonMod:Defend_TheSimpleton","TheSimpletonMod:Strike_TheSimpleton+1","TheSimpletonMod:Mulch"],"score":953,"play_id":"c3440836-2559-4081-a2fb-bbf4bf7429aa","local_time":"20201223013822","is_ascension_mode":true,"campfire_choices":[{"data":"TheSimpletonMod:GoToMarket","floor":7,"key":"SMITH"},{"data":"TheSimpletonMod:OnionBloom","floor":15,"key":"SMITH"},{"data":"TheSimpletonMod:GoToMarket","floor":24,"key":"SMITH"},{"data":"TheSimpletonMod:Polyculture","floor":32,"key":"SMITH"},{"floor":41,"key":"RECALL"},{"data":"TheSimpletonMod:VolatileFumes","floor":44,"key":"SMITH"},{"floor":49,"key":"REST"}],"circlet_count":0,"master_deck":["TheSimpletonMod:Defend_TheSimpleton","TheSimpletonMod:Defend_TheSimpleton+1","TheSimpletonMod:Defend_TheSimpleton","TheSimpletonMod:Haymaker+1","TheSimpletonMod:ReapAndSow+1","TheSimpletonMod:CloseScrape+1","TheSimpletonMod:GoToMarket+1","TheSimpletonMod:OnionBloom+1","TheSimpletonMod:Polyculture+1","TheSimpletonMod:Potatoes","TheSimpletonMod:VolatileFumes+1","TheSimpletonMod:Swelter","TheSimpletonMod:OnionBloom","TheSimpletonMod:GoToMarket+1","TheSimpletonMod:VineRipen+1","TheSimpletonMod:VolatileFumes","TheSimpletonMod:Mulch+1","TheSimpletonMod:Potatoes+1","TheSimpletonMod:CropRotation+1","TheSimpletonMod:Swelter+1","TheSimpletonMod:Rototilling","TheSimpletonMod:GoToMarket+1","TheSimpletonMod:Rake+1"],"relics":["TheSimpletonMod:SpudOfTheInnocent","TheSimpletonMod:NightSoil","TheSimpletonMod:TheHarvester","Nunchaku","Garlic","TheSimpletonMod:CashCrop","Meat on the Bone","Whetstone","Philosopher\u0027s Stone","Replay:Wax Seal","Old Coin","Bag of Preparation","Blue Doll","SlaversCollar","Potion Belt","Red Mask","aspiration:HummingbirdHeart","Lantern","Centennial Puzzle","Art of War"],"acts_visited":["Exordium","TheCity","TheBeyond"],"potions_floor_usage":[6,8,10,13,19,23,31,37,40,50,50,50,50],"damage_taken":[{"damage":11,"enemies":"Jaw Worm","floor":1,"turns":6},{"damage":7,"enemies":"Small Slimes","floor":4,"turns":2},{"damage":1,"enemies":"Cultist","floor":5,"turns":3},{"damage":20,"enemies":"Replay:BlueRogue","floor":6,"turns":9},{"damage":7,"enemies":"3 Sentries","floor":8,"turns":5},{"damage":4,"enemies":"3 Louse","floor":10,"turns":2},{"damage":13,"enemies":"Lagavulin","floor":11,"turns":6},{"damage":0,"enemies":"Looter","floor":13,"turns":1},{"damage":0,"enemies":"The Guardian","floor":16,"turns":9},{"damage":10,"enemies":"2 Thieves","floor":18,"turns":3},{"damage":26,"enemies":"Spheric Guardian","floor":19,"turns":5},{"damage":26,"enemies":"Snecko","floor":22,"turns":6},{"damage":31,"enemies":"Book of Stabbing","floor":23,"turns":6},{"damage":0,"enemies":"3 Cultists","floor":27,"turns":3},{"damage":11,"enemies":"Cultist and Chosen","floor":29,"turns":6},{"damage":15,"enemies":"Slavers","floor":31,"turns":5},{"damage":19,"enemies":"Champ","floor":33,"turns":9},{"damage":14,"enemies":"Orb Walker","floor":35,"turns":3},{"damage":34,"enemies":"3 Darklings","floor":36,"turns":6},{"damage":15,"enemies":"Maw","floor":38,"turns":10},{"damage":30,"enemies":"Giant Head","floor":40,"turns":8},{"damage":11,"enemies":"Reptomancer","floor":42,"turns":7},{"damage":31,"enemies":"Nemesis","floor":45,"turns":5},{"damage":13,"enemies":"Sphere and 2 Shapes","floor":48,"turns":6},{"damage":80,"enemies":"Time Eater","floor":50,"turns":12}],"seed_played":"1041210255204131102","potions_obtained":[{"floor":5,"key":"Venom Potion"},{"floor":6,"key":"SteroidPotion"},{"floor":8,"key":"Adrenaline Potion"},{"floor":11,"key":"Fire Potion"},{"floor":16,"key":"SpeedPotion"},{"floor":19,"key":"Elixir"},{"floor":27,"key":"Languid Potion"},{"floor":29,"key":"Dexterity Potion"},{"floor":33,"key":"Weak Potion"},{"floor":35,"key":"PowerPotion"},{"floor":36,"key":"Dexterity Potion"},{"floor":42,"key":"SteroidPotion"},{"floor":45,"key":"SteroidPotion"}],"is_trial":false,"path_per_floor":["M","?","$","M","M","E","R","E","T","M","E","?","M","$","R","B",null,"M","M","$","?","M","E","R","?","T","M","$","M","?","E","R","B",null,"M","M","$","M","?","E","R","E","T","R","E","$","?","M","R","B"],"character_chosen":"THE_SIMPLETON","items_purchased":["TheSimpletonMod:Potatoes","Replay:Wax Seal","Bag of Preparation","Potion Belt","Fruit Juice","DuplicationPotion","LiquidBronze"],"campfire_rested":1,"item_purchase_floors":[14,20,28,37,37,46,46],"current_hp_per_floor":[61,61,61,58,61,45,45,42,42,42,45,30,48,48,48,54,70,66,40,40,40,32,19,19,13,13,31,31,42,42,45,45,44,67,59,43,48,43,43,35,35,48,48,48,35,35,35,46,70,0,0],"gold":102,"neow_bonus":"RANDOM_COMMON_RELIC","is_daily":false,"chose_seed":false,"campfire_upgraded":5,"win_rate":0.0,"timestamp":1608676702,"path_taken":["M","?","$","M","M","E","R","E","T","M","E","?","M","$","R","BOSS","M","M","$","?","M","E","R","?","T","?","$","M","?","E","R","BOSS","M","M","$","M","?","E","R","E","T","R","E","$","?","M","R","BOSS"],"items_purchased_type":["Card","Relic","Relic","Relic","Potion","Potion","Potion"],"build_version":"2020-12-13","purchased_purges":5,"victory":false,"max_hp_per_floor":[75,75,75,75,75,75,75,75,75,75,75,75,75,75,75,75,75,75,75,75,75,75,75,75,75,75,75,75,75,75,75,75,75,75,75,75,80,80,80,80,80,80,80,80,80,80,80,80,80,80,80],"relic_stats":{"Nunchaku":[38],"Centennial Puzzle":[9],"counters":[25,136],"Bag of Preparation":[22],"Art of War":[2],"Whetstone":["TheSimpletonMod:Strike_TheSimpleton","TheSimpletonMod:ReapAndSow"],"obtain_stats":[{"Potion Belt":37,"Lantern":42,"TheSimpletonMod:CashCrop":8,"Blue Doll":31,"Bag of Preparation":28,"aspiration:HummingbirdHeart":40,"Whetstone":11,"Old Coin":23,"TheSimpletonMod:TheHarvester":0,"SlaversCollar":34,"Nunchaku":0,"Centennial Puzzle":43,"Philosopher\u0027s Stone":17,"TheSimpletonMod:SpudOfTheInnocent":0,"Garlic":6,"Red Mask":39,"Art of War":45,"Replay:Wax Seal":20,"TheSimpletonMod:NightSoil":0,"Meat on the Bone":9},{"Potion Belt":19,"Lantern":22,"TheSimpletonMod:CashCrop":5,"Blue Doll":16,"Bag of Preparation":14,"aspiration:HummingbirdHeart":21,"Whetstone":7,"Old Coin":13,"TheSimpletonMod:TheHarvester":0,"SlaversCollar":17,"Nunchaku":0,"Centennial Puzzle":22,"Philosopher\u0027s Stone":9,"TheSimpletonMod:SpudOfTheInnocent":0,"Garlic":4,"Red Mask":20,"Art of War":23,"Replay:Wax Seal":11,"TheSimpletonMod:NightSoil":0,"Meat on the Bone":5},{"Potion Belt":91,"Lantern":113,"TheSimpletonMod:CashCrop":25,"Blue Doll":75,"Bag of Preparation":65,"aspiration:HummingbirdHeart":107,"Whetstone":33,"Old Coin":62,"TheSimpletonMod:TheHarvester":0,"SlaversCollar":83,"Nunchaku":0,"Centennial Puzzle":113,"Philosopher\u0027s Stone":43,"TheSimpletonMod:SpudOfTheInnocent":0,"Garlic":20,"Red Mask":100,"Art of War":118,"Replay:Wax Seal":51,"TheSimpletonMod:NightSoil":0,"Meat on the Bone":25}],"Meat on the Bone":156},"card_choices":[{"not_picked":["TheSimpletonMod:SlashAndBurn","TheSimpletonMod:BumperCrop","TheSimpletonMod:SeedCoat"],"picked":"SKIP","floor":1},{"not_picked":["TheSimpletonMod:BumperCrop","TheSimpletonMod:BirdFeeder","TheSimpletonMod:ControlledBurn"],"picked":"SKIP","floor":4},{"not_picked":["TheSimpletonMod:PestManagement","TheSimpletonMod:Innovate","TheSimpletonMod:SeedCoat"],"picked":"SKIP","floor":5},{"not_picked":["TheSimpletonMod:SaladShooter","TheSimpletonMod:CropRotation"],"picked":"TheSimpletonMod:GoToMarket","floor":6},{"not_picked":["TheSimpletonMod:SpiceUp","TheSimpletonMod:BumperCrop"],"picked":"TheSimpletonMod:OnionBloom","floor":8},{"not_picked":["TheSimpletonMod:Ferment","TheSimpletonMod:Sunchoke","TheSimpletonMod:Thresh"],"picked":"SKIP","floor":10},{"not_picked":["TheSimpletonMod:SlashAndBurn","TheSimpletonMod:PestManagement"],"picked":"TheSimpletonMod:Polyculture","floor":11},{"not_picked":["TheSimpletonMod:DigIn","TheSimpletonMod:Photosynthesis","TheSimpletonMod:Sunchoke"],"picked":"SKIP","floor":13},{"not_picked":["TheSimpletonMod:FlashPasteurize","TheSimpletonMod:CropDiversity"],"picked":"TheSimpletonMod:VolatileFumes","floor":16},{"not_picked":["TheSimpletonMod:SoilSample","TheSimpletonMod:Rototilling"],"picked":"TheSimpletonMod:Mulch","floor":18},{"not_picked":["TheSimpletonMod:Sunseed+1","TheSimpletonMod:SpiceUp"],"picked":"TheSimpletonMod:Swelter","floor":19},{"not_picked":["TheSimpletonMod:Fertilaser","TheSimpletonMod:StockTheCellar"],"picked":"TheSimpletonMod:GoToMarket","floor":22},{"not_picked":["TheSimpletonMod:Mulch","TheSimpletonMod:KeenEdge","TheSimpletonMod:Innovate"],"picked":"SKIP","floor":23},{"not_picked":["TheSimpletonMod:Rototilling+1","TheSimpletonMod:SaladShooter"],"picked":"TheSimpletonMod:VineRipen+1","floor":27},{"not_picked":["TheSimpletonMod:Sunchoke","TheSimpletonMod:DigIn","TheSimpletonMod:SeedCoat"],"picked":"SKIP","floor":29},{"not_picked":["TheSimpletonMod:Mulch","TheSimpletonMod:DoubleBarrel"],"picked":"TheSimpletonMod:VolatileFumes","floor":31},{"not_picked":["TheSimpletonMod:DoubleBarrel+1","TheSimpletonMod:SeedCoat+1"],"picked":"TheSimpletonMod:Mulch+1","floor":35},{"not_picked":["TheSimpletonMod:SaladShooter","TheSimpletonMod:CloseScrape+1"],"picked":"TheSimpletonMod:Potatoes+1","floor":36},{"not_picked":["TheSimpletonMod:Potatoes","TheSimpletonMod:SeedCoat+1"],"picked":"TheSimpletonMod:CropRotation+1","floor":38},{"not_picked":["TheSimpletonMod:BirdFeeder","TheSimpletonMod:DoubleBarrel+1"],"picked":"TheSimpletonMod:Swelter+1","floor":40},{"not_picked":["TheSimpletonMod:Sunchoke","TheSimpletonMod:Aerate+1","TheSimpletonMod:Swelter"],"picked":"SKIP","floor":42},{"not_picked":["TheSimpletonMod:SeedCoat+1","TheSimpletonMod:BumperCrop+1"],"picked":"TheSimpletonMod:Rototilling","floor":45},{"not_picked":["TheSimpletonMod:Germinate","TheSimpletonMod:CullingStrike"],"picked":"TheSimpletonMod:Rake+1","floor":48}],"player_experience":2020338,"relics_obtained":[{"floor":6,"key":"Garlic"},{"floor":8,"key":"TheSimpletonMod:CashCrop"},{"floor":9,"key":"Meat on the Bone"},{"floor":11,"key":"Whetstone"},{"floor":23,"key":"Old Coin"},{"floor":31,"key":"Blue Doll"},{"floor":40,"key":"aspiration:HummingbirdHeart"},{"floor":42,"key":"Lantern"},{"floor":43,"key":"Centennial Puzzle"},{"floor":45,"key":"Art of War"}],"event_choices":[{"damage_healed":0,"gold_gain":0,"player_choice":"Entered Light","damage_taken":15,"max_hp_gain":0,"max_hp_loss":0,"event_name":"Shining Light","floor":12,"gold_loss":0,"cards_upgraded":["TheSimpletonMod:Defend_TheSimpleton","TheSimpletonMod:Haymaker"]},{"damage_healed":0,"gold_gain":0,"player_choice":"Read","damage_taken":0,"max_hp_gain":0,"max_hp_loss":0,"event_name":"The Library","floor":21,"gold_loss":0,"cards_obtained":["TheSimpletonMod:OnionBloom"]},{"damage_healed":0,"gold_gain":0,"player_choice":"","damage_taken":6,"max_hp_gain":0,"max_hp_loss":0,"event_name":"Knowing Skull","floor":25,"potions_obtained":[],"gold_loss":0,"cards_obtained":[]},{"damage_healed":0,"gold_gain":0,"player_choice":"Paid","damage_taken":0,"relics_obtained":["Red Mask"],"max_hp_gain":0,"max_hp_loss":0,"event_name":"Tomb of Lord Red Mask","floor":39,"gold_loss":47},{"damage_healed":0,"gold_gain":0,"player_choice":"Copied","damage_taken":0,"max_hp_gain":0,"max_hp_loss":0,"event_name":"Duplicator","floor":47,"gold_loss":0,"cards_obtained":["TheSimpletonMod:GoToMarket"]}],"is_beta":false,"boss_relics":[{"not_picked":["Runic Pyramid","aspiration:RunicSpoon"],"picked":"Philosopher\u0027s Stone"},{"not_picked":["WristBlade","aspiration:FutureDiary"],"picked":"SlaversCollar"}],"items_purged_floors":[3,14,20,28,37],"is_endless":false,"potions_floor_spawned":[5,6,8,11,16,19,27,29,33,35,36,42,45],"killed_by":"Time Eater","ascension_level":8}}