{"host":"5jn3rki867005t18","time":1608625600,"event":{"mods":["2.2 Compatiblity","AchievementEnabler","BaseMod","Colored Map","DeckTracker","Minty Spire (QoL Compilation)","Permanent Neow","Rare Cards Sparkle","StSLib","SuperFastMode"],"gold_per_floor":[111,111,125,125,141,141,174,185,185,360,18,32,32,32,32,137,137,154,79,79,95,195,221,221,221,246,246,26,52,152,171,171,171,171],"floor_reached":33,"playtime":1519,"items_purged":["Strike_G"],"score":281,"play_id":"ce721be8-ace1-4252-a719-1a872acc2886","local_time":"20201222172640","is_ascension_mode":false,"campfire_choices":[{"floor":6,"key":"REST"},{"floor":15,"key":"REST"},{"floor":24,"key":"REST"},{"floor":27,"key":"REST"},{"floor":32,"key":"REST"}],"circlet_count":0,"master_deck":["Strike_G","Strike_G","Strike_G","Defend_G","Defend_G","Defend_G","Defend_G+1","Defend_G","Survivor","Neutralize","Poisoned Stab","Doppelganger+1","Masterful Stab","Mind Blast","Deflect","Leg Sweep","Flying Knee","Phantasmal Killer+1","Doubt","Poisoned Stab","Acrobatics","A Thousand Cuts","Blade Dance+1","Shame","Terror","Heel Hook","Dramatic Entrance","Normality","Glass Knife","Flying Knee+1","PiercingWail","Dagger Spray+1"],"relics":["Ring of the Snake","Juzu Bracelet","Pantograph","Mercury Hourglass","CaptainsWheel","Cursed Key","Question Card","Strawberry","Regal Pillow","Orichalcum","Darkstone Periapt","Ginger","HornCleat"],"acts_visited":["Exordium","TheCity"],"potions_floor_usage":[16,23,30,30,33],"damage_taken":[{"damage":5,"enemies":"2 Louse","floor":1,"turns":3},{"damage":13,"enemies":"Cultist","floor":3,"turns":4},{"damage":4,"enemies":"Jaw Worm","floor":5,"turns":4},{"damage":22,"enemies":"3 Sentries","floor":7,"turns":12},{"damage":5,"enemies":"Looter","floor":8,"turns":4},{"damage":11,"enemies":"Lots of Slimes","floor":12,"turns":2},{"damage":44,"enemies":"Slime Boss","floor":16,"turns":10},{"damage":6,"enemies":"Spheric Guardian","floor":18,"turns":3},{"damage":3,"enemies":"Shell Parasite","floor":21,"turns":5},{"damage":58,"enemies":"Book of Stabbing","floor":23,"turns":8},{"damage":16,"enemies":"Slavers","floor":29,"turns":4},{"damage":6,"enemies":"Colosseum Slavers","floor":30,"turns":4},{"damage":2,"enemies":"Colosseum Nobs","floor":30,"turns":4},{"damage":9,"enemies":"Shelled Parasite and Fungi","floor":31,"turns":4},{"damage":92,"enemies":"Automaton","floor":33,"turns":8}],"seed_played":"2052376358762660466","potions_obtained":[{"floor":1,"key":"Explosive Potion"},{"floor":7,"key":"Ancient Potion"},{"floor":12,"key":"BlessingOfTheForge"},{"floor":21,"key":"Ancient Potion"},{"floor":29,"key":"Weak Potion"}],"is_trial":false,"path_per_floor":["M","?","M","?","M","R","E","M","T","?","$","M","T","?","R","B",null,"M","?","?","M","?","E","R","?","T","R","$","E","?","M","R","B"],"character_chosen":"THE_SILENT","items_purchased":["Poisoned Stab","Mercury Hourglass","Glass Knife","Orichalcum"],"campfire_rested":5,"item_purchase_floors":[11,11,28,28],"current_hp_per_floor":[72,72,59,44,40,63,41,36,36,36,36,25,25,25,48,29,77,71,71,71,68,68,17,42,30,30,70,70,54,46,37,77,0,0],"gold":171,"neow_bonus":"TEN_PERCENT_HP_BONUS","is_daily":false,"chose_seed":false,"campfire_upgraded":0,"win_rate":0.0,"timestamp":1608625600,"path_taken":["M","?","?","?","M","R","E","M","T","?","$","M","?","?","R","BOSS","M","?","?","M","?","E","R","?","T","R","?","E","?","M","R","BOSS"],"items_purchased_type":["Card","Relic","Card","Relic"],"build_version":"2020-12-13","purchased_purges":1,"victory":false,"max_hp_per_floor":[77,77,77,77,77,77,77,77,77,77,77,77,77,77,77,77,77,77,77,77,77,77,84,84,84,84,84,84,84,84,84,84,84,84],"card_choices":[{"not_picked":["Reflex","Heel Hook"],"picked":"Poisoned Stab","floor":1},{"not_picked":["Heel Hook","Distraction"],"picked":"Deflect","floor":3},{"not_picked":["Masterful Stab","Well Laid Plans"],"picked":"Leg Sweep","floor":5},{"not_picked":["Slice","Quick Slash"],"picked":"Flying Knee","floor":7},{"not_picked":["Underhanded Strike","Quick Slash"],"picked":"Phantasmal Killer","floor":8},{"not_picked":["Blade Dance","Slice"],"picked":"Acrobatics","floor":12},{"not_picked":["Venomology","Phantasmal Killer"],"picked":"A Thousand Cuts","floor":16},{"not_picked":["Dagger Throw","Acrobatics"],"picked":"Blade Dance+1","floor":18},{"not_picked":["Flying Knee+1","Dodge and Roll","Masterful Stab"],"picked":"Terror","floor":21},{"not_picked":["Dash","Acrobatics+1","Dodge and Roll"],"picked":"Heel Hook","floor":23},{"not_picked":["Slice","Dagger Throw","Flechettes"],"picked":"Flying Knee+1","floor":29},{"not_picked":["Prepared","Flying Knee","Blade Dance"],"picked":"PiercingWail","floor":30},{"not_picked":["Backstab","Backflip","Malaise"],"picked":"Dagger Spray+1","floor":31}],"player_experience":50985,"relics_obtained":[{"floor":7,"key":"Juzu Bracelet"},{"floor":9,"key":"Pantograph"},{"floor":13,"key":"CaptainsWheel"},{"floor":23,"key":"Strawberry"},{"floor":26,"key":"Regal Pillow"},{"floor":29,"key":"Darkstone Periapt"},{"floor":30,"key":"Ginger"},{"floor":30,"key":"HornCleat"}],"event_choices":[{"damage_healed":0,"gold_gain":0,"player_choice":"3 cards matched","damage_taken":0,"max_hp_gain":0,"max_hp_loss":0,"event_name":"Match and Keep!","floor":2,"gold_loss":0,"cards_obtained":["Doppelganger","Masterful Stab","Mind Blast"]},{"damage_healed":0,"gold_gain":0,"player_choice":"Entered Light","damage_taken":15,"max_hp_gain":0,"max_hp_loss":0,"event_name":"Shining Light","floor":4,"gold_loss":0,"cards_upgraded":["Defend_G","Doppelganger"]},{"damage_healed":0,"gold_gain":175,"player_choice":"AGREE","damage_taken":0,"max_hp_gain":0,"max_hp_loss":0,"event_name":"Liars Game","floor":10,"gold_loss":0,"cards_obtained":["Doubt"]},{"damage_healed":0,"gold_gain":0,"player_choice":"Grow","damage_taken":0,"max_hp_gain":0,"max_hp_loss":0,"event_name":"Living Wall","floor":14,"gold_loss":0,"cards_upgraded":["Phantasmal Killer"]},{"cards_removed":["Strike_G"],"damage_healed":0,"gold_gain":0,"player_choice":"Gave Gold","damage_taken":0,"max_hp_gain":0,"max_hp_loss":0,"event_name":"Beggar","floor":19,"gold_loss":75},{"damage_healed":0,"gold_gain":0,"player_choice":"Stole Relic","damage_taken":0,"relics_obtained":["Question Card"],"max_hp_gain":0,"max_hp_loss":0,"event_name":"Addict","floor":20,"gold_loss":0,"cards_obtained":["Shame"]},{"damage_healed":0,"gold_gain":100,"player_choice":"Pray","damage_taken":0,"max_hp_gain":0,"max_hp_loss":0,"event_name":"Golden Shrine","floor":22,"gold_loss":0},{"damage_healed":0,"gold_gain":0,"player_choice":"CARD ","damage_taken":12,"max_hp_gain":0,"max_hp_loss":0,"event_name":"Knowing Skull","floor":25,"potions_obtained":[],"gold_loss":0,"cards_obtained":["Dramatic Entrance"]},{"damage_healed":0,"gold_gain":0,"player_choice":"Fight","damage_taken":0,"max_hp_gain":0,"max_hp_loss":0,"event_name":"Colosseum","floor":30,"gold_loss":0},{"damage_healed":0,"gold_gain":0,"player_choice":"Fought Nobs","damage_taken":0,"max_hp_gain":0,"max_hp_loss":0,"event_name":"Colosseum","floor":30,"gold_loss":0}],"is_beta":false,"boss_relics":[{"not_picked":["WristBlade","Fusion Hammer"],"picked":"Cursed Key"}],"items_purged_floors":[11],"is_endless":false,"potions_floor_spawned":[1,7,12,21,29],"killed_by":"Automaton","ascension_level":0}}