{"host":"dvpvhz1t6etneyb3","time":1608611832,"event":{"mods":["AchievementEnabler","BaseMod","Colored Map","Highlight Path","Minty Spire (QoL Compilation)","Permanent Neow","Quick Restart"],"gold_per_floor":[111,130,130,140,35,60,60,82,106,136,136,136,155,168,168,240,240,180,23,23,23,23,23,23,23,23,23,23,23,23,23,23,23,23,23,23,23,23,23,23,23,23,23,23,23,23,23,23,23,23,23],"floor_reached":52,"playtime":12134,"items_purged":[],"score":1863,"play_id":"18d2b1b7-594b-400f-b48d-03b64ee39ea8","local_time":"20201221233712","is_ascension_mode":true,"campfire_choices":[{"floor":7.0,"key":"REST"},{"data":"Predator","floor":12.0,"key":"SMITH"},{"floor":15.0,"key":"REST"},{"floor":23.0,"key":"REST"},{"floor":25.0,"key":"REST"},{"floor":30.0,"key":"REST"},{"data":"Catalyst","floor":32.0,"key":"SMITH"},{"data":"Noxious Fumes","floor":40.0,"key":"SMITH"},{"floor":44.0,"key":"REST"},{"data":"Night Terror","floor":47,"key":"SMITH"},{"data":"Catalyst","floor":49,"key":"SMITH"}],"circlet_count":0,"master_deck":["AscendersBane","Strike_G","Strike_G","Strike_G","Defend_G","Defend_G","Defend_G","Defend_G","Survivor","Neutralize","Endless Agony","Quick Slash","Endless Agony","Poisoned Stab","All Out Attack","Footwork+1","Backstab","Predator+1","Noxious Fumes+1","Corpse Explosion","Catalyst+1","Backflip","Footwork+1","Poisoned Stab","Catalyst+1","Leg Sweep","Night Terror+1","Cloak And Dagger+1","Prepared+1","Crippling Poison+1","Adrenaline","PiercingWail","Catalyst+1"],"relics":["Empty Cage","Blood Vial","Odd Mushroom","Happy Flower","Snake Skull","Ectoplasm","ClockworkSouvenir","Bird Faced Urn","Vajra","Cursed Key","Mango","MealTicket","Oddly Smooth Stone"],"acts_visited":["Exordium","TheCity","TheBeyond"],"potions_floor_usage":[50],"damage_taken":[{"damage":2.0,"enemies":"Jaw Worm","floor":1.0,"turns":7.0},{"damage":7.0,"enemies":"Small Slimes","floor":2.0,"turns":4.0},{"damage":0.0,"enemies":"Cultist","floor":4.0,"turns":4.0},{"damage":25.0,"enemies":"3 Sentries","floor":6.0,"turns":7.0},{"damage":11.0,"enemies":"The Mushroom Lair","floor":8.0,"turns":4.0},{"damage":18.0,"enemies":"Lagavulin","floor":10.0,"turns":6.0},{"damage":13.0,"enemies":"Large Slime","floor":13.0,"turns":4.0},{"damage":1.0,"enemies":"Lots of Slimes","floor":14.0,"turns":3.0},{"damage":7.0,"enemies":"Slime Boss","floor":16.0,"turns":8.0},{"damage":28.0,"enemies":"2 Thieves","floor":18.0,"turns":3.0},{"damage":23.0,"enemies":"Shell Parasite","floor":20.0,"turns":4.0},{"damage":11.0,"enemies":"Snake Plant","floor":21.0,"turns":4.0},{"damage":2.0,"enemies":"Cultist and Chosen","floor":24.0,"turns":3.0},{"damage":36.0,"enemies":"Gremlin Leader","floor":27.0,"turns":7.0},{"damage":15.0,"enemies":"3 Cultists","floor":28.0,"turns":4.0},{"damage":13.0,"enemies":"Snake Plant","floor":29.0,"turns":4.0},{"damage":9.0,"enemies":"Chosen and Byrds","floor":31.0,"turns":4.0},{"damage":26.0,"enemies":"Champ","floor":33.0,"turns":12.0},{"damage":18.0,"enemies":"3 Darklings","floor":35.0,"turns":3.0},{"damage":22.0,"enemies":"3 Shapes","floor":37.0,"turns":5.0},{"damage":2.0,"enemies":"Mind Bloom Boss Battle","floor":38.0,"turns":9.0},{"damage":19.0,"enemies":"Nemesis","floor":41.0,"turns":7.0},{"damage":9.0,"enemies":"Jaw Worm Horde","floor":42.0,"turns":3.0},{"damage":14,"enemies":"Reptomancer","floor":45,"turns":3},{"damage":1,"enemies":"Spire Growth","floor":46,"turns":4},{"damage":12,"enemies":"Maw","floor":48,"turns":5},{"damage":12,"enemies":"Time Eater","floor":50,"turns":4},{"damage":66,"enemies":"Donu and Deca","floor":51,"turns":7}],"seed_played":"7500278992938923579","potions_obtained":[{"floor":1.0,"key":"CultistPotion"},{"floor":2.0,"key":"PowerPotion"},{"floor":14.0,"key":"Dexterity Potion"},{"floor":16.0,"key":"Ancient Potion"},{"floor":20.0,"key":"Fire Potion"},{"floor":27.0,"key":"GhostInAJar"},{"floor":28.0,"key":"SteroidPotion"},{"floor":35.0,"key":"LiquidBronze"},{"floor":38.0,"key":"GamblersBrew"},{"floor":42.0,"key":"Fire Potion"}],"is_trial":false,"path_per_floor":["M","M","?","M","$","E","R","?","T","E","?","R","M","M","R","B",null,"M","$","M","M","?","R","M","R","T","E","M","M","R","M","R","B",null,"M","?","M","?","T","R","E","M","T","R","E","M","R","M","R","B","B",null],"character_chosen":"THE_SILENT","items_purchased":["Poisoned Stab","All Out Attack","ClockworkSouvenir"],"campfire_rested":6,"item_purchase_floors":[5,5,19],"current_hp_per_floor":[57,50,55,55,55,30,51,42,42,26,26,26,15,16,37,32,61,35,35,14,5,5,26,26,47,47,19,10,5,26,25,25,7,55,41,41,27,53,53,53,48,47,47,72,64,71,71,67,67,63,5],"gold":23,"neow_bonus":"BOSS_RELIC","is_daily":false,"chose_seed":false,"campfire_upgraded":5,"win_rate":0.0,"timestamp":1608611832,"path_taken":["M","M","?","M","$","E","R","?","T","E","?","R","M","M","R","BOSS","M","$","M","?","?","R","M","R","T","E","?","M","R","M","R","BOSS","M","?","M","?","?","R","E","M","T","R","E","M","R","M","R","BOSS","BOSS"],"items_purchased_type":["Card","Card","Relic"],"build_version":"2020-12-13","purchased_purges":0,"victory":true,"max_hp_per_floor":[66,66,71,71,71,71,71,71,71,71,71,71,71,71,71,71,71,71,71,71,71,71,71,71,71,71,71,71,71,71,71,71,71,71,71,71,71,85,85,85,85,85,85,85,85,85,85,85,85,85,85],"card_choices":[{"not_picked":["All Out Attack","Flying Knee"],"picked":"Endless Agony","floor":1.0},{"not_picked":["Infinite Blades","Flechettes"],"picked":"Quick Slash","floor":2.0},{"not_picked":["Concentrate","Outmaneuver"],"picked":"Endless Agony","floor":4.0},{"not_picked":["Dagger Throw","Night Terror"],"picked":"Footwork","floor":6.0},{"not_picked":["Sucker Punch","Slice"],"picked":"Backstab","floor":8.0},{"not_picked":["Deflect","PiercingWail"],"picked":"Predator","floor":10.0},{"not_picked":["All Out Attack","Sucker Punch"],"picked":"Noxious Fumes","floor":13.0},{"not_picked":["Bane","Dodge and Roll","Prepared"],"picked":"SKIP","floor":14.0},{"not_picked":["Die Die Die","Tools of the Trade"],"picked":"Corpse Explosion","floor":16.0},{"not_picked":["Slice","Predator"],"picked":"Catalyst","floor":18.0},{"not_picked":["Sucker Punch","Bane","Slice"],"picked":"SKIP","floor":20.0},{"not_picked":["Underhanded Strike+1","Terror"],"picked":"Backflip","floor":21.0},{"not_picked":["Flying Knee","Underhanded Strike"],"picked":"Poisoned Stab","floor":24.0},{"not_picked":["Unload","Bane","Expertise"],"picked":"SKIP","floor":27.0},{"not_picked":["Calculated Gamble","Backstab","Distraction"],"picked":"SKIP","floor":28.0},{"not_picked":["Blade Dance","Dagger Spray"],"picked":"Catalyst+1","floor":29.0},{"not_picked":["Setup","Dagger Throw+1"],"picked":"Leg Sweep","floor":31.0},{"not_picked":["Wraith Form v2","Adrenaline"],"picked":"Night Terror","floor":33.0},{"not_picked":["Finisher","Dagger Spray"],"picked":"Cloak And Dagger+1","floor":35.0},{"not_picked":["Concentrate","Quick Slash"],"picked":"Prepared+1","floor":37.0},{"not_picked":["Reflex","Escape Plan"],"picked":"Crippling Poison+1","floor":41.0},{"not_picked":["Dagger Spray","Slice+1"],"picked":"Adrenaline","floor":42.0},{"not_picked":["Quick Slash","Cloak And Dagger","Underhanded Strike+1"],"picked":"SKIP","floor":45},{"not_picked":["Finisher","Cloak And Dagger"],"picked":"PiercingWail","floor":46},{"not_picked":["Deflect+1","All Out Attack"],"picked":"Catalyst","floor":48}],"player_experience":1918047,"relics_obtained":[{"floor":6.0,"key":"Blood Vial"},{"floor":8.0,"key":"Odd Mushroom"},{"floor":9.0,"key":"Happy Flower"},{"floor":10.0,"key":"Snake Skull"},{"floor":26.0,"key":"Bird Faced Urn"},{"floor":27.0,"key":"Vajra"},{"floor":38.0,"key":"Mango"},{"floor":41.0,"key":"MealTicket"},{"floor":45,"key":"Oddly Smooth Stone"}],"event_choices":[{"damage_healed":0.0,"max_hp_gain":5.0,"max_hp_loss":0.0,"gold_gain":0.0,"event_name":"Big Fish","player_choice":"Donut","floor":3.0,"gold_loss":0.0,"damage_taken":0.0},{"damage_healed":0.0,"max_hp_gain":0.0,"max_hp_loss":0.0,"gold_gain":0.0,"event_name":"Mushrooms","player_choice":"Fought Mushrooms","floor":8.0,"gold_loss":0.0,"damage_taken":0.0},{"damage_healed":0.0,"max_hp_gain":0.0,"max_hp_loss":0.0,"gold_gain":0.0,"event_name":"Upgrade Shrine","player_choice":"Upgraded","floor":11.0,"gold_loss":0.0,"damage_taken":0.0,"cards_upgraded":["Footwork"]},{"damage_healed":0.0,"max_hp_gain":0.0,"max_hp_loss":0.0,"gold_gain":0.0,"event_name":"Duplicator","player_choice":"Copied","floor":22.0,"gold_loss":0.0,"damage_taken":0.0,"cards_obtained":["Footwork"]},{"cards_removed":["Strike_G"],"damage_healed":0.0,"max_hp_gain":0.0,"max_hp_loss":0.0,"gold_gain":0.0,"event_name":"Falling","player_choice":"Removed Attack","floor":36.0,"gold_loss":0.0,"damage_taken":0.0},{"damage_healed":0.0,"max_hp_gain":0.0,"max_hp_loss":0.0,"gold_gain":0.0,"event_name":"MindBloom","player_choice":"Fight","floor":38.0,"gold_loss":0.0,"damage_taken":0.0}],"is_beta":false,"boss_relics":[{"not_picked":["Runic Pyramid","Coffee Dripper"],"picked":"Ectoplasm"},{"not_picked":["Snecko Eye","Black Star"],"picked":"Cursed Key"}],"items_purged_floors":[],"is_endless":false,"potions_floor_spawned":[1,2,14,16,20,27,28,35,38,42,45],"ascension_level":20}}