{"host":"uv231blk40vjdojr","time":1608646843,"event":{"mods":["BaseMod","Minty Spire (QoL Compilation)","Relic Stats"],"gold_per_floor":[219,23,23,23,82,147,147,147,147],"floor_reached":8,"playtime":331,"items_purged":[],"score":95,"play_id":"111c5f56-a6d4-422c-bcaf-b318ae445f0f","local_time":"20201222152043","is_ascension_mode":true,"campfire_choices":[{"data":"HandOfGreed","floor":7,"key":"SMITH"}],"circlet_count":0,"master_deck":["AscendersBane","Strike_R","Strike_R","Strike_R","Strike_R","Strike_R","Defend_R","Defend_R","Defend_R","Defend_R","Bash","Sword Boomerang","HandOfGreed+1","Blood for Blood","Pommel Strike"],"relics":["Burning Blood","FaceOfCleric","Prayer Wheel"],"acts_visited":["Exordium"],"potions_floor_usage":[8],"damage_taken":[{"damage":6,"enemies":"2 Louse","floor":1,"turns":3},{"damage":1,"enemies":"Small Slimes","floor":5,"turns":5},{"damage":50,"enemies":"3 Sentries","floor":6,"turns":9},{"damage":47,"enemies":"Lagavulin","floor":8,"turns":7}],"seed_played":"486956731927598285","potions_obtained":[{"floor":5,"key":"SkillPotion"}],"is_trial":false,"path_per_floor":["M","$","?","?","M","E","R","E"],"character_chosen":"IRONCLAD","items_purchased":["HandOfGreed"],"campfire_rested":0,"item_purchase_floors":[2],"current_hp_per_floor":[68,68,68,68,74,31,31,0,0],"gold":147,"neow_bonus":"HUNDRED_GOLD","is_daily":false,"chose_seed":false,"campfire_upgraded":1,"win_rate":0.0,"timestamp":1608646843,"path_taken":["M","$","?","?","?","E","R","E"],"items_purchased_type":["Card"],"build_version":"2020-12-13","purchased_purges":0,"victory":false,"max_hp_per_floor":[75,75,75,75,76,77,77,77,77],"relic_stats":{"FaceOfCleric":2,"counters":[4,24],"Prayer Wheel":0,"obtain_stats":[{"FaceOfCleric":4,"Prayer Wheel":6,"Burning Blood":0},{"FaceOfCleric":1,"Prayer Wheel":3,"Burning Blood":0},{"FaceOfCleric":3,"Prayer Wheel":17,"Burning Blood":0}],"Burning Blood":18},"card_choices":[{"not_picked":["Armaments","Disarm"],"picked":"Sword Boomerang","floor":1},{"not_picked":["Havoc","Thunderclap"],"picked":"Blood for Blood","floor":5},{"not_picked":["Heavy Blade","Battle Trance"],"picked":"Pommel Strike","floor":6}],"player_experience":522277,"relics_obtained":[{"floor":6,"key":"Prayer Wheel"}],"event_choices":[{"damage_healed":0,"gold_gain":0,"player_choice":"Ignored","damage_taken":0,"max_hp_gain":0,"max_hp_loss":0,"event_name":"Liars Game","floor":3,"gold_loss":0},{"damage_healed":0,"gold_gain":0,"player_choice":"Trade","damage_taken":0,"relics_obtained":["FaceOfCleric"],"max_hp_gain":0,"max_hp_loss":0,"event_name":"FaceTrader","floor":4,"gold_loss":0}],"is_beta":false,"boss_relics":[],"items_purged_floors":[],"is_endless":false,"potions_floor_spawned":[5],"killed_by":"Lagavulin","ascension_level":15}}