{"host":"njruw0b0uprlitpx","time":1608615242,"event":{"mods":["2.2 Compatiblity","Astrologer","Bartender","BaseMod","Better Altar","Better Match","Better Note","Better Sensory Stone","Better Skull","Better Third Choice","BetterRewards","Block Reminder","Colored Map","Colored Powertips","Jedi Mod","Keyboard Shortcuts","Magitek Elite","Minty Spire (QoL Compilation)","Quick Restart","Relic Stats","Replay The Spire","SacredBarkPlus","Spicy Shops","StSLib","SuperFastMode","The Bug Knight","The Mystic"],"gold_per_floor":[117,137,157,5,5,5,32,32,32,32,59,59,59,4,4,99,99,115,126,141,141,141,152,44,70,70,102,129,148,148,73,1,16,16,116,116,132,145,145,159,159,159,212,212,212,227,244,244,32,62,62,62],"floor_reached":53,"playtime":1927,"items_purged":["jedi:BattleThirst","Strike_Bartender","Strike_Bartender","Strike_Bartender"],"score":1533,"play_id":"303fa652-168c-44c5-bf95-af3078b7fa97","local_time":"20201221233402","is_ascension_mode":true,"campfire_choices":[{"data":"1","floor":6.0,"key":"LIFT"},{"data":"2","floor":8.0,"key":"LIFT"},{"data":"3","floor":13.0,"key":"LIFT"},{"floor":15.0,"key":"REST"},{"data":"Beat_Rush","floor":26.0,"key":"SMITH"},{"data":"Form_Shift","floor":34.0,"key":"SMITH"},{"data":"Waterkick","floor":42.0,"key":"SMITH"},{"data":"Madness","floor":44.0,"key":"SMITH"},{"data":"Madness","floor":48.0,"key":"SMITH"},{"data":"Scowl","floor":51.0,"key":"SMITH"}],"circlet_count":0,"master_deck":["Strike_Bartender","Defend_Bartender","Defend_Bartender","Defend_Bartender","Defend_Bartender","Somersault","Ball_Of_Ice","jedi:LeechingStrike","Dart+1","Vortex+","ThreeSidedStar","Rope_A_Dope+1","Dancing_Jab","Sucker_Punch","Power_Up_Punch+1","Waterkick+1","Stick_and_Move","Scowl+1","OpoOpo_Form+1","Hook","Form_Shift+1","Ball_Of_Ice","Training_Dummy","Feint","Meteodrive","Snap_Punch","Beat_Rush+1","RockBreaker","Vortex+","High_Tide+1","ThreeSidedStar","Raptor_Form+1","Madness+1","Madness+1","Insight_B+1","jedi:thedog","ThreeSidedStar","Momentum+1","Power_Up_Punch+1","Dolphin_Blow+1"],"relics":["Sneakers","Girya","HollowMod:JonisBlessing","Anchor","Boot","ReplayTheSpireMod:CursedCoin","Replay:Kaleidoscope","Membership Card","Gambling Chip","Frozen Egg 2","Replay:Bottled Eggs","StrikeDummy","Cursed Key","Genji_Glove","Power_Wrist","Bag of Marbles","Tintinnabulum","Spirit Poop","Golden Egg","Philosopher\u0027s Stone","FossilizedHelix","White Beast Statue","Lantern","Dead Branch"],"acts_visited":["Exordium","TheCity","TheBeyond"],"potions_floor_usage":[52,52,52],"damage_taken":[{"damage":0.0,"enemies":"Cultist","floor":1.0,"turns":3.0},{"damage":0.0,"enemies":"Small Slimes","floor":2.0,"turns":2.0},{"damage":0.0,"enemies":"3 Sentries","floor":7.0,"turns":7.0},{"damage":10.0,"enemies":"Lagavulin","floor":11.0,"turns":4.0},{"damage":0.0,"enemies":"The Guardian","floor":16.0,"turns":8.0},{"damage":0.0,"enemies":"3 Byrds","floor":18.0,"turns":3.0},{"damage":0.0,"enemies":"Chosen","floor":19.0,"turns":2.0},{"damage":0.0,"enemies":"3 Cultists","floor":20.0,"turns":3.0},{"damage":0.0,"enemies":"Centurion and Healer","floor":23.0,"turns":5.0},{"damage":0.0,"enemies":"Book of Stabbing","floor":25.0,"turns":3.0},{"damage":0.0,"enemies":"Gremlin Leader","floor":27.0,"turns":3.0},{"damage":0.0,"enemies":"Chosen and Byrds","floor":29.0,"turns":2.0},{"damage":0.0,"enemies":"Sentry and Sphere","floor":33.0,"turns":1.0},{"damage":0.0,"enemies":"Collector","floor":35.0,"turns":4.0},{"damage":0.0,"enemies":"3 Shapes","floor":37.0,"turns":1.0},{"damage":0.0,"enemies":"3 Darklings","floor":38.0,"turns":1.0},{"damage":0.0,"enemies":"Sphere and 2 Shapes","floor":40.0,"turns":2.0},{"damage":0.0,"enemies":"2 Orb Walkers","floor":43.0,"turns":2.0},{"damage":0.0,"enemies":"Maw","floor":46.0,"turns":3.0},{"damage":0.0,"enemies":"Writhing Mass","floor":47.0,"turns":2.0},{"damage":0.0,"enemies":"Giant Head","floor":50.0,"turns":3.0},{"damage":1,"enemies":"Awakened One","floor":52,"turns":5}],"seed_played":"6075178868672873792","potions_obtained":[{"floor":1.0,"key":"DuplicationPotion"},{"floor":7.0,"key":"Adrenaline Potion"},{"floor":20.0,"key":"Strength Potion"},{"floor":25.0,"key":"PowerPotion"},{"floor":37.0,"key":"Milkshake"},{"floor":46.0,"key":"Block Potion"}],"is_trial":false,"path_per_floor":["M","M","?","$","?","R","E","R","T","T","E","?","R","$","R","B",null,"M","M","M","PTL","PTL","M","$","E","R","E","T","M","?","?","?","M","R","B",null,"M","M","?","M","?","R","?","R","T","M","M","R","$","E","R","B",null],"character_chosen":"BARTENDER","items_purchased":["Ball_Of_Ice","HollowMod:JonisBlessing","Anchor","Boot","ReplayTheSpireMod:CursedCoin","jedi:LeechingStrike","Dart","Vortex","ThreeSidedStar","Rope_A_Dope","Membership Card","Waterkick","Stick_and_Move","OpoOpo_Form+1","Hook","Meteodrive","Genji_Glove","Snap_Punch","Lantern","Momentum+1","Power_Up_Punch"],"campfire_rested":1,"item_purchase_floors":[0,0,0,0,0,0,0,0,0,0,4,4,4,14,14,24,24,24,49,49,49],"current_hp_per_floor":[63,63,63,63,63,63,63,63,63,63,53,53,53,53,70,70,70,70,70,70,70,70,70,70,70,70,70,70,70,70,70,70,70,70,70,70,70,70,70,70,61,62,63,64,65,65,65,66,67,67,68,67],"gold":62,"neow_bonus":"","is_daily":false,"chose_seed":false,"campfire_upgraded":6,"win_rate":0.0,"timestamp":1608615242,"path_taken":["M","M","?","$","?","R","E","R","T","?","E","?","R","$","R","BOSS","M","M","?","PTL","PTL","M","$","E","R","E","T","M","?","?","?","M","R","BOSS","M","?","?","M","?","R","?","R","T","M","M","R","?","E","R","BOSS"],"items_purchased_type":["Card","Relic","Relic","Relic","Relic","Card","Card","Card","Card","Card","Relic","Card","Card","Card","Card","Card","Relic","Card","Relic","Card","Card"],"build_version":"2020-12-13","purchased_purges":4,"victory":true,"max_hp_per_floor":[70,70,70,70,70,70,70,70,70,70,70,70,70,70,70,70,70,70,70,70,70,70,70,70,70,70,70,70,70,70,70,70,70,70,70,70,70,70,70,70,70,70,70,70,70,70,70,70,70,70,70,70],"relic_stats":{"counters":[123,434],"Gambling Chip":[14],"Dead Branch":[14],"Boot":[109],"Cursed Key":2,"obtain_stats":[{"Golden Egg":32,"jedi:zontanonomicon":29,"Spirit Poop":30,"Ginger":49,"Bottled Tornado":50,"Boot":0,"Old Coin":33,"Replay:Ringing Soul":16,"jedi:firstaidkit":27,"Sundial":9,"MealTicket":26,"Fusion Hammer":36,"Replay:Wax Seal":12,"Replay:Bottled Steam":19,"Sneakers":31,"Counterbalance":2,"HollowMod:JonisBlessing":0,"Eternal Feather":26,"Pen Nib":0,"Akabeko":28,"Runic Dome":19,"Tintinnabulum":14,"Pandora\u0027s Box":17,"StrikeDummy":50,"Lantern":49,"Bag of Preparation":39,"Smiling Mask":23,"Power_Wrist":49,"Cursed Key":17,"Pet Ghost":12,"energizedSpire:BlackCloud":34,"BranchBurnRelic":31,"Shovel":37,"WingedGreaves":28,"Replay:Bottled Eggs":8,"InkBottle":47,"Potion Belt":14,"Lee\u0027s Waffle":0,"Damaru":36,"PreservedInsect":19,"Protect_Vest":24,"Omamori":9,"Frozen Egg 2":0,"MawBank":28,"Turnip":0,"Art of War":41,"ReplayTheSpireMod:Lightbulb":40,"Ice Cream":38,"Divine Protection":45,"Mark of the Bloom":45,"Gremlin Horn":8,"Vajra":10,"Centennial Puzzle":7,"DollysMirror":23,"jedi:paperlyon":34,"Philosopher\u0027s Stone":19,"Prayer Wheel":8,"Vampire_Amulet":0,"Toxic Egg 2":0,"Girya":47,"Happy Flower":39,"ReplayTheSpireMod:CursedCoin":21,"Replay:Grab Bag":19,"Dead Branch":0,"Replay:Kaleidoscope":3,"energizedSpire:NeverEndingSparkler":36,"Bronze Scales":19,"Onion Ring":21,"ReplayTheSpireMod:TigerMarble":9,"Grinning Jar":9,"Mirror":29,"ReplayTheSpireMod:DimensionalGlitch":17,"Darkstone Periapt":11,"Replay:PocketPolymizer":22,"Piano_Music":0,"Enchiridion":29,"Mango":12,"Juzu Bracelet":43,"Incense Burner":0,"jedi:Pinwheel":0,"Nunchaku":30,"Mummified Hand":0,"Pantograph":12,"Gambling Chip":7,"Tiny Chest":24,"Genji_Glove":29,"Red Mask":33,"Runic Pyramid":19,"BargainBundle":39,"White Beast Statue":45,"Mercury Hourglass":51,"Calling Bell":19,"Anchor":0,"jedi:ominousloannote":47,"ChewingGum":19,"Bag of Marbles":27,"Membership Card":0,"jedi:arcanewood":29,"FossilizedHelix":19},{"Golden Egg":113,"jedi:zontanonomicon":11,"Spirit Poop":113,"Ginger":79,"Bottled Tornado":80,"Boot":101,"Old Coin":54,"Replay:Ringing Soul":4,"jedi:firstaidkit":11,"Sundial":85,"MealTicket":33,"Fusion Hammer":13,"Replay:Wax Seal":26,"Replay:Bottled Steam":5,"Sneakers":53,"Counterbalance":1,"HollowMod:JonisBlessing":101,"Eternal Feather":10,"Pen Nib":20,"Akabeko":11,"Runic Dome":48,"Tintinnabulum":67,"Pandora\u0027s Box":29,"StrikeDummy":19,"Lantern":121,"Bag of Preparation":15,"Smiling Mask":32,"Power_Wrist":79,"Cursed Key":106,"Pet Ghost":46,"energizedSpire:BlackCloud":36,"BranchBurnRelic":53,"Shovel":96,"WingedGreaves":33,"Replay:Bottled Eggs":3,"InkBottle":18,"Potion Belt":88,"Lee\u0027s Waffle":81,"Damaru":37,"PreservedInsect":5,"Protect_Vest":49,"Omamori":64,"Frozen Egg 2":62,"MawBank":52,"Turnip":20,"Art of War":38,"ReplayTheSpireMod:Lightbulb":57,"Ice Cream":15,"Divine Protection":16,"Mark of the Bloom":38,"Gremlin Horn":25,"Vajra":25,"Centennial Puzzle":43,"DollysMirror":8,"jedi:paperlyon":76,"Philosopher\u0027s Stone":5,"Prayer Wheel":64,"Vampire_Amulet":0,"Toxic Egg 2":62,"Girya":59,"Happy Flower":15,"ReplayTheSpireMod:CursedCoin":49,"Replay:Grab Bag":5,"Dead Branch":40,"Replay:Kaleidoscope":103,"energizedSpire:NeverEndingSparkler":55,"Bronze Scales":30,"Onion Ring":49,"ReplayTheSpireMod:TigerMarble":3,"Grinning Jar":25,"Mirror":74,"ReplayTheSpireMod:DimensionalGlitch":89,"Darkstone Periapt":45,"Replay:PocketPolymizer":91,"Piano_Music":81,"Enchiridion":33,"Mango":86,"Juzu Bracelet":38,"Incense Burner":62,"jedi:Pinwheel":62,"Nunchaku":34,"Mummified Hand":40,"Pantograph":4,"Gambling Chip":104,"Tiny Chest":72,"Genji_Glove":74,"Red Mask":12,"Runic Pyramid":5,"BargainBundle":15,"White Beast Statue":119,"Mercury Hourglass":80,"Calling Bell":5,"Anchor":101,"jedi:ominousloannote":59,"ChewingGum":5,"Bag of Marbles":112,"Membership Card":62,"jedi:arcanewood":93,"FossilizedHelix":5},{"Golden Egg":410,"jedi:zontanonomicon":45,"Spirit Poop":410,"Ginger":302,"Bottled Tornado":305,"Boot":365,"Old Coin":209,"Replay:Ringing Soul":13,"jedi:firstaidkit":45,"Sundial":316,"MealTicket":125,"Fusion Hammer":54,"Replay:Wax Seal":99,"Replay:Bottled Steam":19,"Sneakers":205,"Counterbalance":3,"HollowMod:JonisBlessing":365,"Eternal Feather":41,"Pen Nib":82,"Akabeko":45,"Runic Dome":190,"Tintinnabulum":260,"Pandora\u0027s Box":111,"StrikeDummy":76,"Lantern":426,"Bag of Preparation":61,"Smiling Mask":121,"Power_Wrist":302,"Cursed Key":389,"Pet Ghost":178,"energizedSpire:BlackCloud":138,"BranchBurnRelic":205,"Shovel":355,"WingedGreaves":125,"Replay:Bottled Eggs":11,"InkBottle":72,"Potion Belt":328,"Lee\u0027s Waffle":307,"Damaru":141,"PreservedInsect":19,"Protect_Vest":193,"Omamori":254,"Frozen Egg 2":249,"MawBank":203,"Turnip":82,"Art of War":146,"ReplayTheSpireMod:Lightbulb":225,"Ice Cream":61,"Divine Protection":65,"Mark of the Bloom":146,"Gremlin Horn":98,"Vajra":98,"Centennial Puzzle":168,"DollysMirror":32,"jedi:paperlyon":292,"Philosopher\u0027s Stone":19,"Prayer Wheel":254,"Vampire_Amulet":0,"Toxic Egg 2":249,"Girya":235,"Happy Flower":61,"ReplayTheSpireMod:CursedCoin":193,"Replay:Grab Bag":19,"Dead Branch":156,"Replay:Kaleidoscope":370,"energizedSpire:NeverEndingSparkler":218,"Bronze Scales":115,"Onion Ring":193,"ReplayTheSpireMod:TigerMarble":11,"Grinning Jar":98,"Mirror":285,"ReplayTheSpireMod:DimensionalGlitch":332,"Darkstone Periapt":174,"Replay:PocketPolymizer":338,"Piano_Music":307,"Enchiridion":125,"Mango":320,"Juzu Bracelet":146,"Incense Burner":249,"jedi:Pinwheel":249,"Nunchaku":127,"Mummified Hand":156,"Pantograph":13,"Gambling Chip":377,"Tiny Chest":276,"Genji_Glove":285,"Red Mask":48,"Runic Pyramid":19,"BargainBundle":61,"White Beast Statue":421,"Mercury Hourglass":305,"Calling Bell":19,"Anchor":365,"jedi:ominousloannote":235,"ChewingGum":19,"Bag of Marbles":408,"Membership Card":249,"jedi:arcanewood":346,"FossilizedHelix":19}]},"card_choices":[{"not_picked":["Step_Of_The_Wind","Bloodbath_Bartender"],"picked":"Dancing_Jab","floor":1.0},{"not_picked":["Insight_B","Feint"],"picked":"Sucker_Punch","floor":2.0},{"not_picked":["Blizzard_Spikes","Free_Pour"],"picked":"Power_Up_Punch","floor":3.0},{"not_picked":["With_A_Twist","Dragonkick","Spirits_Within"],"picked":"SKIP","floor":7.0},{"not_picked":["Sucker_Punch","Mirage"],"picked":"Scowl","floor":11.0},{"not_picked":["Top_Shelf","Butterfly_Float"],"picked":"Form_Shift","floor":16.0},{"not_picked":["Wall_of_Ice","Bicycle_Kick"],"picked":"Ball_Of_Ice","floor":18.0},{"not_picked":["Rope_A_Dope+1","Step_Of_The_Wind","Ripple"],"picked":"SKIP","floor":19.0},{"not_picked":["Wall_of_Ice+1","Feint"],"picked":"Training_Dummy","floor":20.0},{"not_picked":["Greased_Lightning","Foot_Thrust"],"picked":"Feint","floor":23.0},{"not_picked":["Center_Self+1","Dancing_Jab+1"],"picked":"Beat_Rush","floor":25.0},{"not_picked":["Snap_Punch","Fight_Dirty+1","With_A_Twist"],"picked":"SKIP","floor":27.0},{"not_picked":["Alacrity","Pony_Shot"],"picked":"RockBreaker","floor":29.0},{"not_picked":["Well_Drinks+1","Coeurl_Form+1"],"picked":"Vortex+","floor":31.0},{"not_picked":["Torment","Sucker_Punch","Ripple"],"picked":"SKIP","floor":33.0},{"not_picked":["Spirits_Within+1","Top_Shelf"],"picked":"High_Tide","floor":35.0},{"not_picked":["Center_Self","With_A_Twist"],"picked":"ThreeSidedStar","floor":37.0},{"not_picked":["Well_Drinks+1","Free_Pour"],"picked":"Raptor_Form+1","floor":38.0},{"not_picked":["Fading_Blow","Snap_Punch","Step_Of_The_Wind"],"picked":"SKIP","floor":40.0},{"not_picked":["Dragonkick+1","Feint"],"picked":"Insight_B+1","floor":43.0},{"not_picked":["Step_Of_The_Wind+1","Hook+1","Torment+1"],"picked":"SKIP","floor":46.0},{"not_picked":["Meditate+1","Bitters+1"],"picked":"ThreeSidedStar","floor":47.0},{"not_picked":["Alacrity","Center_Self"],"picked":"Dolphin_Blow","floor":50.0}],"player_experience":1432136,"relics_obtained":[{"floor":3.0,"key":"Replay:Kaleidoscope"},{"floor":7.0,"key":"Gambling Chip"},{"floor":9.0,"key":"Frozen Egg 2"},{"floor":10.0,"key":"Replay:Bottled Eggs"},{"floor":11.0,"key":"StrikeDummy"},{"floor":25.0,"key":"Power_Wrist"},{"floor":27.0,"key":"Bag of Marbles"},{"floor":28.0,"key":"Tintinnabulum"},{"floor":43.0,"key":"FossilizedHelix"},{"floor":45.0,"key":"White Beast Statue"},{"floor":50.0,"key":"Dead Branch"}],"event_choices":[{"damage_healed":0.0,"max_hp_gain":0.0,"max_hp_loss":0.0,"gold_gain":0.0,"event_name":"Accursed Blacksmith","player_choice":"Forge","floor":12.0,"gold_loss":0.0,"damage_taken":0.0,"cards_upgraded":["Dart"]},{"cards_removed":["Voices"],"damage_healed":0.0,"max_hp_gain":0.0,"max_hp_loss":0.0,"gold_gain":0.0,"event_name":"Bonfire Elementals","player_choice":"Offered Curse","floor":30.0,"gold_loss":0.0,"damage_taken":0.0,"relics_obtained":["Spirit Poop"]},{"damage_healed":0.0,"max_hp_gain":0.0,"max_hp_loss":0.0,"gold_gain":0.0,"event_name":"betterMatch:BetterMatch","player_choice":"2","floor":31.0,"gold_loss":0.0,"damage_taken":0.0,"cards_obtained":["betterMatch:UncommonCard"]},{"damage_healed":0.0,"max_hp_gain":0.0,"max_hp_loss":0.0,"gold_gain":0.0,"event_name":"WeMeetAgain","player_choice":"Paid Gold","floor":32.0,"gold_loss":72.0,"damage_taken":0.0,"relics_obtained":["Golden Egg"]},{"damage_healed":0.0,"max_hp_gain":0.0,"max_hp_loss":0.0,"gold_gain":0.0,"event_name":"Tomb of Lord Red Mask","player_choice":"Ignored","floor":39.0,"gold_loss":0.0,"damage_taken":0.0},{"damage_healed":0.0,"max_hp_gain":0.0,"max_hp_loss":0.0,"gold_gain":0.0,"event_name":"Winding Halls","player_choice":"Embrace Madness","floor":41.0,"gold_loss":0.0,"damage_taken":9.0,"cards_obtained":["Madness","Madness"]},{"damage_healed":0.0,"max_hp_gain":0.0,"max_hp_loss":0.0,"gold_gain":0.0,"event_name":"Mysterious Sphere","player_choice":"Fight","floor":43.0,"gold_loss":0.0,"damage_taken":0.0}],"is_beta":false,"boss_relics":[{"not_picked":["Pandora\u0027s Box","Fusion Hammer"],"picked":"Cursed Key"},{"not_picked":["Replay:Wanted Poster","Ring of Chaos"],"picked":"Philosopher\u0027s Stone"}],"items_purged_floors":[0,4,4,49],"is_endless":false,"potions_floor_spawned":[1,7,20,25,27,29,37,38,46,47,50],"ascension_level":7}}