{"host":"1pcwcurc8qazgtt6","time":1608666825,"event":{"mods":["AchievementEnabler","BaseMod","BetterRewards","Colored Map","Curses Come First","Hubris","Minty Spire (QoL Compilation)","StSLib","The Animator","The Blue Laboratory"],"gold_per_floor":[115,125,142,317,317,356,371,400,423,423,441,507,507,542,542,645,645,655,655,655,273,273,307,334,334,334,334,368,368,400,400,498,498,510,510,529,529,583,618,618,643,696,696,696,696,618,618,618,618,618,340,373,373],"floor_reached":56,"playtime":2652,"items_purged":["animator:Strike","animator:Strike","animator:Strike","animator:Defend"],"score":2316,"play_id":"ffe07a2b-3138-4e3e-aa8a-5d7512b8b196","local_time":"20201222135345","is_ascension_mode":true,"campfire_choices":[{"data":"animator:Strike_FullmetalAlchemist","floor":10,"key":"PURGE"},{"data":"animator:Defend","floor":15,"key":"PURGE"},{"floor":25,"key":"DIG"},{"data":"Apotheosis","floor":27,"key":"SMITH"},{"floor":32,"key":"DIG"},{"floor":41,"key":"RECALL"},{"floor":44,"key":"DIG"},{"floor":46,"key":"DIG"},{"floor":47,"key":"DIG"},{"floor":49,"key":"DIG"},{"floor":52,"key":"DIG"}],"circlet_count":0,"master_deck":["animator:Defend_FullmetalAlchemist+1","animator:Defend+1","animator:ElricEdward+1","animator:ElricAlphonse","animator:WinryRockbell","animator:MaesHughes","animator:WinryRockbell","animator:Kuroyukihime","animator:Scar+1","animator:ElricEdward","animator:Scar","animator:Hans","animator:Sloth","animator:Pride","animator:Sloth","Apotheosis+1","animator:ElricAlphonse","animator:Tyuule+1","animator:Shiro","Purity+1","animator:ElricAlphonse","animator:Hans"],"relics":["animator:LivingPicture","animator:ColorlessFragment","animator:PurgingStone","WingedGreaves","hubris:TinFlute","hubris:HerbalPaste","War Paint","Vajra","Dream Catcher","Membership Card","animator:HallowedScabbard","animator:WornHelmet","Mercury Hourglass","Runic Capacitor","animator:EngravedStaff","Ice Cream","PrismaticShard","Juzu Bracelet","MealTicket","hubris:PeanutButter","Oddly Smooth Stone","DollysMirror","hubris:64BitClover","animator:CerealBox","animator:ShionDessert","Centennial Puzzle","Torii","hubris:BundleOfHerbs","Art of War","Calipers","Nunchaku","HandDrill","Omamori","FossilizedHelix","Brimstone","Peace Pipe","Mango","animator:Hoodie","Anchor","StoneCalendar","hubris:MedicalManual","animator:HeavyHalberd","Sling","Charon\u0027s Ashes","PreservedInsect","hubris:SlimyHat","ClockworkSouvenir","hubris:Zylophone","DataDisk","CaptainsWheel","Du-Vu Doll","Dead Branch","Bag of Marbles","Pocketwatch","TheAbacus","hubris:GlazedTorus","hubris:Teleporter","TwistedFunnel","hubris:FunFungus","CloakClasp","Potion Belt","hubris:Spice","Lizard Tail","hubris:Icosahedron","Strawberry","Bag of Preparation","Blood Vial","InkBottle","hubris:TerracottaHorce","Toy Ornithopter","hubris:AstralHammer","Shovel","hubris:Towel","animator:WizardHat","animator:Buoy","Bottled Lightning","Gremlin Horn","Gambling Chip","Prayer Wheel","hubris:TenFootPole","Runic Dome","Thread and Needle","hubris:Reverence","Red Skull","Bronze Scales","Bird Faced Urn","Boot","Whetstone","Paper Frog","Shuriken","hubris:EmptyBottle","Blue Candle","Bottled Flame"],"acts_visited":[],"potions_floor_usage":[8,55,55,55,55,55,55,55],"damage_taken":[{"damage":0,"enemies":"2 Louse","floor":1,"turns":1},{"damage":0,"enemies":"Small Slimes","floor":2,"turns":1},{"damage":0,"enemies":"Jaw Worm","floor":3,"turns":1},{"damage":0,"enemies":"Lagavulin","floor":6,"turns":3},{"damage":0,"enemies":"2 Fungi Beasts","floor":7,"turns":1},{"damage":0,"enemies":"3 Sentries","floor":8,"turns":2},{"damage":0,"enemies":"Exordium Wildlife","floor":11,"turns":2},{"damage":0,"enemies":"Gremlin Nob","floor":14,"turns":2},{"damage":0,"enemies":"Slime Boss","floor":16,"turns":5},{"damage":0,"enemies":"Chosen","floor":18,"turns":2},{"damage":0,"enemies":"Gremlin Leader","floor":23,"turns":2},{"damage":0,"enemies":"Slavers","floor":24,"turns":3},{"damage":0,"enemies":"animator:HornedBat","floor":28,"turns":2},{"damage":0,"enemies":"Book of Stabbing","floor":30,"turns":2},{"damage":0,"enemies":"Automaton","floor":33,"turns":4},{"damage":0,"enemies":"Orb Walker","floor":35,"turns":2},{"damage":0,"enemies":"3 Shapes","floor":37,"turns":2},{"damage":11,"enemies":"Mind Bloom Boss Battle","floor":39,"turns":3},{"damage":0,"enemies":"Giant Head","floor":40,"turns":3},{"damage":0,"enemies":"Nemesis","floor":42,"turns":3},{"damage":0,"enemies":"Awakened One","floor":50,"turns":6},{"damage":0,"enemies":"Shield and Spear","floor":54,"turns":2},{"damage":12,"enemies":"The Heart","floor":55,"turns":5}],"seed_played":"8648818033494725353","potions_obtained":[{"floor":3,"key":"blueLaboratory:BottleOfRum"},{"floor":6,"key":"SteroidPotion"},{"floor":14,"key":"FearPotion"},{"floor":30,"key":"blueLaboratory:FruitPunch"},{"floor":33,"key":"Explosive Potion"},{"floor":39,"key":"blueLaboratory:NullPotion"}],"is_trial":false,"path_per_floor":["M","M","M","?","?","E","M","E","T","R","M","?","?","E","R","B",null,"M","?","?","$","?","E","E","R","T","R","E","?","E","R","B",null,"M","?","M","?","?","E","R","E","T","R","R","R","$","R","B",null,"R","$","E","B",null],"character_chosen":"THE_ANIMATOR","items_purchased":["hubris:TinFlute","hubris:HerbalPaste","War Paint","Vajra","Dream Catcher","Membership Card","animator:WornHelmet","Mercury Hourglass","Runic Capacitor","PrismaticShard","Juzu Bracelet","MealTicket","hubris:PeanutButter","Oddly Smooth Stone","animator:WinryRockbell","DollysMirror","animator:CerealBox","animator:ShionDessert","Centennial Puzzle","animator:MaesHughes","hubris:BundleOfHerbs","Art of War","Nunchaku","HandDrill","Omamori","Brimstone","Peace Pipe","animator:WinryRockbell","animator:Hoodie","Anchor","animator:Kuroyukihime","animator:HeavyHalberd","Sling","Charon\u0027s Ashes","PreservedInsect","hubris:SlimyHat","ClockworkSouvenir","DataDisk","CaptainsWheel","Du-Vu Doll","animator:Scar","Bag of Marbles","Pocketwatch","TheAbacus","animator:ColorlessFragment","TwistedFunnel","animator:ElricEdward","CloakClasp","animator:Scar","Potion Belt","animator:Hans","hubris:AstralHammer","Shovel","Whetstone","hubris:EmptyBottle","Blue Candle","animator:Hans"],"campfire_rested":0,"item_purchase_floors":[0,0,0,0,0,0,0,0,0,0,0,0,0,0,0,0,0,0,0,0,0,0,0,0,0,0,0,0,0,0,0,0,0,0,0,0,0,0,0,0,0,0,0,0,0,0,0,0,0,0,0,21,21,48,53,53,53],"current_hp_per_floor":[91,94,97,97,97,107,111,114,114,114,117,117,114,120,120,123,123,126,126,126,126,126,129,132,132,132,132,135,135,138,138,141,141,144,144,147,147,136,146,146,153,153,153,153,153,153,153,156,156,156,156,159,153],"gold":373,"neow_bonus":"","is_daily":false,"chose_seed":false,"campfire_upgraded":1,"win_rate":0.0,"timestamp":1608666825,"path_taken":["M","M","M","?","?","E","M","E","T","R","M","?","?","E","R","BOSS","M","?","?","$","?","E","E","R","T","R","E","?","E","R","BOSS","M","?","M","?","?","E","R","E","T","R","R","R","$","R","BOSS","R","$","E","BOSS"],"items_purchased_type":["Relic","Relic","Relic","Relic","Relic","Relic","Relic","Relic","Relic","Relic","Relic","Relic","Relic","Relic","Card","Relic","Relic","Relic","Relic","Card","Relic","Relic","Relic","Relic","Relic","Relic","Relic","Card","Relic","Relic","Card","Relic","Relic","Relic","Relic","Relic","Relic","Relic","Relic","Relic","Card","Relic","Relic","Relic","Relic","Relic","Card","Relic","Card","Relic","Card","Relic","Relic","Relic","Relic","Relic","Card"],"build_version":"2020-12-13","purchased_purges":4,"victory":true,"max_hp_per_floor":[91,94,97,97,97,107,111,114,114,114,117,117,117,120,120,123,123,126,126,126,126,126,129,132,132,132,132,135,135,138,138,141,141,144,144,147,147,147,150,150,153,153,153,153,153,153,153,156,156,156,156,159,163],"card_choices":[{"not_picked":["Sucker Punch","animator:Sonic","Flex"],"picked":"SKIP","floor":1},{"not_picked":["Flechettes","animator:HighElfArcher","Loop"],"picked":"SKIP","floor":2},{"not_picked":["animator:DwarfShaman","animator:MamizouFutatsuiwa"],"picked":"animator:Sloth","floor":6},{"not_picked":["animator:Ara","animator:Genos"],"picked":"animator:Pride","floor":7},{"not_picked":["animator:MaesHughes","animator:ElricEdward"],"picked":"animator:Sloth","floor":8},{"not_picked":["animator:Shuna","animator:Genos","animator:YunYun"],"picked":"SKIP","floor":11},{"not_picked":["animator:OrikoMikuni","animator:DolaCouronne","animator:RinTohsaka"],"picked":"SKIP","floor":14},{"not_picked":["Electrodynamics","animator:Elesis"],"picked":"Apotheosis","floor":16},{"not_picked":["animator:MaesHughes","animator:ElricEdward"],"picked":"animator:ElricAlphonse","floor":18},{"not_picked":["animator:Caster","animator:Kaijin","animator:Lu"],"picked":"SKIP","floor":23},{"not_picked":["Dark Shackles+1","Discovery"],"picked":"animator:MaesHughes","floor":24},{"not_picked":["animator:Ainz","Rebound"],"picked":"animator:Tyuule","floor":28},{"not_picked":["animator:DolaRiku","animator:MisaKurobane+1","animator:DolaSchwi"],"picked":"SKIP","floor":30},{"not_picked":["Omniscience","animator:Elesis"],"picked":"animator:Shiro","floor":33},{"not_picked":["animator:Mitsurugi","animator:Archer+1","animator:Geryuganshoop+1"],"picked":"SKIP","floor":35},{"not_picked":["Purity","animator:TukaLunaMarceau","animator:Emonzaemon"],"picked":"SKIP","floor":35},{"not_picked":["animator:HighElfArcher","animator:Berserker+1"],"picked":"Purity+1","floor":37},{"not_picked":["Setup+1","animator:LizardPriest","Steam"],"picked":"SKIP","floor":37},{"not_picked":["animator:Raven+1","animator:Genos","animator:Shigure"],"picked":"SKIP","floor":40},{"not_picked":["animator:GoblinSlayer","animator:Evileye+1"],"picked":"animator:ElricAlphonse","floor":42},{"not_picked":["animator:Patchouli","animator:Demiurge","hubris:SlightOfHand"],"picked":"SKIP","floor":54}],"player_experience":179841,"relics_obtained":[{"floor":6,"key":"Strawberry"},{"floor":8,"key":"Bag of Preparation"},{"floor":14,"key":"InkBottle"},{"floor":18,"key":"Toy Ornithopter"},{"floor":23,"key":"animator:WizardHat"},{"floor":24,"key":"animator:Buoy"},{"floor":25,"key":"Bottled Lightning"},{"floor":26,"key":"Gremlin Horn"},{"floor":28,"key":"Gambling Chip"},{"floor":30,"key":"Prayer Wheel"},{"floor":32,"key":"hubris:TenFootPole"},{"floor":39,"key":"Thread and Needle"},{"floor":40,"key":"hubris:Reverence"},{"floor":42,"key":"Red Skull"},{"floor":43,"key":"Bronze Scales"},{"floor":44,"key":"Bird Faced Urn"},{"floor":47,"key":"Boot"},{"floor":49,"key":"Paper Frog"},{"floor":52,"key":"Shuriken"},{"floor":54,"key":"Bottled Flame"}],"event_choices":[{"damage_healed":0,"gold_gain":175,"player_choice":"AGREE","damage_taken":0,"max_hp_gain":0,"max_hp_loss":0,"event_name":"Liars Game","floor":4,"gold_loss":0,"cards_obtained":["Doubt"]},{"damage_healed":0,"gold_gain":66,"player_choice":"Gained Gold","damage_taken":0,"max_hp_gain":0,"max_hp_loss":0,"event_name":"Golden Wing","floor":12,"gold_loss":0},{"damage_healed":0,"gold_gain":0,"player_choice":"Success","damage_taken":3,"relics_obtained":["Blood Vial"],"max_hp_gain":0,"max_hp_loss":0,"event_name":"Scrap Ooze","floor":13,"gold_loss":0},{"damage_healed":0,"gold_gain":0,"player_choice":"Ignored","damage_taken":0,"max_hp_gain":0,"max_hp_loss":0,"event_name":"Vampires","floor":19,"gold_loss":0},{"damage_healed":0,"gold_gain":0,"player_choice":"Bought 0 Potions","damage_taken":0,"max_hp_gain":0,"max_hp_loss":0,"event_name":"The Woman in Blue","floor":20,"gold_loss":0},{"damage_healed":0,"gold_gain":0,"player_choice":"Upgraded","damage_taken":0,"max_hp_gain":0,"max_hp_loss":0,"event_name":"Upgrade Shrine","floor":29,"gold_loss":0,"cards_upgraded":["animator:Tyuule"]},{"cards_removed":["animator:MaesHughes"],"damage_healed":0,"gold_gain":0,"player_choice":"Removed Skill","damage_taken":0,"max_hp_gain":0,"max_hp_loss":0,"event_name":"Falling","floor":38,"gold_loss":0},{"damage_healed":0,"gold_gain":0,"player_choice":"Fight","damage_taken":0,"max_hp_gain":0,"max_hp_loss":0,"event_name":"MindBloom","floor":39,"gold_loss":0}],"is_beta":false,"boss_relics":[{"not_picked":["hubris:Backtick","hubris:Spice"],"picked":"hubris:TerracottaHorce"},{"not_picked":["hubris:Spice","hubris:ScarierMask"],"picked":"Runic Dome"}],"items_purged_floors":[0,0,0,21],"is_endless":false,"potions_floor_spawned":[3,6,14,30,33,39,40,42,54],"ascension_level":6}}