{"host":"69rply1jf2d1wbmp","time":1608670710,"event":{"mods":["BaseMod","Minty Spire (QoL Compilation)","Quick Restart"],"gold_per_floor":[112,125,137,212,5,5,34,53,105,122,22,22,37,48,48,149,149,160,177,177,188,188,188,188,188],"floor_reached":24,"playtime":897,"items_purged":["Strike_G","Defend_G"],"score":200,"play_id":"65505ac3-dd57-49e3-8640-cbe214cb33c9","local_time":"20201222155830","is_ascension_mode":false,"campfire_choices":[{"floor":6,"key":"REST"},{"floor":15,"key":"REST"},{"floor":23,"key":"REST"}],"circlet_count":0,"master_deck":["Strike_G","Strike_G","Strike_G","Strike_G","Defend_G","Defend_G","Defend_G","Defend_G","Survivor","Neutralize","Sadistic Nature+1","Footwork","Accuracy","Bouncing Flask","Sucker Punch+1","Slice+1","Infinite Blades","Envenom","CurseOfTheBell","Blade Dance","Blade Dance"],"relics":["Ring of the Snake","Molten Egg 2","Calling Bell","Oddly Smooth Stone","Question Card","Turnip"],"acts_visited":["Exordium","TheCity"],"potions_floor_usage":[18,19],"damage_taken":[{"damage":0,"enemies":"Small Slimes","floor":1,"turns":4},{"damage":0,"enemies":"2 Louse","floor":2,"turns":3},{"damage":2,"enemies":"Cultist","floor":3,"turns":4},{"damage":16,"enemies":"Lagavulin","floor":7,"turns":6},{"damage":5,"enemies":"Blue Slaver","floor":8,"turns":3},{"damage":17,"enemies":"Gremlin Gang","floor":10,"turns":4},{"damage":4,"enemies":"Large Slime","floor":13,"turns":4},{"damage":7,"enemies":"Blue Slaver","floor":14,"turns":3},{"damage":26,"enemies":"The Guardian","floor":16,"turns":8},{"damage":14,"enemies":"Chosen","floor":18,"turns":6},{"damage":17,"enemies":"3 Byrds","floor":19,"turns":4},{"damage":24,"enemies":"Centurion and Healer","floor":21,"turns":6},{"damage":64,"enemies":"Slavers","floor":24,"turns":4}],"seed_played":"-8342013092534061693","potions_obtained":[{"floor":2,"key":"Swift Potion"},{"floor":7,"key":"CultistPotion"},{"floor":13,"key":"EssenceOfSteel"},{"floor":18,"key":"Fire Potion"}],"is_trial":false,"path_per_floor":["M","M","M","?","$","R","E","M","T","M","$","?","M","M","R","B",null,"M","M","?","M","?","R","E"],"character_chosen":"THE_SILENT","items_purchased":["Bouncing Flask","BlessingOfTheForge"],"campfire_rested":3,"item_purchase_floors":[5,5],"current_hp_per_floor":[49,49,47,36,36,57,41,36,36,19,19,19,15,8,29,3,70,56,39,62,38,38,59,0,0],"gold":188,"neow_bonus":"RANDOM_COLORLESS_2","is_daily":false,"chose_seed":false,"campfire_upgraded":0,"win_rate":0.0,"timestamp":1608670710,"path_taken":["M","M","M","?","$","R","E","M","T","M","$","?","M","M","R","BOSS","M","M","?","M","?","R","E"],"items_purchased_type":["Card","Potion"],"build_version":"2020-12-13","purchased_purges":2,"victory":false,"max_hp_per_floor":[70,70,70,70,70,70,70,70,70,70,70,70,70,70,70,70,70,70,70,70,70,70,70,70,70],"card_choices":[{"not_picked":["Transmutation","Master of Strategy"],"picked":"Sadistic Nature","floor":0},{"not_picked":["Dagger Spray","Prepared"],"picked":"Footwork","floor":1},{"not_picked":["Calculated Gamble","Blade Dance"],"picked":"Accuracy","floor":2},{"not_picked":["Dodge and Roll","Prepared","PiercingWail"],"picked":"SKIP","floor":3},{"not_picked":["Unload+1","Blur"],"picked":"Sucker Punch+1","floor":7},{"not_picked":["Backflip","Prepared"],"picked":"Slice+1","floor":8},{"not_picked":["Slice+1","Flying Knee+1"],"picked":"Infinite Blades","floor":10},{"not_picked":["PiercingWail","Underhanded Strike+1","Acrobatics"],"picked":"SKIP","floor":13},{"not_picked":["Dodge and Roll","Heel Hook+1","Sucker Punch+1"],"picked":"SKIP","floor":14},{"not_picked":["Adrenaline","After Image"],"picked":"Envenom","floor":16},{"not_picked":["Quick Slash+1","Deflect","All Out Attack+1"],"picked":"Blade Dance","floor":18},{"not_picked":["Masterful Stab+1","Underhanded Strike+1","Bane+1","Predator+1"],"picked":"SKIP","floor":19},{"not_picked":["Sucker Punch+1","Expertise","Acrobatics"],"picked":"Blade Dance","floor":21}],"player_experience":386862,"relics_obtained":[{"floor":7,"key":"Molten Egg 2"},{"floor":17,"key":"Oddly Smooth Stone"},{"floor":17,"key":"Question Card"},{"floor":17,"key":"Turnip"}],"event_choices":[{"damage_healed":0,"gold_gain":75,"player_choice":"Gather Gold","damage_taken":11,"max_hp_gain":0,"max_hp_loss":0,"event_name":"World of Goop","floor":4,"gold_loss":0},{"damage_healed":0,"gold_gain":0,"player_choice":"Grow","damage_taken":0,"max_hp_gain":0,"max_hp_loss":0,"event_name":"Living Wall","floor":12,"gold_loss":0,"cards_upgraded":["Sadistic Nature"]},{"damage_healed":23,"gold_gain":0,"player_choice":"Heal","damage_taken":0,"max_hp_gain":0,"max_hp_loss":0,"event_name":"The Library","floor":20,"gold_loss":0},{"damage_healed":0,"gold_gain":0,"player_choice":"Ignored","damage_taken":0,"max_hp_gain":0,"max_hp_loss":0,"event_name":"WeMeetAgain","floor":22,"gold_loss":0}],"is_beta":false,"boss_relics":[{"not_picked":["Tiny House","Sozu"],"picked":"Calling Bell"}],"items_purged_floors":[5,11],"is_endless":false,"potions_floor_spawned":[2,7,13,18],"killed_by":"Slavers","ascension_level":0}}