{"host":"w5c60nchricmn3zb","time":1608677377,"event":{"mods":["BaseMod","Conspire","Downfall","Duelist Mod","Infinite Spire","Minty Spire (QoL Compilation)","Permanent Neow","Random Character Button","Relic Sorter","Replay The Spire","StSLib","The Bug Knight","The Cursed","The Disciple","The Jungle","The Mystic","The Runesmith","The Wild Card"],"gold_per_floor":[118,118,68,68,68,101,113,113,113],"floor_reached":8,"playtime":544,"items_purged":[],"score":54,"play_id":"6b7acfa5-ff48-40af-9112-56b505dcd382","local_time":"20201222174937","is_ascension_mode":false,"campfire_choices":[],"circlet_count":0,"master_deck":["theWildCard:BasicStrike","theWildCard:BasicStrike","theWildCard:BasicStrike","theWildCard:BasicStrike","theWildCard:BasicDefend","theWildCard:CallToAdventure","theWildCard:Arsene","theWildCard:Thanatos","theWildCard:Proficiency","theWildCard:MagicMettle","theWildCard:Lucifer","theWildCard:EnergyTheft"],"relics":["theWildCard:VelvetContract","infinitespire:Bottled Soul","HornCleat"],"acts_visited":["Exordium"],"potions_floor_usage":[8,8],"damage_taken":[{"damage":0,"enemies":"Small Slimes","floor":1,"turns":3},{"damage":38,"enemies":"Gremlin Nob","floor":6,"turns":5},{"damage":5,"enemies":"Jaw Worm","floor":7,"turns":3},{"damage":25,"enemies":"Lagavulin","floor":8,"turns":3}],"seed_played":"-6370660855157265643","potions_obtained":[{"floor":1,"key":"SkillPotion"},{"floor":6,"key":"AttackPotion"}],"is_trial":false,"path_per_floor":["M","?","?","?","T","E","M","E"],"character_chosen":"THE_WILD_CARD","items_purchased":[],"campfire_rested":0,"item_purchase_floors":[],"current_hp_per_floor":[54,59,59,59,59,21,16,0,0],"gold":113,"neow_bonus":"TRANSFORM_TWO_CARDS","is_daily":false,"chose_seed":false,"campfire_upgraded":0,"win_rate":0.0,"timestamp":1608677377,"path_taken":["M","?","?","?","?","E","?","E"],"items_purchased_type":[],"build_version":"2020-12-13","purchased_purges":0,"victory":false,"max_hp_per_floor":[54,59,59,59,59,59,59,59,59],"card_choices":[{"not_picked":["theWildCard:Michael","theWildCard:Unburden"],"picked":"theWildCard:MagicMettle","floor":1},{"not_picked":["theWildCard:TheGreatSeal","theWildCard:StalwartBlade"],"picked":"theWildCard:Lucifer","floor":6},{"not_picked":["theWildCard:SeveringSlash","theWildCard:Abstinence"],"picked":"theWildCard:EnergyTheft","floor":7}],"player_experience":150908,"relics_obtained":[{"floor":5,"key":"infinitespire:Bottled Soul"},{"floor":6,"key":"HornCleat"}],"event_choices":[{"damage_healed":0,"gold_gain":0,"player_choice":"Donut","damage_taken":0,"max_hp_gain":5,"max_hp_loss":0,"event_name":"Big Fish","floor":2,"gold_loss":0},{"cards_removed":["theWildCard:BasicDefend"],"damage_healed":0,"gold_gain":0,"player_choice":"Card Removal","damage_taken":0,"max_hp_gain":0,"max_hp_loss":0,"event_name":"The Cleric","floor":3,"gold_loss":50},{"damage_healed":0,"gold_gain":0,"player_choice":"Leave","damage_taken":0,"max_hp_gain":0,"max_hp_loss":0,"event_name":"conspire:Investor","floor":4,"gold_loss":0}],"is_beta":false,"boss_relics":[],"items_purged_floors":[],"is_endless":false,"potions_floor_spawned":[1,6],"killed_by":"Lagavulin","ascension_level":0}}