{"host":"2461dio7vetlq1z3","time":1608619780,"event":{"mods":["2.2 Compatiblity","AchievementEnabler","BaseMod","Better Third Choice","Hermit","Marisa????????","Minty Spire (QoL Compilation)","Relic Stats","Spicy Shops","StSLib","The Runesmith","Waifu the Spire"],"gold_per_floor":[119,119,145,171,209,209,273,252,252,252,291,359,394,421,421,533,533,587,7,39,94,180,180,204,239,239,164,164,269,294,391,391,704,704,779,304,317,447,493,1196,1196,1236,1236,2050,2050,2075,1439,1458,1458,1458,1458,1458,915,962,962],"floor_reached":56,"playtime":3087,"items_purged":["Strike_MRS","Strike_MRS","Defend_MRS"],"score":2472,"play_id":"99073b43-9e1a-488b-9b1f-50ae1ebe8962","local_time":"20201222074940","is_ascension_mode":true,"campfire_choices":[{"floor":6.0,"key":"REST"},{"floor":10.0,"key":"REST"},{"data":"Hyperbeam","floor":15.0,"key":"SMITH"},{"data":"Strike_MRS","floor":23,"key":"PURGE"},{"data":"BlazeAway","floor":32,"key":"SMITH"},{"floor":45,"key":"RECALL"},{"floor":49,"key":"DIG"},{"floor":52,"key":"DIG"}],"circlet_count":0,"master_deck":["AscendersBane","Defend_MRS","Defend_MRS+1","Defend_MRS+1","MasterSpark","UpSweep","JA+1","WitchOfGreed","Bludgeon+1","Hyperbeam+1","Robbery","FinalSpark+1","EnergyFlow","AsteroidBelt","BlazeAway+1","MagicAbsorber","MagicChant+1","EnergyFlow","EnergyRecoil","GalacticHalo","DarkMatter+1","CasketOfStar","OrrerysSun","Acceleration","UltimateShortwave","EarthLightRay+1","GalacticHalo","ChargingUp+1","ManaConvection","MagicChant","PanicButton","OrrerysSun","ManaRampage"],"relics":["MiniHakkero","PreservedInsect","StrikeDummy","HandmadeGrimoire","Nunchaku","Omamori","Coffee Dripper","SimpleLauncher","MealTicket","Peace Pipe","Bronze Scales","Bottled Tornado","Thread and Needle","BreadOfAWashokuLover","Runic Pyramid","Medical Kit","Bottled Flame","Shovel","War Paint","Smiling Mask","Mummified Hand","ClockworkSouvenir","OrangePellets","Oddly Smooth Stone","Ancient Tea Set","Vajra","Pantograph","Membership Card","Ice Cream","Bag of Preparation","Whetstone","Ornamental Fan"],"acts_visited":["Exordium","TheCity","TheBeyond","TheEnding"],"potions_floor_usage":[16,18,20,22,24,25,31,35,38,39,46,50,55,55,55],"damage_taken":[{"damage":5.0,"enemies":"Small Slimes","floor":1.0,"turns":2.0},{"damage":6.0,"enemies":"2 Louse","floor":3.0,"turns":3.0},{"damage":7.0,"enemies":"Jaw Worm","floor":4.0,"turns":2.0},{"damage":5.0,"enemies":"Red Slaver","floor":5.0,"turns":4.0},{"damage":8.0,"enemies":"Gremlin Nob","floor":7.0,"turns":3.0},{"damage":1.0,"enemies":"Looter","floor":11.0,"turns":2.0},{"damage":16.0,"enemies":"3 Sentries","floor":12.0,"turns":4.0},{"damage":0.0,"enemies":"Exordium Wildlife","floor":13.0,"turns":3.0},{"damage":0.0,"enemies":"Gremlin Nob","floor":14.0,"turns":2.0},{"damage":0,"enemies":"Slime Boss","floor":16,"turns":4},{"damage":14,"enemies":"Shell Parasite","floor":18,"turns":3},{"damage":4,"enemies":"Chosen","floor":20,"turns":3},{"damage":5,"enemies":"3 Cultists","floor":21,"turns":3},{"damage":20,"enemies":"Centurion and Healer","floor":22,"turns":8},{"damage":2,"enemies":"Cultist and Chosen","floor":24,"turns":3},{"damage":0,"enemies":"Gremlin Leader","floor":25,"turns":1},{"damage":20,"enemies":"Book of Stabbing","floor":29,"turns":3},{"damage":2,"enemies":"3 Cultists","floor":30,"turns":4},{"damage":4,"enemies":"Slavers","floor":31,"turns":4},{"damage":20,"enemies":"Automaton","floor":33,"turns":6},{"damage":16,"enemies":"3 Shapes","floor":35,"turns":4},{"damage":3,"enemies":"3 Darklings","floor":37,"turns":2},{"damage":6,"enemies":"Transient","floor":38,"turns":5},{"damage":5,"enemies":"2 Orb Walkers","floor":39,"turns":2},{"damage":4,"enemies":"Giant Head","floor":40,"turns":5},{"damage":0,"enemies":"Nemesis","floor":42,"turns":3},{"damage":1,"enemies":"Giant Head","floor":44,"turns":4},{"damage":0,"enemies":"Maw","floor":46,"turns":2},{"damage":0,"enemies":"Jaw Worm Horde","floor":48,"turns":1},{"damage":0,"enemies":"Time Eater","floor":50,"turns":3},{"damage":0,"enemies":"Shield and Spear","floor":54,"turns":3},{"damage":80,"enemies":"The Heart","floor":55,"turns":6}],"seed_played":"-4456763420845034032","potions_obtained":[{"floor":3.0,"key":"Energy Potion"},{"floor":4.0,"key":"Block Potion"},{"floor":5.0,"key":"Energy Potion"},{"floor":7.0,"key":"DistilledChaos"},{"floor":11.0,"key":"PowerPotion"},{"floor":12.0,"key":"FearPotion"},{"floor":18,"key":"Block Potion"},{"floor":18,"key":"PowerPotion"},{"floor":20,"key":"LiquidMemories"},{"floor":22,"key":"FearPotion"},{"floor":24,"key":"Swift Potion"},{"floor":30,"key":"SkillPotion"},{"floor":31,"key":"SteroidPotion"},{"floor":35,"key":"BlessingOfTheForge"},{"floor":38,"key":"FearPotion"},{"floor":38,"key":"FearPotion"},{"floor":40,"key":"AttackPotion"},{"floor":42,"key":"StarNLove"},{"floor":44,"key":"Swift Potion"},{"floor":46,"key":"SteroidPotion"},{"floor":46,"key":"PowerPotion"}],"is_trial":false,"path_per_floor":["M","?","M","M","M","R","E","?","T","R","M","E","M","E","R","B",null,"M","$","M","M","M","R","M","E","T","?","?","E","M","E","R","B",null,"M","$","M","M","?","E","?","E","T","E","R","M","$","M","R","B",null,"R","$","E","B",null],"character_chosen":"MARISA","items_purchased":["SimpleLauncher","MealTicket","Peace Pipe","Medical Kit","Bottled Flame","ClockworkSouvenir","OrangePellets","Oddly Smooth Stone","Ancient Tea Set","Membership Card","Ice Cream","Bag of Preparation","Whetstone","PanicButton","Regen Potion","OrrerysSun"],"campfire_rested":2,"item_purchase_floors":[19,19,19,36,36,47,47,47,47,53,53,53,53,53,53,53],"current_hp_per_floor":[58,29,23,16,11,32,24,24,24,45,44,28,28,28,28,28,60,46,46,42,37,17,17,15,15,15,15,80,60,58,54,54,35,69,54,69,67,68,63,66,66,67,67,73,73,79,80,80,80,80,80,80,80,80,37],"gold":962,"neow_bonus":"ONE_RANDOM_RARE_CARD","is_daily":false,"chose_seed":false,"campfire_upgraded":2,"win_rate":0.0,"timestamp":1608619780,"path_taken":["M","?","M","M","M","R","E","?","T","R","M","E","M","E","R","BOSS","M","$","M","M","M","R","M","E","T","?","?","E","?","E","R","BOSS","M","$","M","M","?","E","?","E","T","E","R","M","$","M","R","BOSS","R","$","E","BOSS"],"items_purchased_type":["Relic","Relic","Relic","Relic","Relic","Relic","Relic","Relic","Relic","Relic","Relic","Relic","Relic","Card","Potion","Card"],"build_version":"2020-12-13","purchased_purges":3,"victory":true,"max_hp_per_floor":[70,70,70,70,70,70,70,70,70,70,70,70,70,70,70,70,70,70,70,70,70,70,70,70,70,70,70,80,80,80,80,80,80,80,80,80,80,80,80,80,80,80,80,80,80,80,80,80,80,80,80,80,80,80,80],"relic_stats":{"counters":[32,107],"PreservedInsect":604,"Bag of Preparation":[4],"Whetstone":["JA","FinalSpark"],"War Paint":["Defend_MRS","Defend_MRS"],"Medical Kit":[4],"Smiling Mask":63,"Peace Pipe":2,"OrangePellets":[3],"Nunchaku":[15],"Shovel":2,"Mummified Hand":[29],"Ornamental Fan":[16],"Bronze Scales":[223],"Pantograph":0,"MealTicket":16,"obtain_stats":[{"Ice Cream":53,"Vajra":49,"Bag of Preparation":53,"Whetstone":53,"Bottled Tornado":26,"Smiling Mask":42,"Ancient Tea Set":47,"ClockworkSouvenir":47,"Nunchaku":12,"Shovel":39,"Mummified Hand":44,"Pantograph":52,"MealTicket":19,"HandmadeGrimoire":9,"SimpleLauncher":19,"Runic Pyramid":34,"Oddly Smooth Stone":47,"Thread and Needle":29,"BreadOfAWashokuLover":31,"PreservedInsect":2,"Omamori":14,"War Paint":40,"Medical Kit":36,"Peace Pipe":19,"OrangePellets":47,"Bottled Flame":36,"Ornamental Fan":54,"Bronze Scales":25,"Coffee Dripper":17,"MiniHakkero":0,"Membership Card":53,"StrikeDummy":7},{"Ice Cream":30,"Vajra":29,"Bag of Preparation":30,"Whetstone":30,"Bottled Tornado":16,"Smiling Mask":26,"Ancient Tea Set":28,"ClockworkSouvenir":28,"Nunchaku":7,"Shovel":24,"Mummified Hand":27,"Pantograph":30,"MealTicket":11,"HandmadeGrimoire":5,"SimpleLauncher":11,"Runic Pyramid":20,"Oddly Smooth Stone":28,"Thread and Needle":17,"BreadOfAWashokuLover":19,"PreservedInsect":1,"Omamori":9,"War Paint":25,"Medical Kit":21,"Peace Pipe":11,"OrangePellets":28,"Bottled Flame":21,"Ornamental Fan":31,"Bronze Scales":16,"Coffee Dripper":10,"MiniHakkero":0,"Membership Card":30,"StrikeDummy":5},{"Ice Cream":98,"Vajra":95,"Bag of Preparation":98,"Whetstone":98,"Bottled Tornado":50,"Smiling Mask":88,"Ancient Tea Set":94,"ClockworkSouvenir":94,"Nunchaku":20,"Shovel":80,"Mummified Hand":92,"Pantograph":98,"MealTicket":32,"HandmadeGrimoire":14,"SimpleLauncher":32,"Runic Pyramid":67,"Oddly Smooth Stone":94,"Thread and Needle":53,"BreadOfAWashokuLover":61,"PreservedInsect":2,"Omamori":25,"War Paint":85,"Medical Kit":71,"Peace Pipe":32,"OrangePellets":94,"Bottled Flame":71,"Ornamental Fan":101,"Bronze Scales":50,"Coffee Dripper":29,"MiniHakkero":0,"Membership Card":98,"StrikeDummy":14}]},"card_choices":[{"not_picked":["SporeBomb","ShootTheMoon"],"picked":"WitchOfGreed","floor":1.0},{"not_picked":["WitchOfGreed","IllusionStar"],"picked":"Robbery","floor":3.0},{"not_picked":["GrandCross","NonDirectionalLaser"],"picked":"FinalSpark","floor":4.0},{"not_picked":["OrrerysSun","MilkyWay"],"picked":"EnergyFlow","floor":5.0},{"not_picked":["NonDirectionalLaser","WitchOfGreed"],"picked":"AsteroidBelt","floor":7.0},{"not_picked":["WitchOfGreed","NonDirectionalLaser"],"picked":"BlazeAway","floor":11.0},{"not_picked":["SuperNova","DeepEcoloBomb","IllusionStar"],"picked":"SKIP","floor":12.0},{"not_picked":["Robbery","SuperPerseids","DragonMeteor"],"picked":"SKIP","floor":13.0},{"not_picked":["GravityBeat","WitchLeyline","BlazingStar"],"picked":"SKIP","floor":14.0},{"not_picked":["AbsoluteMagnitude","ManaRampage"],"picked":"BigCrunch","floor":16},{"not_picked":["GrandCross","ShootingEcho"],"picked":"MagicAbsorber","floor":18},{"not_picked":["ManaConvection","Acceleration"],"picked":"MagicChant+1","floor":20},{"not_picked":["ShootingEcho","IllusionStar"],"picked":"EnergyFlow","floor":21},{"not_picked":["SporeBomb","MysteriousBeam"],"picked":"EnergyRecoil","floor":22},{"not_picked":["MysteriousBeam","LuminesStrike"],"picked":"GalacticHalo","floor":24},{"not_picked":["WitchOfGreed","MachineGunSpark"],"picked":"DarkMatter+1","floor":25},{"not_picked":["GravityBeat","Acceleration"],"picked":"CasketOfStar","floor":29},{"not_picked":["NonDirectionalLaser","MilkyWay"],"picked":"OrrerysSun","floor":30},{"not_picked":["MachineGunSpark+1","WitchLeyline"],"picked":"Acceleration","floor":31},{"not_picked":["CollectingQuirk","MaximisePower"],"picked":"UltimateShortwave","floor":33},{"not_picked":["Robbery+1","DC","AsteroidBelt"],"picked":"SKIP","floor":35},{"not_picked":["UnstableBomb","Acceleration"],"picked":"EarthLightRay+1","floor":37},{"not_picked":["GalacticHalo","Occultation","WitchOfGreed"],"picked":"SKIP","floor":38},{"not_picked":["Occultation","WitchOfGreed"],"picked":"GalacticHalo","floor":38},{"not_picked":["UnstableBomb","MysteriousBeam"],"picked":"ChargingUp+1","floor":39},{"not_picked":["WitchOfGreed+1","FairyDestructionRay"],"picked":"ManaConvection","floor":40},{"not_picked":["DC","GrandCross","Acceleration"],"picked":"SKIP","floor":42},{"not_picked":["AsteroidBelt","PulseMagic+1","PropBag"],"picked":"SKIP","floor":44},{"not_picked":["ShootingEcho","PropBag"],"picked":"MagicChant","floor":46},{"not_picked":["DC","LuminesStrike","WitchLeyline+1"],"picked":"SKIP","floor":48},{"not_picked":["RefractionSpark","IllusionStar+1"],"picked":"ManaRampage","floor":54}],"player_experience":922554,"relics_obtained":[{"floor":7.0,"key":"StrikeDummy"},{"floor":9.0,"key":"HandmadeGrimoire"},{"floor":12.0,"key":"Nunchaku"},{"floor":14.0,"key":"Omamori"},{"floor":25,"key":"Bronze Scales"},{"floor":26,"key":"Bottled Tornado"},{"floor":29,"key":"Thread and Needle"},{"floor":31,"key":"BreadOfAWashokuLover"},{"floor":39,"key":"Shovel"},{"floor":40,"key":"War Paint"},{"floor":42,"key":"Smiling Mask"},{"floor":44,"key":"Mummified Hand"},{"floor":49,"key":"Vajra"},{"floor":52,"key":"Pantograph"},{"floor":54,"key":"Ornamental Fan"}],"event_choices":[{"damage_healed":0.0,"max_hp_gain":0.0,"max_hp_loss":0.0,"gold_gain":1.0,"event_name":"betterThird:BetterScrap","player_choice":"Card Card Relic ","floor":2.0,"gold_loss":0.0,"damage_taken":29.0,"cards_obtained":["Bludgeon","Hyperbeam"]},{"damage_healed":0.0,"max_hp_gain":0.0,"max_hp_loss":0.0,"gold_gain":0.0,"event_name":"betterThird:BetterGoop","player_choice":"Left","floor":8.0,"gold_loss":21.0,"damage_taken":0.0},{"cards_removed":["Strike_MRS"],"damage_healed":0,"gold_gain":0,"player_choice":"Gave Gold","damage_taken":0,"max_hp_gain":0,"max_hp_loss":0,"event_name":"Beggar","floor":27,"gold_loss":75},{"cards_removed":["BigCrunch"],"damage_healed":55,"gold_gain":0,"player_choice":"Offered Rare","damage_taken":0,"max_hp_gain":10,"max_hp_loss":0,"event_name":"Bonfire Elementals","floor":28,"gold_loss":0},{"damage_healed":0,"gold_gain":0,"player_choice":"Fight","damage_taken":0,"max_hp_gain":0,"max_hp_loss":0,"event_name":"Mysterious Sphere","floor":39,"gold_loss":0},{"damage_healed":0,"gold_gain":0,"player_choice":"Ignored","damage_taken":0,"max_hp_gain":0,"max_hp_loss":0,"event_name":"Tomb of Lord Red Mask","floor":41,"gold_loss":0}],"is_beta":false,"boss_relics":[{"not_picked":["Astrolabe","Tiny House"],"picked":"Coffee Dripper"},{"not_picked":["ExperimentalFamiliar","Calling Bell"],"picked":"Runic Pyramid"}],"items_purged_floors":[36,47,53],"is_endless":false,"potions_floor_spawned":[4,5,7,11,14,18,22,24,30,31,33,37,38,46,54],"ascension_level":14}}