{"host":"30jsp143e4v19aze","time":1608663581,"event":{"mods":["BaseMod","Colored Map","Colored Powertips","Curses Come First","DeckTracker","Highlight Path","Minty Spire (QoL Compilation)","Quick Restart","Relic Stats","StSLib"],"gold_per_floor":[117,136,286,286,304,339,339,339,339],"floor_reached":8,"playtime":211,"items_purged":[],"score":106,"play_id":"6b13575c-d9e5-4699-8361-25975684bbad","local_time":"20201222195941","is_ascension_mode":true,"campfire_choices":[{"data":"All Out Attack","floor":7,"key":"SMITH"}],"circlet_count":0,"master_deck":["AscendersBane","Strike_G","Strike_G","Strike_G","Strike_G","Strike_G","Defend_G","Defend_G","Defend_G","Defend_G","Defend_G","Survivor","Neutralize","Sucker Punch","Poisoned Stab","Doubt","Pain","All Out Attack+1","Corpse Explosion"],"relics":["Ring of the Snake","NeowsBlessing","WarpedTongs","Smiling Mask"],"acts_visited":["Exordium"],"potions_floor_usage":[],"damage_taken":[{"damage":0,"enemies":"Small Slimes","floor":1,"turns":1},{"damage":0,"enemies":"Cultist","floor":2,"turns":1},{"damage":0,"enemies":"2 Louse","floor":5,"turns":1},{"damage":29,"enemies":"3 Sentries","floor":6,"turns":8},{"damage":32,"enemies":"Gremlin Nob","floor":8,"turns":3}],"seed_played":"1143311231547542999","potions_obtained":[{"floor":5,"key":"CultistPotion"}],"is_trial":false,"path_per_floor":["M","M","?","?","M","E","R","E"],"character_chosen":"THE_SILENT","items_purchased":[],"campfire_rested":0,"item_purchase_floors":[],"current_hp_per_floor":[59,59,59,59,59,30,30,0,0],"gold":339,"neow_bonus":"THREE_ENEMY_KILL","is_daily":false,"chose_seed":false,"campfire_upgraded":1,"win_rate":0.0,"timestamp":1608663581,"path_taken":["M","M","?","?","?","E","R","E"],"items_purchased_type":[],"build_version":"2020-12-13","purchased_purges":0,"victory":false,"max_hp_per_floor":[66,66,66,66,66,66,66,66,66],"relic_stats":{"counters":[5,14],"Smiling Mask":0,"obtain_stats":[{"NeowsBlessing":0,"Smiling Mask":6,"Ring of the Snake":0,"WarpedTongs":4},{"NeowsBlessing":0,"Smiling Mask":4,"Ring of the Snake":0,"WarpedTongs":2},{"NeowsBlessing":0,"Smiling Mask":11,"Ring of the Snake":0,"WarpedTongs":2}],"Ring of the Snake":[10],"WarpedTongs":[12]},"card_choices":[{"not_picked":["Quick Slash","Underhanded Strike"],"picked":"Sucker Punch","floor":1},{"not_picked":["Quick Slash","Acrobatics"],"picked":"Poisoned Stab","floor":2},{"not_picked":["Catalyst","Dodge and Roll"],"picked":"All Out Attack","floor":5},{"not_picked":["Backflip","Accuracy"],"picked":"Corpse Explosion","floor":6}],"player_experience":3059900,"relics_obtained":[{"floor":6,"key":"Smiling Mask"}],"event_choices":[{"damage_healed":0,"gold_gain":150,"player_choice":"AGREE","damage_taken":0,"max_hp_gain":0,"max_hp_loss":0,"event_name":"Liars Game","floor":3,"gold_loss":0,"cards_obtained":["Doubt"]},{"damage_healed":0,"gold_gain":0,"player_choice":"Rummage","damage_taken":0,"relics_obtained":["WarpedTongs"],"max_hp_gain":0,"max_hp_loss":0,"event_name":"Accursed Blacksmith","floor":4,"gold_loss":0,"cards_obtained":["Pain"]}],"is_beta":false,"boss_relics":[],"items_purged_floors":[],"is_endless":false,"potions_floor_spawned":[5],"killed_by":"Gremlin Nob","ascension_level":18}}