{"host":"wvjetiwvtzv47vcu","time":1608680368,"event":{"mods":["AchievementEnabler","Act Like it!","BaseMod","BetterRewards","Colored Map","Colored Powertips","Downfall","Gensokyo","Hubris","Koishi","Marisa????????","Minty Spire (QoL Compilation)","Rare Cards Sparkle","StSLib","The Animator"],"gold_per_floor":[99,117,128,145,163,163,244,94,94,94],"floor_reached":9,"playtime":534,"items_purged":[],"score":53,"play_id":"264de81e-04be-4bcf-b32f-11842b586244","local_time":"20201222153928","is_ascension_mode":false,"campfire_choices":[{"data":"sneckomod:Unknown","floor":1,"key":"SMITH"},{"data":"sneckomod:UnknownRareSkill","floor":6,"key":"SMITH"}],"circlet_count":0,"master_deck":["sneckomod:Strike","sneckomod:Strike","sneckomod:Strike","sneckomod:Defend","sneckomod:Defend","sneckomod:Defend","sneckomod:TailWhip","sneckomod:SnekBite","sneckomod:Unknown+1","sneckomod:Unknown","sneckomod:UnknownCommonSkill","sneckomod:IronFang","sneckomod:UnknownRareSkill+1","sneckomod:UnknownClassTHE_UNNAMED","sneckomod:DiceCrush","Finesse","sneckomod:Unknown1Cost"],"relics":["sneckomod:SneckoSoul","Ornamental Fan"],"acts_visited":["Exordium"],"potions_floor_usage":[],"damage_taken":[{"damage":8,"enemies":"Small Slimes","floor":2,"turns":3},{"damage":11,"enemies":"Jaw Worm","floor":3,"turns":4},{"damage":0,"enemies":"Cultist","floor":4,"turns":2},{"damage":2,"enemies":"2 Fungi Beasts","floor":5,"turns":2},{"damage":0,"enemies":"downfall:FleeingMerchant","floor":8,"turns":4},{"damage":29,"enemies":"Lagavulin","floor":9,"turns":4}],"seed_played":"4269824105115769855","potions_obtained":[{"floor":5,"key":"FairyPotion"}],"is_trial":false,"path_per_floor":["R","M","M","M","M","R","T","$","E"],"character_chosen":"THE_SNECKO","items_purchased":["Finesse","sneckomod:Unknown1Cost"],"campfire_rested":0,"item_purchase_floors":[8,8],"current_hp_per_floor":[99,92,91,92,91,91,91,92,63,63],"gold":94,"neow_bonus":"TEN_PERCENT_HP_BONUS","is_daily":false,"chose_seed":false,"campfire_upgraded":2,"win_rate":0.0,"timestamp":1608680368,"path_taken":["R","M","M","M","M","R","T","$","E"],"items_purchased_type":["Card","Card"],"build_version":"2020-12-13","purchased_purges":0,"victory":false,"max_hp_per_floor":[99,100,100,101,102,102,102,103,103,103],"card_choices":[{"not_picked":["sneckomod:IronFang","sneckomod:UnknownStrike"],"picked":"sneckomod:UnknownCommonSkill","floor":2},{"not_picked":["sneckomod:DiceBlock","sneckomod:WideSting"],"picked":"sneckomod:IronFang","floor":3},{"not_picked":["sneckomod:RainOfDice","sneckomod:UnknownStrike"],"picked":"sneckomod:UnknownRareSkill","floor":4},{"not_picked":["sneckomod:IronFang","sneckomod:UnknownUncommonSkill"],"picked":"sneckomod:UnknownClassTHE_UNNAMED","floor":5},{"not_picked":["sneckomod:DiceBlock","sneckomod:QuickMove"],"picked":"sneckomod:DiceCrush","floor":8}],"player_experience":256717,"relics_obtained":[{"floor":7,"key":"Ornamental Fan"}],"event_choices":[],"is_beta":false,"boss_relics":[],"items_purged_floors":[],"is_endless":false,"potions_floor_spawned":[5],"killed_by":"Lagavulin","ascension_level":0}}