{"host":"6to0pdz5g3mubtyg","time":1608681416,"event":{"mods":["Act Like it!","Aspiration","BaseMod","BetterRewards","Colored Map","Energized Spire","Hallownest","Highlight Path","Infinite Spire","Jorbs\u0027s Wanderer Trilogy","Minty Spire (QoL Compilation)","Shade Mod","StSLib","The Animator","The Blue Laboratory","The Bug Knight"],"gold_per_floor":[111,30,30,30,45,70,70,70,70,85,105,134,134,147,147,251,251,270,285,8,8,27,27,27],"floor_reached":23,"playtime":904,"items_purged":[],"score":251,"play_id":"b8daa25e-6141-499e-b8f5-bc2da4093c60","local_time":"20201222165656","is_ascension_mode":false,"campfire_choices":[{"floor":15,"key":"REST"}],"circlet_count":0,"master_deck":["Shade:Strike_Shade","Shade:Strike_Shade","Shade:Strike_Shade","Shade:Strike_Shade+1","Shade:Defend_Shade","Shade:Defend_Shade","Shade:Defend_Shade+1","Shade:AnimateDead","Shade:CarefulCut","Dramatic Entrance","Shade:Bite_Shade","Shade:ExtraLimbs","Shade:TouchOfTheGrave","Regret","Shade:SpectralStrikes","Shade:ExtraLimbs","Shade:Frenzy","Shade:Consume","CurseOfTheBell","Shade:CoffinDance","Shade:CallOfTheGrave+1","Shade:StitchTogether","Shade:Bonestorm","Shade:Bite_Shade"],"relics":["Shade:YorickSkull","aspiration:FetidBarrel","Letter Opener","aspiration:FrozenJewel","Eternal Feather","Potion Belt","Calling Bell","Art of War","Kunai","Thread and Needle","infinitespire:Lucky Rock"],"acts_visited":["Exordium","TheCity"],"potions_floor_usage":[],"damage_taken":[{"damage":3,"enemies":"Jaw Worm","floor":1,"turns":2},{"damage":0,"enemies":"Cultist","floor":5,"turns":3},{"damage":11,"enemies":"3 Sentries","floor":6,"turns":5},{"damage":0,"enemies":"2 Louse","floor":10,"turns":2},{"damage":7,"enemies":"Large Slime","floor":11,"turns":4},{"damage":21,"enemies":"Gremlin Nob","floor":12,"turns":4},{"damage":0,"enemies":"Gremlin Gang","floor":14,"turns":2},{"damage":2,"enemies":"Slime Boss","floor":16,"turns":5},{"damage":9,"enemies":"2 Thieves","floor":18,"turns":3},{"damage":0,"enemies":"Spheric Guardian","floor":19,"turns":3},{"damage":13,"enemies":"3 Cultists","floor":22,"turns":5},{"damage":63,"enemies":"Book of Stabbing","floor":23,"turns":5}],"seed_played":"311402437597591211","potions_obtained":[{"floor":11,"key":"blueLaboratory:FruitPreserves"},{"floor":12,"key":"Block Potion"},{"floor":16,"key":"blueLaboratory:FrostheartPotion"},{"floor":21,"key":"blueLaboratory:ImpenetrablePotion"},{"floor":21,"key":"blueLaboratory:ImpenetrablePotion"},{"floor":21,"key":"blueLaboratory:FruitPunch"}],"is_trial":false,"path_per_floor":["M","$","?","?","M","E","$","?","T","M","M","E","?","M","R","B",null,"M","M","$","?","M","E"],"character_chosen":"SHADE","items_purchased":["Shade:Bite_Shade","Shade:StitchTogether","infinitespire:Lucky Rock","Shade:Bonestorm"],"campfire_rested":1,"item_purchase_floors":[2,20,20,20],"current_hp_per_floor":[62,62,49,49,51,44,44,44,44,44,41,22,15,17,45,47,65,56,56,56,56,52,0,0],"gold":27,"neow_bonus":"RANDOM_COLORLESS","is_daily":false,"chose_seed":false,"campfire_upgraded":0,"win_rate":0.0,"timestamp":1608681416,"path_taken":["M","$","?","?","?","E","$","?","T","M","M","E","?","M","R","BOSS","M","M","$","?","M","E"],"items_purchased_type":["Card","Card","Relic","Card"],"build_version":"2020-12-13","purchased_purges":0,"victory":false,"max_hp_per_floor":[65,65,65,65,65,65,65,65,65,65,65,65,65,65,65,65,65,65,65,65,65,65,65,65],"card_choices":[{"not_picked":["Finesse","Deep Breath"],"picked":"Dramatic Entrance","floor":0},{"not_picked":["Shade:Asphyxiate","Shade:ExtraLimbs"],"picked":"Shade:Carnophage","floor":1},{"not_picked":["Shade:FreshBones","Shade:CommandSoldier"],"picked":"Shade:ExtraLimbs","floor":5},{"not_picked":["Shade:GraveStillness","Shade:AncientSpear"],"picked":"Shade:TouchOfTheGrave","floor":6},{"not_picked":["Shade:FleshToFlesh","Shade:Patience"],"picked":"Shade:SpectralStrikes","floor":10},{"not_picked":["Shade:FeralStrike","Shade:Carnophage"],"picked":"Shade:ExtraLimbs","floor":11},{"not_picked":["Shade:CommandSoldier","Shade:WallOfFlesh"],"picked":"Shade:Frenzy","floor":12},{"not_picked":["Shade:GraveStillness","Shade:BoneShards","Shade:MadHubris"],"picked":"SKIP","floor":14},{"not_picked":["Shade:MadHubris","Shade:LoseControl"],"picked":"Shade:Consume","floor":16},{"not_picked":["Shade:FuneraryArmor","Shade:Premonition"],"picked":"Shade:CoffinDance","floor":18},{"not_picked":["Shade:FleshToFlesh","Shade:SanguineRitual"],"picked":"Shade:CallOfTheGrave+1","floor":19},{"not_picked":["Shade:Trample+1","Shade:CommandSoldier"],"picked":"Shade:Bite_Shade","floor":22}],"player_experience":216517,"relics_obtained":[{"floor":6,"key":"Letter Opener"},{"floor":9,"key":"Eternal Feather"},{"floor":12,"key":"Potion Belt"},{"floor":17,"key":"Art of War"},{"floor":17,"key":"Kunai"},{"floor":17,"key":"Thread and Needle"}],"event_choices":[{"damage_healed":0,"gold_gain":0,"player_choice":"Entered Light","damage_taken":13,"max_hp_gain":0,"max_hp_loss":0,"event_name":"Shining Light","floor":3,"gold_loss":0,"cards_upgraded":["Shade:Defend_Shade","Shade:Strike_Shade"]},{"cards_removed":["Shade:Carnophage"],"damage_healed":0,"gold_gain":0,"player_choice":"Gave Card","damage_taken":0,"relics_obtained":["aspiration:FetidBarrel"],"max_hp_gain":0,"max_hp_loss":0,"event_name":"WeMeetAgain","floor":4,"gold_loss":0},{"damage_healed":0,"gold_gain":0,"player_choice":"Box","damage_taken":0,"relics_obtained":["aspiration:FrozenJewel"],"max_hp_gain":0,"max_hp_loss":0,"event_name":"Big Fish","floor":8,"gold_loss":0,"cards_obtained":["Regret"]},{"cards_removed":["Shade:Defend_Shade"],"damage_healed":0,"gold_gain":0,"player_choice":"Card Removal","damage_taken":7,"max_hp_gain":0,"max_hp_loss":0,"event_name":"Golden Wing","floor":13,"gold_loss":0},{"damage_healed":0,"gold_gain":0,"player_choice":"Got Potions","damage_taken":0,"max_hp_gain":0,"max_hp_loss":0,"event_name":"Lab","floor":21,"gold_loss":0}],"is_beta":false,"boss_relics":[{"not_picked":["Runic Pyramid","aspiration:RitualDagger"],"picked":"Calling Bell"}],"items_purged_floors":[],"is_endless":false,"potions_floor_spawned":[11,12,16,22],"killed_by":"Book of Stabbing","ascension_level":0}}