{"host":"ue7jlgf7uv134an9","time":1608625736,"event":{"mods":["BaseMod","Better Third Choice","Defuse TimeMaze Blight","Minty Spire (QoL Compilation)","Quick Restart","Rare Cards Sparkle","Relic Stats","StSLib","UnlockEverythingMod"],"gold_per_floor":[115,115,128,142,158,184,149,162,162,180,25,38,38,55,55,55,55],"floor_reached":16,"playtime":759,"items_purged":[],"score":212,"play_id":"ced97506-78f0-48f6-809b-4f5e540f7630","local_time":"20201222032856","is_ascension_mode":true,"campfire_choices":[{"floor":13,"key":"REST"},{"floor":15,"key":"REST"}],"circlet_count":0,"master_deck":["AscendersBane","Strike_G","Strike_G","Strike_G","Strike_G","Strike_G","Defend_G","Defend_G","Defend_G","Defend_G","Defend_G","Survivor","Neutralize","Dagger Throw","Neutralize","Deadly Poison","Deflect","Cloak And Dagger","Predator","Masterful Stab","Endless Agony","Footwork","Die Die Die","After Image","Blade Dance"],"relics":["Ring of the Snake","NeowsBlessing","Happy Flower","The Courier"],"acts_visited":["Exordium"],"potions_floor_usage":[6,6,10],"damage_taken":[{"damage":0,"enemies":"2 Louse","floor":1,"turns":1},{"damage":0,"enemies":"Cultist","floor":3,"turns":1},{"damage":0,"enemies":"Small Slimes","floor":4,"turns":1},{"damage":5,"enemies":"Blue Slaver","floor":5,"turns":5},{"damage":28,"enemies":"Lagavulin","floor":6,"turns":7},{"damage":17,"enemies":"Exordium Thugs","floor":8,"turns":6},{"damage":5,"enemies":"Gremlin Gang","floor":10,"turns":4},{"damage":16,"enemies":"Exordium Wildlife","floor":12,"turns":4},{"damage":16,"enemies":"Exordium Thugs","floor":14,"turns":5},{"damage":27,"enemies":"Slime Boss","floor":16,"turns":6}],"seed_played":"3614377982977895166","potions_obtained":[{"floor":4,"key":"AttackPotion"},{"floor":5,"key":"Dexterity Potion"},{"floor":8,"key":"Swift Potion"}],"is_trial":false,"path_per_floor":["M","?","M","M","M","E","?","M","T","M","$","M","R","M","R","B"],"character_chosen":"THE_SILENT","items_purchased":["Footwork","Die Die Die"],"campfire_rested":2,"item_purchase_floors":[11,11],"current_hp_per_floor":[59,59,59,59,54,26,42,25,25,20,20,4,23,7,26,0,0],"gold":55,"neow_bonus":"THREE_ENEMY_KILL","is_daily":false,"chose_seed":false,"campfire_upgraded":0,"win_rate":0.0,"timestamp":1608625736,"path_taken":["M","?","?","M","M","E","?","M","T","M","$","M","R","M","R","BOSS"],"items_purchased_type":["Card","Card"],"build_version":"2020-12-13","purchased_purges":0,"victory":false,"max_hp_per_floor":[66,66,66,66,66,66,66,66,66,66,66,66,66,66,66,66,66],"relic_stats":{"Happy Flower":[8],"counters":[10,40],"obtain_stats":[{"NeowsBlessing":0,"Happy Flower":6,"The Courier":9,"Ring of the Snake":0},{"NeowsBlessing":0,"Happy Flower":5,"The Courier":6,"Ring of the Snake":0},{"NeowsBlessing":0,"Happy Flower":15,"The Courier":21,"Ring of the Snake":0}],"Ring of the Snake":[20]},"card_choices":[{"not_picked":["Slice","Caltrops"],"picked":"Dagger Throw","floor":1},{"not_picked":["Backflip","Slice"],"picked":"Deadly Poison","floor":3},{"not_picked":["Quick Slash","Prepared"],"picked":"Deflect","floor":4},{"not_picked":["Accuracy","Dash"],"picked":"Cloak And Dagger","floor":5},{"not_picked":["Flechettes","PiercingWail"],"picked":"Predator","floor":6},{"not_picked":["Slice","Tactician"],"picked":"Masterful Stab","floor":8},{"not_picked":["Eviscerate","Quick Slash"],"picked":"Endless Agony","floor":10},{"not_picked":["Deadly Poison","Quick Slash"],"picked":"After Image","floor":12},{"not_picked":["Cloak And Dagger","Dagger Spray"],"picked":"Blade Dance","floor":14}],"player_experience":21696,"relics_obtained":[{"floor":6,"key":"Happy Flower"},{"floor":9,"key":"The Courier"}],"event_choices":[{"damage_healed":0,"gold_gain":0,"player_choice":"1 cards matched","damage_taken":0,"max_hp_gain":0,"max_hp_loss":0,"event_name":"Match and Keep!","floor":2,"gold_loss":0,"cards_obtained":["Neutralize"]},{"damage_healed":16,"gold_gain":0,"player_choice":"Healed","damage_taken":0,"max_hp_gain":0,"max_hp_loss":0,"event_name":"The Cleric","floor":7,"gold_loss":35}],"is_beta":false,"boss_relics":[],"items_purged_floors":[],"is_endless":false,"potions_floor_spawned":[4,5,8],"killed_by":"Slime Boss","ascension_level":20}}