{"host":"709gjpjg43u3i5a8","time":1608598182,"event":{"mods":["BaseMod","Colored Map","Colored Powertips","Downfall","Hermit","Hubris","Infinite Spire","Marisa????????","Minty Spire (QoL Compilation)","Remilia??????","StSLib","Td1madao Mod","The Animator","The Bug Knight","The Cursed","The Disciple","The Hierophant","The Jungle","The Servant 0.9.4"],"gold_per_floor":[127,127,146,146,93,126,126,169,169,105,126,126,126,160,160,300,300,320,206,206,219,223,223],"floor_reached":22,"playtime":1921,"items_purged":[],"score":275,"play_id":"54eb5b51-0aa9-4a53-8505-23c0024fe8d9","local_time":"20201221174942","is_ascension_mode":false,"campfire_choices":[{"floor":13,"key":"REST"},{"floor":15,"key":"REST"}],"circlet_count":0,"master_deck":["animator:Strike_Konosuba","animator:Defend_Konosuba","animator:Strike","animator:Strike","animator:Defend","animator:Defend","animator:Defend","animator:Kazuma","animator:Aqua","animator:Ain+1","animator:Elsword","animator:Benimaru","animator:GazelDwargon","animator:Aisha","animator:Darkness","animator:Melzalgald+1","animator:Evileye","animator:Biyorigo","animator:Elsword","animator:GuildGirl","animator:Fredrika","animator:Laby"],"relics":["animator:LivingPicture","animator:TheMissingPiece","animator:PurgingStone","NeowsBlessing","Golden Idol","The Courier","hubris:DeckOfHolding","hubris:Potato","Nunchaku","Philosopher\u0027s Stone","Nilry\u0027s Codex"],"acts_visited":["Exordium","TheCity"],"potions_floor_usage":[16,21,21],"damage_taken":[{"damage":0,"enemies":"Cultist","floor":1,"turns":1},{"damage":0,"enemies":"2 Louse","floor":3,"turns":1},{"damage":0,"enemies":"Lagavulin","floor":6,"turns":1},{"damage":25,"enemies":"3 Sentries","floor":8,"turns":7},{"damage":0,"enemies":"Small Slimes","floor":11,"turns":4},{"damage":23,"enemies":"Gremlin Nob","floor":14,"turns":5},{"damage":0,"enemies":"Slime Boss","floor":16,"turns":5},{"damage":28,"enemies":"Shell Parasite","floor":18,"turns":5},{"damage":0,"enemies":"2 Thieves","floor":21,"turns":3},{"damage":32,"enemies":"Sentry and Sphere","floor":22,"turns":5}],"seed_played":"3307757641912468273","potions_obtained":[{"floor":1,"key":"Block Potion"},{"floor":6,"key":"hexamod:EctoCoolerPotion"},{"floor":14,"key":"Energy Potion"},{"floor":16,"key":"animator:GrowthPotion"},{"floor":18,"key":"Energy Potion"},{"floor":21,"key":"BlessingOfTheForge"}],"is_trial":false,"path_per_floor":["M","?","M","?","$","E","?","E","T","$","M","?","R","E","R","B",null,"M","$","?","M","M"],"character_chosen":"THE_ANIMATOR","items_purchased":["animator:Benimaru","animator:Darkness","animator:GuildGirl","animator:Fredrika"],"campfire_rested":2,"item_purchase_floors":[5,10,19,19],"current_hp_per_floor":[66,66,67,51,51,51,51,28,28,28,30,30,50,29,49,51,67,41,41,25,28,0,0],"gold":223,"neow_bonus":"THREE_ENEMY_KILL","is_daily":false,"chose_seed":false,"campfire_upgraded":0,"win_rate":0.0,"timestamp":1608598182,"path_taken":["M","?","M","?","$","E","?","E","T","$","?","?","R","E","R","BOSS","M","$","?","M","M"],"items_purchased_type":["Card","Card","Card","Card"],"build_version":"2020-12-13","purchased_purges":0,"victory":false,"max_hp_per_floor":[66,66,67,67,67,67,67,67,67,67,67,67,67,67,67,67,67,67,67,67,68,68,68],"card_choices":[{"not_picked":["animator:Raven","animator:Benimaru"],"picked":"animator:Ain","floor":1},{"not_picked":["animator:Entoma","animator:IrohaTamaki"],"picked":"animator:Elsword","floor":3},{"not_picked":["animator:ZankiKiguchi","animator:TsurugaMeisai"],"picked":"animator:GazelDwargon","floor":6},{"not_picked":["animator:Raven","animator:Ciel"],"picked":"animator:Aisha","floor":8},{"not_picked":["animator:Ciel","animator:Gillette"],"picked":"animator:Melzalgald","floor":11},{"not_picked":["animator:SayakaMiki","animator:Demiurge"],"picked":"animator:Evileye","floor":14},{"not_picked":["animator:Kyubey","animator:Rimuru"],"picked":"animator:Biyorigo","floor":16},{"not_picked":["animator:ZankiKiguchi","animator:Priestess"],"picked":"animator:Elsword","floor":18},{"not_picked":["animator:Ciel","animator:Lu"],"picked":"animator:Laby","floor":21}],"player_experience":359584,"relics_obtained":[{"floor":6,"key":"The Courier"},{"floor":8,"key":"hubris:DeckOfHolding"},{"floor":9,"key":"hubris:Potato"},{"floor":14,"key":"Nunchaku"},{"floor":20,"key":"Nilry\u0027s Codex"}],"event_choices":[{"damage_healed":0,"gold_gain":0,"player_choice":"Grow","damage_taken":0,"max_hp_gain":0,"max_hp_loss":0,"event_name":"Living Wall","floor":2,"gold_loss":0,"cards_upgraded":["animator:Ain"]},{"damage_healed":0,"gold_gain":0,"player_choice":"Take Damage","damage_taken":16,"relics_obtained":["Golden Idol"],"max_hp_gain":0,"max_hp_loss":0,"event_name":"Golden Idol","floor":4,"gold_loss":0},{"cards_removed":["animator:Strike"],"damage_healed":0,"gold_gain":0,"player_choice":"Card Removal","damage_taken":0,"max_hp_gain":0,"max_hp_loss":0,"event_name":"Wheel of Change","floor":7,"gold_loss":0},{"damage_healed":0,"gold_gain":0,"player_choice":"Obtained Book","damage_taken":16,"max_hp_gain":0,"max_hp_loss":0,"event_name":"Cursed Tome","floor":20,"gold_loss":0}],"is_beta":false,"boss_relics":[{"not_picked":["infinitespire:Cupcake","Ectoplasm"],"picked":"Philosopher\u0027s Stone"}],"items_purged_floors":[],"is_endless":false,"potions_floor_spawned":[1,6,14,16,18,21],"killed_by":"Sentry and Sphere","ascension_level":0}}