{"host":"2461dio7vetlq1z3","time":1608603420,"event":{"mods":["2.2 Compatiblity","AchievementEnabler","BaseMod","Better Third Choice","Hermit","Minty Spire (QoL Compilation)","Relic Stats","Spicy Shops","StSLib","The Runesmith","Waifu the Spire"],"gold_per_floor":[119,139,156,174,174,174,188,30,30,57,67,80,80,95,95,197,197,197],"floor_reached":17,"playtime":1139,"items_purged":["Runesmith:Strike_RS"],"score":161,"play_id":"01a2261c-41d1-417a-8faf-de86c53d5d15","local_time":"20201222031700","is_ascension_mode":false,"campfire_choices":[{"data":"Runesmith:Overpower","floor":6,"key":"SMITH"},{"data":"Runesmith:LithiumIon","floor":13,"key":"SMITH"},{"data":"Runesmith:Superposition","floor":15,"key":"SMITH"}],"circlet_count":0,"master_deck":["Runesmith:Strike_RS","Runesmith:Strike_RS","Runesmith:Defend_RS","Runesmith:Defend_RS","Runesmith:Defend_RS","Runesmith:Defend_RS","Runesmith:CraftFirestone","Runesmith:Fortify","Runesmith:FrozenChisel","Runesmith:Overpower+1","Runesmith:LastStand+1","Runesmith:ChiselStab","Runesmith:EarthShield","Runesmith:DoubleUp","Runesmith:LithiumIon+1","Runesmith:CraftMagma","Runesmith:Firewall","Runesmith:Superposition+1","Runesmith:Attraction","Runesmith:CraftProtectio","Runesmith:UnlimitedPower"],"relics":["Runesmith:BrokenRuby","Letter Opener","Regal Pillow","Fusion Hammer"],"acts_visited":["Exordium","TheCity"],"potions_floor_usage":[10,14],"damage_taken":[{"damage":1,"enemies":"Cultist","floor":1,"turns":4},{"damage":5,"enemies":"Small Slimes","floor":2,"turns":5},{"damage":0,"enemies":"2 Louse","floor":3,"turns":1},{"damage":5,"enemies":"Looter","floor":4,"turns":3},{"damage":0,"enemies":"3 Louse","floor":7,"turns":3},{"damage":14,"enemies":"Lagavulin","floor":10,"turns":7},{"damage":0,"enemies":"Large Slime","floor":11,"turns":6},{"damage":3,"enemies":"Blue Slaver","floor":12,"turns":4},{"damage":0,"enemies":"3 Louse","floor":14,"turns":3},{"damage":8,"enemies":"Hexaghost","floor":16,"turns":8}],"seed_played":"2336870071666037369","potions_obtained":[{"floor":3,"key":"DistilledChaos"},{"floor":4,"key":"FearPotion"},{"floor":7,"key":"SneckoOil"},{"floor":11,"key":"Fruit Juice"},{"floor":14,"key":"AttackPotion"}],"is_trial":false,"path_per_floor":["M","M","M","M","?","R","M","$","T","E","M","M","R","M","R","B",null],"character_chosen":"RUNESMITH_CLASS","items_purchased":["Runesmith:LithiumIon","Runesmith:CraftMagma"],"campfire_rested":0,"item_purchase_floors":[8,8],"current_hp_per_floor":[69,64,64,59,59,59,59,59,59,45,45,42,42,47,47,39,75,75],"gold":197,"neow_bonus":"TRANSFORM_CARD","is_daily":false,"chose_seed":false,"campfire_upgraded":3,"win_rate":0.0,"timestamp":1608603420,"path_taken":["M","M","M","M","?","R","M","$","T","E","M","?","R","M","R","BOSS"],"items_purchased_type":["Card","Card"],"build_version":"2020-12-13","purchased_purges":1,"victory":false,"max_hp_per_floor":[70,70,70,70,70,70,70,70,70,70,70,70,70,75,75,75,75,75],"relic_stats":{"Regal Pillow":0,"counters":[10,44],"Letter Opener":[5],"obtain_stats":[{"Runesmith:BrokenRuby":0,"Regal Pillow":10,"Fusion Hammer":17,"Letter Opener":9},{"Runesmith:BrokenRuby":0,"Regal Pillow":6,"Fusion Hammer":10,"Letter Opener":5},{"Runesmith:BrokenRuby":0,"Regal Pillow":23,"Fusion Hammer":44,"Letter Opener":16}]},"card_choices":[{"not_picked":["Runesmith:HeatExchange","Runesmith:Refine"],"picked":"Runesmith:Overpower","floor":1},{"not_picked":["Runesmith:CraftMagma","Runesmith:Electrocute"],"picked":"Runesmith:LastStand","floor":2},{"not_picked":["Runesmith:WhiteBalance","Runesmith:HeatExchange"],"picked":"Runesmith:ChiselStab","floor":3},{"not_picked":["Runesmith:RuneHurl","Runesmith:UnstableHammer"],"picked":"Runesmith:EarthShield","floor":4},{"not_picked":["Runesmith:Terraform","Runesmith:Augment"],"picked":"Runesmith:DoubleUp","floor":7},{"not_picked":["Runesmith:Overpower","Runesmith:BackupBattery"],"picked":"Runesmith:Firewall","floor":10},{"not_picked":["Runesmith:GrandSlam","Runesmith:HeatExchange"],"picked":"Runesmith:Superposition","floor":11},{"not_picked":["Runesmith:Accelerate","Runesmith:EarthShield"],"picked":"Runesmith:Attraction","floor":12},{"not_picked":["Runesmith:MakeshiftArmor","Runesmith:ChiselStab"],"picked":"Runesmith:CraftProtectio","floor":14},{"not_picked":["Runesmith:GrandSlam","Runesmith:LastStand"],"picked":"Runesmith:UnlimitedPower","floor":16}],"player_experience":837382,"relics_obtained":[{"floor":9,"key":"Letter Opener"},{"floor":10,"key":"Regal Pillow"}],"event_choices":[{"damage_healed":0,"gold_gain":0,"player_choice":"Upgraded","damage_taken":0,"max_hp_gain":0,"max_hp_loss":0,"event_name":"Upgrade Shrine","floor":5,"gold_loss":0,"cards_upgraded":["Runesmith:LastStand"]}],"is_beta":false,"boss_relics":[{"not_picked":["Runesmith:CoreCrystal","Calling Bell"],"picked":"Fusion Hammer"}],"items_purged_floors":[8],"is_endless":false,"potions_floor_spawned":[3,4,7,11,14],"ascension_level":0}}