{"host":"kstmajdnxm8lto3o","time":1608679941,"event":{"mods":["Aspiration","BaseMod","Better Third Choice","BetterRewards","CCEM","Conspire","Downfall","Gremlin Skip","Highlight Path","Hubris","Minty Spire (QoL Compilation)","Replay The Spire","Shop Mod","Spicy Shops","StSLib"],"gold_per_floor":[118,118,136,136,155,186,204,231,257,291,313,313,362,387,387,496,496,525,525,550,577,577,577,624,624,651,651,697,727,152,205,205,319,319,342,367,367,88,112,153,153,188,188,212,212,237,293,293,293,301,301,301,74,117,125,125],"floor_reached":55,"playtime":3495,"items_purged":[],"score":1166,"play_id":"494b7f14-5e0a-4327-b790-8390fb5cee3d","local_time":"20201222183221","is_ascension_mode":true,"campfire_choices":[{"data":"Zap","floor":12,"key":"SMITH"},{"data":"Buffer","floor":15,"key":"SMITH"},{"data":"Echo Form","floor":23,"key":"SMITH"},{"floor":25,"key":"REST"},{"data":"Beam Cell","floor":27,"key":"SMITH"},{"data":"Loop","floor":32,"key":"SMITH"},{"floor":41,"key":"REST"},{"floor":45,"key":"RECALL"},{"floor":49,"key":"REST"},{"data":"Rainbow","floor":52,"key":"SMITH"}],"circlet_count":0,"master_deck":["Strike_B+2","Strike_B","Strike_B+1","Defend_B","Defend_B","Defend_B+1","Zap+1","Dualcast+1","Go for the Eyes","Conserve Battery","Buffer+1","Cold Snap","Glacier","Core Surge","Melter+1","Lockon","Ball Lightning","Ball Lightning","Echo Form+1","CurseOfTheBell","BootSequence+1","Beam Cell+1","Panic Button+1","Loop+1","Loop+1","Rainbow+1","Rebound+1","Lockon","Parasite","Redo+1","Replay:BasicMightCard+1","Go for the Eyes+1","Trip+1","Dark Shackles","Static Discharge"],"relics":["Cracked Core","NeowsBlessing","Anchor","Ancient Tea Set","Regal Pillow","Replay:Bandana","Mummified Hand","Calling Bell","Bag of Marbles","CCEMRelics:DerglesHeadphones","TungstenRod","hubris:TenFootPole","Whetstone","Simple Rune","Runic Capacitor","aspiration:EnhancedActuators","Frozen Eye","CCEMRelics:SpiritsEdge","Replay:Rubber Ducky","hubris:SphereOfDissonance","Gremlin Food","CCEMRelics:FestiveHat","Symbiotic Virus","Incense Burner","hubris:Towel","Strawberry","Nunchaku"],"acts_visited":["Exordium","TheCity","TheBeyond","TheEnding"],"potions_floor_usage":[13,13,20,39,40,55,55],"damage_taken":[{"damage":0,"enemies":"Cultist","floor":1,"turns":1},{"damage":0,"enemies":"2 Louse","floor":3,"turns":1},{"damage":0,"enemies":"Small Slimes","floor":5,"turns":1},{"damage":8,"enemies":"Lagavulin","floor":6,"turns":7},{"damage":0,"enemies":"2 Fungi Beasts","floor":7,"turns":4},{"damage":9,"enemies":"Gremlin Nob","floor":8,"turns":4},{"damage":9,"enemies":"Lagavulin","floor":10,"turns":9},{"damage":0,"enemies":"Exordium Thugs","floor":11,"turns":5},{"damage":8,"enemies":"Gremlin Nob","floor":13,"turns":4},{"damage":0,"enemies":"3 Louse","floor":14,"turns":2},{"damage":31,"enemies":"The Guardian","floor":16,"turns":11},{"damage":4,"enemies":"Spheric Guardian","floor":18,"turns":3},{"damage":10,"enemies":"conspire:FuzzyDice","floor":20,"turns":6},{"damage":15,"enemies":"3 Cultists","floor":21,"turns":6},{"damage":42,"enemies":"Slavers","floor":24,"turns":6},{"damage":9,"enemies":"conspire:Head Lice","floor":28,"turns":7},{"damage":23,"enemies":"Snecko","floor":29,"turns":5},{"damage":1,"enemies":"Replay:Snechameleon","floor":31,"turns":3},{"damage":22,"enemies":"Pondfish","floor":33,"turns":8},{"damage":17,"enemies":"3 Darklings","floor":35,"turns":4},{"damage":0,"enemies":"3 Shapes","floor":36,"turns":4},{"damage":0,"enemies":"Writhing Mass","floor":39,"turns":4},{"damage":38,"enemies":"Reptomancer","floor":40,"turns":7},{"damage":0,"enemies":"R_Hoarder","floor":42,"turns":7},{"damage":15,"enemies":"Spire Growth","floor":44,"turns":3},{"damage":0,"enemies":"3 Darklings","floor":46,"turns":4},{"damage":4,"enemies":"Mind Bloom Boss Battle","floor":47,"turns":6},{"damage":16,"enemies":"Time Eater","floor":50,"turns":9},{"damage":29,"enemies":"Shield and Spear","floor":54,"turns":6},{"damage":90,"enemies":"The Heart","floor":55,"turns":6}],"seed_played":"-7850430707050855997","potions_obtained":[{"floor":3,"key":"Cursed Concoction"},{"floor":7,"key":"sneckomod:MuddlingPotion"},{"floor":10,"key":"AttackPotion"},{"floor":13,"key":"Dexterity Potion"},{"floor":14,"key":"SteroidPotion"},{"floor":16,"key":"Regen Potion"},{"floor":20,"key":"BlessingOfTheForge"},{"floor":31,"key":"Energy Potion"},{"floor":39,"key":"ColorlessPotion"},{"floor":44,"key":"SpeedPotion"},{"floor":54,"key":"Block Potion"}],"is_trial":false,"path_per_floor":["M","?","M","?","M","E","M","E","T","E","M","R","E","M","R","B",null,"M","?","M","M","?","R","E","R","T","R","E","M","$","E","R","B",null,"M","M","?","$","M","E","R","E","T","M","R","M","?","?","R","B",null,"R","$","E","B"],"character_chosen":"DEFECT","items_purchased":["Simple Rune","Runic Capacitor","Loop","aspiration:EnhancedActuators","Frozen Eye","Replay:Rubber Ducky","hubris:SphereOfDissonance","Dark Shackles","Strawberry"],"campfire_rested":3,"item_purchase_floors":[30,30,30,30,30,38,38,53,53],"current_hp_per_floor":[75,75,75,75,75,67,67,58,58,49,49,49,41,41,41,10,75,71,71,74,59,59,71,29,66,66,75,66,43,43,42,54,32,75,58,58,58,58,58,20,57,57,57,42,42,42,38,38,75,59,75,75,82,53,0,0],"gold":125,"neow_bonus":"THREE_ENEMY_KILL","is_daily":false,"chose_seed":false,"campfire_upgraded":6,"win_rate":0.0,"timestamp":1608679941,"path_taken":["M","?","?","?","M","E","M","E","T","E","?","R","E","M","R","BOSS","M","?","M","M","?","R","E","R","T","R","E","M","$","E","R","BOSS","M","M","?","$","M","E","R","E","T","M","R","M","?","?","R","BOSS","R","$","E","BOSS"],"items_purchased_type":["Relic","Relic","Card","Relic","Relic","Relic","Relic","Card","Relic"],"build_version":"2020-12-13","purchased_purges":0,"victory":false,"max_hp_per_floor":[75,75,75,75,75,75,75,75,75,75,75,75,75,75,75,75,75,75,75,75,75,75,75,75,75,75,75,75,75,75,75,75,75,75,75,75,75,75,75,75,75,75,75,75,75,75,75,75,75,75,75,75,82,82,82,82],"card_choices":[{"not_picked":["BasicCrystalCard","Leap"],"picked":"Go for the Eyes","floor":1},{"not_picked":["ReplayTheSpireMod:GoodbyeWorld","Tempest"],"picked":"Conserve Battery","floor":3},{"not_picked":["conspire:Rain","Scrape"],"picked":"Cold Snap","floor":5},{"not_picked":["Capacitor","Hologram","Stack"],"picked":"SKIP","floor":6},{"not_picked":["Coolheaded","Go for the Eyes"],"picked":"Glacier","floor":7},{"not_picked":["Stack","ReplayTheSpireMod:Reroute Power"],"picked":"Core Surge","floor":8},{"not_picked":["Panic Button","Fusion"],"picked":"Melter","floor":10},{"not_picked":["Steam","Beam Cell"],"picked":"Lockon","floor":11},{"not_picked":["Stack","Compile Driver"],"picked":"Ball Lightning","floor":13},{"not_picked":["Coolheaded","Time Bomb"],"picked":"Ball Lightning","floor":14},{"not_picked":["Machine Learning","hubris:Prefetch"],"picked":"Echo Form","floor":16},{"not_picked":["Leap","Barrage"],"picked":"BootSequence+1","floor":18},{"not_picked":["Cold Snap","Compile Driver","Aggregate+1"],"picked":"SKIP","floor":20},{"not_picked":["Turbo+1","Barrage"],"picked":"Beam Cell","floor":21},{"not_picked":["Hyperbeam","Lockon","hubris:SpecializedCircuitry"],"picked":"SKIP","floor":24},{"not_picked":["aspiration:Polymerization","Chill","Reprogram"],"picked":"SKIP","floor":28},{"not_picked":["Hologram+1","Compile Driver"],"picked":"Panic Button+1","floor":29},{"not_picked":["Reprogram","Hologram"],"picked":"Loop","floor":31},{"not_picked":["Reboot","hubris:DoWhile"],"picked":"Rainbow","floor":33},{"not_picked":["Turbo","Loop"],"picked":"Rebound+1","floor":35},{"not_picked":["Lockon","ReplayGash","Rebound"],"picked":"SKIP","floor":36},{"not_picked":["ReplayGash","Rebound"],"picked":"Lockon","floor":36},{"not_picked":["ReplayRNGCard","Panic Button"],"picked":"Redo+1","floor":39},{"not_picked":["Cold Snap","Rebound","Compile Driver+1"],"picked":"SKIP","floor":40},{"not_picked":["Skim+1","Gash","ReplayTheSpireMod:Repulse+1"],"picked":"SKIP","floor":42},{"not_picked":["Bandage Up+1","expansioncontent:DarkVoid+1"],"picked":"Replay:BasicMightCard+1","floor":44},{"not_picked":["BasicCrystalCard+1","Sweeping Beam"],"picked":"Go for the Eyes+1","floor":44},{"not_picked":["ReplayTheSpireMod:Necrogeddon","Specialist+1"],"picked":"Trip+1","floor":46},{"not_picked":["Ball Lightning","Go for the Eyes","Turbo+1"],"picked":"SKIP","floor":46},{"not_picked":["ReplayTheSpireMod:Repulse","Beam Cell+1"],"picked":"Static Discharge","floor":54}],"player_experience":481793,"relics_obtained":[{"floor":6,"key":"Anchor"},{"floor":8,"key":"Ancient Tea Set"},{"floor":9,"key":"Regal Pillow"},{"floor":10,"key":"Replay:Bandana"},{"floor":13,"key":"Mummified Hand"},{"floor":17,"key":"Bag of Marbles"},{"floor":17,"key":"CCEMRelics:DerglesHeadphones"},{"floor":17,"key":"TungstenRod"},{"floor":24,"key":"hubris:TenFootPole"},{"floor":28,"key":"Whetstone"},{"floor":31,"key":"CCEMRelics:SpiritsEdge"},{"floor":40,"key":"Gremlin Food"},{"floor":42,"key":"CCEMRelics:FestiveHat"},{"floor":43,"key":"Symbiotic Virus"},{"floor":47,"key":"Incense Burner"},{"floor":54,"key":"Nunchaku"}],"event_choices":[{"cards_removed":["Defend_B"],"damage_healed":0,"gold_gain":0,"player_choice":"Purged","damage_taken":0,"max_hp_gain":0,"max_hp_loss":0,"event_name":"Purifier","floor":2,"gold_loss":0},{"damage_healed":0,"gold_gain":0,"cards_transformed":["Strike_B"],"player_choice":"Transformed","damage_taken":0,"max_hp_gain":0,"max_hp_loss":0,"event_name":"Transmorgrifier","floor":4,"gold_loss":0,"cards_obtained":["Buffer"]},{"damage_healed":0,"gold_gain":0,"player_choice":"Upgraded","damage_taken":0,"max_hp_gain":0,"max_hp_loss":0,"event_name":"Upgrade Shrine","floor":22,"gold_loss":0,"cards_upgraded":["Dualcast"]},{"damage_healed":0,"gold_gain":0,"player_choice":"Ignored","damage_taken":0,"max_hp_gain":0,"max_hp_loss":0,"event_name":"Tomb of Lord Red Mask","floor":37,"gold_loss":0},{"damage_healed":0,"gold_gain":0,"player_choice":"Fight","damage_taken":0,"max_hp_gain":0,"max_hp_loss":0,"event_name":"MindBloom","floor":47,"gold_loss":0}],"is_beta":false,"boss_relics":[{"not_picked":["Ring of Chaos","SlaversCollar"],"picked":"Calling Bell"},{"not_picked":["Pandora\u0027s Box","aspiration:SecretTechniqueScroll","aspiration:RitualDagger"]}],"items_purged_floors":[],"is_endless":false,"potions_floor_spawned":[3,7,10,13,14,16,20,31,33,39,44,46,47,54],"killed_by":"The Heart","ascension_level":1}}