{"host":"wuk1ltmmka824l9y","time":1608639014,"event":{"mods":["AchievementEnabler","BaseMod","Custom Start","DeckTracker","Minty Spire (QoL Compilation)","Quick Restart","StSLib","SuperFastMode"],"gold_per_floor":[114,114,131,141,141,171,171,206,233,250,250,325,221,237,237,338,388,399,197,217,245,245,245,280,280,329,342,371,386,386,402,402,504,504,523,533,553,775,825,854,873,670,695,695,695,713,293,293,293,293],"floor_reached":51,"playtime":2283,"items_purged":["Strike_G","Strike_G","Strike_G","Defend_G"],"score":940,"play_id":"f3b1552a-02c3-4f24-b8c8-d5efa99bae71","local_time":"20201222211014","is_ascension_mode":true,"campfire_choices":[{"data":"Flechettes","floor":7.0,"key":"SMITH"},{"data":"Flechettes","floor":11.0,"key":"SMITH"},{"floor":15.0,"key":"REST"},{"data":"Acrobatics","floor":23.0,"key":"SMITH"},{"data":"Prepared","floor":25.0,"key":"SMITH"},{"data":"Flechettes","floor":32.0,"key":"SMITH"},{"data":"Footwork","floor":44,"key":"SMITH"},{"floor":49,"key":"REST"}],"circlet_count":0,"master_deck":["Defend_G","Defend_G","Survivor","Neutralize","Leg Sweep+1","Flechettes+1","Acrobatics+1","PiercingWail+1","Flechettes+1","Backflip","Acrobatics+1","Corpse Explosion+1","Blur","Terror+1","Prepared+1","Calculated Gamble","Flechettes+1","Reflex+1","Underhanded Strike","Wraith Form v2","Footwork+1","Caltrops+1","Footwork+1","Acrobatics+1","Phantasmal Killer"],"relics":["Ring of the Snake","Smiling Mask","Regal Pillow","Centennial Puzzle","Tiny House","Bag of Preparation","Red Mask","Mercury Hourglass","Oddly Smooth Stone","Pen Nib","HoveringKite","Turnip","Strawberry","Nunchaku","Vajra","Membership Card","Ancient Tea Set","War Paint"],"acts_visited":["Exordium","TheCity","TheBeyond"],"potions_floor_usage":[50,50,50],"damage_taken":[{"damage":3.0,"enemies":"Jaw Worm","floor":1.0,"turns":4.0},{"damage":0.0,"enemies":"2 Louse","floor":3.0,"turns":2.0},{"damage":1.0,"enemies":"Small Slimes","floor":4.0,"turns":4.0},{"damage":26.0,"enemies":"3 Sentries","floor":6.0,"turns":13.0},{"damage":12.0,"enemies":"Gremlin Nob","floor":8.0,"turns":3.0},{"damage":0.0,"enemies":"Exordium Wildlife","floor":10.0,"turns":3.0},{"damage":0.0,"enemies":"Exordium Thugs","floor":14.0,"turns":3.0},{"damage":52.0,"enemies":"Slime Boss","floor":16.0,"turns":16.0},{"damage":0.0,"enemies":"Chosen","floor":18.0,"turns":4.0},{"damage":0.0,"enemies":"Spheric Guardian","floor":20.0,"turns":2.0},{"damage":6.0,"enemies":"Masked Bandits","floor":21.0,"turns":5.0},{"damage":21.0,"enemies":"Gremlin Leader","floor":24.0,"turns":5.0},{"damage":0.0,"enemies":"Snake Plant","floor":27.0,"turns":2.0},{"damage":3.0,"enemies":"Slavers","floor":28.0,"turns":5.0},{"damage":0.0,"enemies":"Sentry and Sphere","floor":29.0,"turns":2.0},{"damage":0.0,"enemies":"Snecko","floor":31.0,"turns":2.0},{"damage":13.0,"enemies":"Champ","floor":33.0,"turns":3.0},{"damage":0.0,"enemies":"3 Shapes","floor":35.0,"turns":2.0},{"damage":19.0,"enemies":"3 Darklings","floor":36.0,"turns":3.0},{"damage":3.0,"enemies":"Sphere and 2 Shapes","floor":37.0,"turns":3.0},{"damage":0.0,"enemies":"Mind Bloom Boss Battle","floor":39.0,"turns":5.0},{"damage":22.0,"enemies":"Giant Head","floor":40.0,"turns":7.0},{"damage":2,"enemies":"Spire Growth","floor":41,"turns":3},{"damage":17,"enemies":"Transient","floor":46,"turns":5},{"damage":26,"enemies":"Donu and Deca","floor":50,"turns":5}],"seed_played":"-5766461519776640012","potions_obtained":[{"floor":4.0,"key":"Strength Potion"},{"floor":6.0,"key":"Weak Potion"},{"floor":10.0,"key":"Dexterity Potion"},{"floor":14.0,"key":"Regen Potion"},{"floor":17.0,"key":"EssenceOfSteel"},{"floor":20.0,"key":"Explosive Potion"},{"floor":33.0,"key":"Strength Potion"}],"is_trial":false,"path_per_floor":["M","?","M","M","?","E","R","E","T","M","R","?","$","M","R","B",null,"M","$","M","?","?","R","E","R","T","M","E","M","?","M","R","B",null,"M","M","M","?","?","E","M","$","T","R","?","M","$","?","R","B",null],"character_chosen":"THE_SILENT","items_purchased":["Backflip","Bag of Preparation","Nunchaku","Membership Card","Ancient Tea Set","War Paint","Phantasmal Killer"],"campfire_rested":2,"item_purchase_floors":[13,19,42,47,47,47,47],"current_hp_per_floor":[67,72,72,71,64,38,38,26,26,26,26,15,15,15,52,15,80,80,80,80,74,74,74,53,53,53,53,50,50,50,50,50,37,80,80,61,58,58,58,43,41,41,41,41,41,24,24,24,65,39],"gold":293,"neow_bonus":"REMOVE_CARD","is_daily":false,"chose_seed":false,"campfire_upgraded":6,"win_rate":0.0,"timestamp":1608639014,"path_taken":["M","?","M","M","?","E","R","E","T","M","R","?","$","?","R","BOSS","M","$","M","?","?","R","E","R","T","?","E","M","?","M","R","BOSS","M","M","M","?","?","E","M","$","T","R","?","M","$","?","R","BOSS"],"items_purchased_type":["Card","Relic","Relic","Relic","Relic","Relic","Card"],"build_version":"2020-12-13","purchased_purges":4,"victory":true,"max_hp_per_floor":[70,75,75,75,75,75,75,75,75,75,75,75,75,75,75,75,80,80,80,80,80,80,80,80,80,80,80,80,80,80,80,80,80,80,80,80,80,80,80,87,87,87,87,87,87,87,87,87,87,87],"card_choices":[{"not_picked":["Slice","Deflect","Concentrate"],"picked":"SKIP","floor":1.0},{"not_picked":["Underhanded Strike","Dodge and Roll"],"picked":"Leg Sweep","floor":3.0},{"not_picked":["Caltrops","Skewer"],"picked":"Flechettes","floor":4.0},{"not_picked":["Deflect","Dagger Spray"],"picked":"Acrobatics","floor":6.0},{"not_picked":["Wraith Form v2","Infinite Blades"],"picked":"PiercingWail","floor":8.0},{"not_picked":["Eviscerate","Dash"],"picked":"Flechettes","floor":10.0},{"not_picked":["Prepared","Blade Dance"],"picked":"Acrobatics","floor":14.0},{"not_picked":["A Thousand Cuts","Storm of Steel"],"picked":"Corpse Explosion","floor":16.0},{"not_picked":["Quick Slash","Prepared"],"picked":"Blur","floor":17.0},{"not_picked":["Dodge and Roll","Predator","Noxious Fumes"],"picked":"SKIP","floor":18.0},{"not_picked":["Slice","Dagger Throw"],"picked":"Terror+1","floor":20.0},{"not_picked":["A Thousand Cuts","Backstab"],"picked":"Prepared","floor":24.0},{"not_picked":["Well Laid Plans","Sucker Punch"],"picked":"Calculated Gamble","floor":27.0},{"not_picked":["Concentrate","Catalyst"],"picked":"Flechettes","floor":28.0},{"not_picked":["Dodge and Roll","Sucker Punch"],"picked":"Reflex+1","floor":29.0},{"not_picked":["Caltrops+1","Flying Knee+1"],"picked":"Underhanded Strike","floor":31.0},{"not_picked":["Grand Finale","Corpse Explosion"],"picked":"Wraith Form v2","floor":33.0},{"not_picked":["Catalyst","Acrobatics+1"],"picked":"Footwork","floor":35.0},{"not_picked":["Terror+1","Cloak And Dagger+1"],"picked":"Caltrops+1","floor":36.0},{"not_picked":["Dodge and Roll+1","Quick Slash+1"],"picked":"Footwork+1","floor":37.0},{"not_picked":["Dagger Spray+1","Storm of Steel","Cloak And Dagger"],"picked":"SKIP","floor":40.0},{"not_picked":["Distraction+1","Sucker Punch+1"],"picked":"Acrobatics+1","floor":41},{"not_picked":["Deadly Poison","Blur","Backflip"],"picked":"SKIP","floor":46}],"player_experience":327723,"relics_obtained":[{"floor":6.0,"key":"Smiling Mask"},{"floor":8.0,"key":"Regal Pillow"},{"floor":9.0,"key":"Centennial Puzzle"},{"floor":21.0,"key":"Red Mask"},{"floor":24.0,"key":"Mercury Hourglass"},{"floor":26.0,"key":"Oddly Smooth Stone"},{"floor":28.0,"key":"Pen Nib"},{"floor":39.0,"key":"Turnip"},{"floor":40.0,"key":"Strawberry"},{"floor":43,"key":"Vajra"}],"event_choices":[{"damage_healed":0.0,"max_hp_gain":5.0,"max_hp_loss":0.0,"gold_gain":0.0,"event_name":"Big Fish","player_choice":"Donut","floor":2.0,"gold_loss":0.0,"damage_taken":0.0},{"cards_removed":["Strike_G"],"damage_healed":0.0,"max_hp_gain":0.0,"max_hp_loss":0.0,"gold_gain":0.0,"event_name":"Golden Wing","player_choice":"Card Removal","floor":5.0,"gold_loss":0.0,"damage_taken":7.0},{"damage_healed":0.0,"max_hp_gain":0.0,"max_hp_loss":0.0,"gold_gain":75.0,"event_name":"World of Goop","player_choice":"Gather Gold","floor":12.0,"gold_loss":0.0,"damage_taken":11.0},{"damage_healed":0.0,"max_hp_gain":0.0,"max_hp_loss":0.0,"gold_gain":0.0,"event_name":"Masked Bandits","player_choice":"Fought Bandits","floor":21.0,"gold_loss":0.0,"damage_taken":0.0},{"damage_healed":0.0,"max_hp_gain":0.0,"max_hp_loss":0.0,"gold_gain":0.0,"event_name":"Upgrade Shrine","player_choice":"Upgraded","floor":22.0,"gold_loss":0.0,"damage_taken":0.0,"cards_upgraded":["Acrobatics"]},{"cards_removed":["Strike_G"],"damage_healed":0.0,"max_hp_gain":0.0,"max_hp_loss":0.0,"gold_gain":0.0,"event_name":"Bonfire Elementals","player_choice":"Offered Basic","floor":30.0,"gold_loss":0.0,"damage_taken":0.0},{"damage_healed":0.0,"max_hp_gain":0.0,"max_hp_loss":0.0,"gold_gain":222.0,"event_name":"Tomb of Lord Red Mask","player_choice":"Wore Mask","floor":38.0,"gold_loss":0.0,"damage_taken":0.0},{"damage_healed":0.0,"max_hp_gain":0.0,"max_hp_loss":0.0,"gold_gain":0.0,"event_name":"MindBloom","player_choice":"Fight","floor":39.0,"gold_loss":0.0,"damage_taken":0.0},{"cards_removed":["Defend_G"],"damage_healed":0,"gold_gain":0,"player_choice":"Removed Skill","damage_taken":0,"max_hp_gain":0,"max_hp_loss":0,"event_name":"Falling","floor":45,"gold_loss":0},{"damage_healed":0,"gold_gain":0,"player_choice":"Memory 1","damage_taken":0,"max_hp_gain":0,"max_hp_loss":0,"event_name":"SensoryStone","floor":48,"gold_loss":0}],"is_beta":false,"boss_relics":[{"not_picked":["WristBlade","Cursed Key"],"picked":"Tiny House"},{"not_picked":["Runic Dome","Sozu"],"picked":"HoveringKite"}],"items_purged_floors":[13,19,42,47],"is_endless":false,"potions_floor_spawned":[4,6,10,14,20,21,28,29,33,35,37],"ascension_level":4}}