{"host":"na09lpbrez4gbfiz","time":1608672008,"event":{"mods":["Act Like it!","BaseMod","BetterRewards","Colored Map","Colored Powertips","DeckTracker","Googly Eyes","Highlight Path","Minty Spire (QoL Compilation)","Quick Restart","Spicy Shops","StSLib","SuperFastMode","Synergy Search"],"gold_per_floor":[109,155,173,36,53,53,83,49,49,66,66,99,99,109,109,109,109],"floor_reached":16,"playtime":470,"items_purged":["Strike_R"],"score":154,"play_id":"896b6c91-6caf-4817-9127-f1310d5753c0","local_time":"20201222222008","is_ascension_mode":true,"campfire_choices":[{"data":"Armaments","floor":6,"key":"SMITH"},{"data":"Inflame","floor":13,"key":"SMITH"},{"floor":15,"key":"REST"}],"circlet_count":0,"master_deck":["Strike_R","Strike_R","Strike_R","Strike_R","Defend_R","Defend_R","Defend_R","Defend_R","Bash","Wild Strike","Armaments+1","Cleave","Inflame+1","Heavy Blade"],"relics":["Burning Blood","Bag of Preparation","Boot","MealTicket","Unceasing Top","Du-Vu Doll"],"acts_visited":["Exordium"],"potions_floor_usage":[7],"damage_taken":[{"damage":6.0,"enemies":"Cultist","floor":1.0,"turns":4.0},{"damage":10,"enemies":"Small Slimes","floor":3,"turns":4},{"damage":2,"enemies":"Jaw Worm","floor":5,"turns":4},{"damage":29,"enemies":"Lagavulin","floor":7,"turns":8},{"damage":22,"enemies":"Looter","floor":10,"turns":3},{"damage":18,"enemies":"3 Sentries","floor":12,"turns":6},{"damage":16,"enemies":"3 Louse","floor":14,"turns":3},{"damage":0,"enemies":"Hexaghost","floor":16,"turns":2}],"seed_played":"-3631989854472740727","potions_obtained":[{"floor":1.0,"key":"BlessingOfTheForge"},{"floor":10,"key":"AttackPotion"},{"floor":14,"key":"Explosive Potion"}],"is_trial":false,"path_per_floor":["M","T","M","$","M","R","E","$","T","M","$","E","R","M","R","B"],"character_chosen":"IRONCLAD","items_purchased":["Armaments","Inflame"],"campfire_rested":1,"item_purchase_floors":[4,8],"current_hp_per_floor":[72,72,68,68,72,72,49,64,64,48,63,51,51,41,65,65,65],"gold":109,"neow_bonus":"RANDOM_COMMON_RELIC","is_daily":false,"chose_seed":false,"campfire_upgraded":2,"win_rate":0.0,"timestamp":1608672008,"path_taken":["M","?","M","$","M","R","E","?","T","?","?","E","R","M","R","BOSS"],"items_purchased_type":["Card","Card"],"build_version":"2020-12-13","purchased_purges":1,"victory":false,"max_hp_per_floor":[80,80,80,80,80,80,80,80,80,80,80,80,80,80,80,80,80],"card_choices":[{"not_picked":["Wild Strike","Bloodletting","Flex"],"picked":"SKIP","floor":1.0},{"not_picked":["Warcry","Sword Boomerang"],"picked":"Wild Strike","floor":3},{"not_picked":["Dual Wield","Armaments"],"picked":"Cleave","floor":5},{"not_picked":["Exhume","Heavy Blade","Havoc"],"picked":"SKIP","floor":7},{"not_picked":["Dark Embrace","Entrench","Intimidate"],"picked":"SKIP","floor":10},{"not_picked":["Infernal Blade","Power Through","Heavy Blade"],"picked":"SKIP","floor":12},{"not_picked":["Pommel Strike","Warcry"],"picked":"Heavy Blade","floor":14}],"player_experience":232414,"relics_obtained":[{"floor":2.0,"key":"Boot"},{"floor":7,"key":"MealTicket"},{"floor":9,"key":"Unceasing Top"},{"floor":12,"key":"Du-Vu Doll"}],"event_choices":[],"is_beta":false,"boss_relics":[],"items_purged_floors":[4],"is_endless":false,"potions_floor_spawned":[1,10,14],"killed_by":"Hexaghost","ascension_level":8}}