{"host":"5j53u3d72gsce0fe","time":1608617851,"event":{"mods":["2.2 Compatiblity","AchievementEnabler","Aspiration","BaseMod","Beaked The Cultist","Better Altar","Better Match","Better Note","Better Sensory Stone","Better Skull","Better Third Choice","Better Vampires","Block Reminder","CCEM","Card Forge","Colored Map","Colored Powertips","Colorless Booster Pack","Conspire","Defuse TimeMaze Blight","Dio Mod","Dota2Spire","Downfall-Rebalance","Emptier Cage","Energized Spire","Friendly Minions","GifTheSpireLib","Hermit","HexUI Lib","Hubris","Humility","Infinite Spire","Marked Mod","Mimic Mod","Minty Spire (QoL Compilation)","Relic Filter","Replay The Spire","Retaliation","Shade Mod","Small Relic Pack","StSLib","Stuff the Spire","The Animator","The Bug Knight","Transform Curses","Unceasing Turn Reminder","???Mod??????Boss"],"gold_per_floor":[274,313,313,313,349,398,84,96,121,143,143],"floor_reached":10,"playtime":667,"items_purged":[],"score":69,"play_id":"347462a7-fb3a-4389-a132-d4ad4297c89f","local_time":"20201221221731","is_ascension_mode":true,"campfire_choices":[{"floor":8,"key":"REST"}],"circlet_count":0,"master_deck":["animator:Strike_Kancolle+1","animator:Defend_Kancolle+1","animator:Strike","animator:Defend","animator:Defend","animator:Shimakaze+1","animator:Pride+1","animator:DolaSchwi+1","animator:Patchouli+1","StuffTheSpire:CuriosityCurse","animator:Chris+1","animator:Shigure+1"],"relics":["animator:LivingPicture","animator:TheMissingPiece","Hammer of Thor","Seething Fire","Anvil of the Gods","animator:PurgingStone","PreservedInsect","Dream Catcher","Replay:Wax Seal","TheAbacus","StuffTheSpire:HeavyRock","Dota2Spire:PhaseBoots"],"acts_visited":["Exordium"],"potions_floor_usage":[],"damage_taken":[{"damage":31,"enemies":"Cultist","floor":1,"turns":7},{"damage":0,"enemies":"2 Louse","floor":2,"turns":4},{"damage":0,"enemies":"Small Slimes","floor":5,"turns":3},{"damage":23,"enemies":"3 Sentries","floor":6,"turns":6},{"damage":53,"enemies":"Gremlin Nob","floor":10,"turns":3}],"seed_played":"2730362452321445637","potions_obtained":[{"floor":1,"key":"Milkshake"}],"is_trial":false,"path_per_floor":["M","M","?","?","M","E","$","R","T","E"],"character_chosen":"THE_ANIMATOR","items_purchased":["Replay:Wax Seal","TheAbacus","StuffTheSpire:HeavyRock"],"campfire_rested":1,"item_purchase_floors":[7,7,7],"current_hp_per_floor":[41,41,41,41,41,18,18,39,39,0,0],"gold":143,"neow_bonus":"TEN_PERCENT_HP_BONUS","is_daily":false,"chose_seed":false,"campfire_upgraded":0,"win_rate":0.0,"timestamp":1608617851,"path_taken":["M","M","?","?","M","E","$","R","T","E"],"items_purchased_type":["Relic","Relic","Relic"],"build_version":"2020-12-13","purchased_purges":0,"victory":false,"max_hp_per_floor":[72,72,72,72,72,72,72,72,72,72,72],"card_choices":[{"not_picked":["animator:Guy","animator:Entoma"],"picked":"animator:Pride","floor":1},{"not_picked":["animator:Gillette","animator:RoryMercury"],"picked":"animator:DolaSchwi","floor":2},{"not_picked":["animator:HououinKyouma","animator:IchigoKurosaki"],"picked":"animator:Patchouli","floor":3},{"not_picked":["animator:Gillette","animator:Shinoa"],"picked":"animator:Chris","floor":5},{"not_picked":["animator:Sebas","animator:Evileye"],"picked":"animator:Demiurge","floor":6},{"not_picked":["animator:YaoHaDucy","animator:UneriGinkaku"],"picked":"animator:Shigure","floor":8}],"player_experience":1198664,"relics_obtained":[{"floor":6,"key":"Dream Catcher"},{"floor":9,"key":"Dota2Spire:PhaseBoots"}],"event_choices":[{"damage_healed":0,"gold_gain":1,"player_choice":"1","damage_taken":0,"max_hp_gain":0,"max_hp_loss":0,"event_name":"betterStone:BetterStone","floor":3,"gold_loss":0}],"is_beta":false,"boss_relics":[],"items_purged_floors":[],"is_endless":false,"potions_floor_spawned":[1],"killed_by":"Gremlin Nob","ascension_level":1}}