{"host":"na09lpbrez4gbfiz","time":1608607979,"event":{"mods":["Act Like it!","BaseMod","BetterRewards","Colored Map","Colored Powertips","DeckTracker","Googly Eyes","Highlight Path","Minty Spire (QoL Compilation)","StSLib","Synergy Search"],"gold_per_floor":[114,114,39,114,130,130,157,157,157,184,195,195,0,26,26,130,130,147,164,40,40,6,39,39,67,67,83,83,83,83],"floor_reached":29,"playtime":849,"items_purged":["Strike_R"],"score":479,"play_id":"5911f863-cff1-4996-aea4-1aad842fee0d","local_time":"20201222043259","is_ascension_mode":true,"campfire_choices":[{"data":"Armaments","floor":6,"key":"SMITH"},{"data":"Hemokinesis","floor":8,"key":"SMITH"},{"data":"Demon Form","floor":12,"key":"SMITH"},{"data":"Heavy Blade","floor":15,"key":"SMITH"},{"floor":24,"key":"REST"},{"floor":28,"key":"REST"}],"circlet_count":0,"master_deck":["Strike_R","Strike_R","Strike_R","Strike_R","Defend_R+1","Defend_R","Defend_R","Defend_R+1","Bash+1","Armaments+1","Sword Boomerang+1","Hemokinesis+1","Demon Form+1","Pummel","Heavy Blade+1","Fiend Fire","Havoc","Rupture","Inflame","Blood for Blood"],"relics":["Burning Blood","NeowsBlessing","Ancient Tea Set","Anchor","Lantern","Whetstone","Odd Mushroom","Velvet Choker","Strawberry","Ginger","War Paint","Meat on the Bone"],"acts_visited":["Exordium","TheCity"],"potions_floor_usage":[8,10,16,23,23,25],"damage_taken":[{"damage":0,"enemies":"2 Louse","floor":1,"turns":1},{"damage":0,"enemies":"Cultist","floor":5,"turns":1},{"damage":0,"enemies":"Gremlin Nob","floor":7,"turns":1},{"damage":24,"enemies":"3 Sentries","floor":10,"turns":6},{"damage":2,"enemies":"Small Slimes","floor":11,"turns":3},{"damage":2,"enemies":"The Mushroom Lair","floor":14,"turns":3},{"damage":2,"enemies":"Slime Boss","floor":16,"turns":6},{"damage":7,"enemies":"3 Byrds","floor":18,"turns":5},{"damage":4,"enemies":"Chosen","floor":19,"turns":3},{"damage":41,"enemies":"Slavers","floor":23,"turns":6},{"damage":67,"enemies":"Book of Stabbing","floor":25,"turns":6},{"damage":20,"enemies":"Snecko","floor":27,"turns":4},{"damage":55,"enemies":"Gremlin Leader","floor":29,"turns":4}],"seed_played":"-9162761760903729576","potions_obtained":[{"floor":5,"key":"Fruit Juice"},{"floor":7,"key":"AttackPotion"},{"floor":14,"key":"Ancient Potion"},{"floor":16,"key":"HeartOfIron"},{"floor":23,"key":"EssenceOfSteel"}],"is_trial":false,"path_per_floor":["M","?","$","?","M","R","E","R","T","E","M","R","$","?","R","B",null,"M","M","$","?","$","E","R","E","T","M","R","E"],"character_chosen":"IRONCLAD","items_purchased":["Whetstone","ColorlessPotion","Rupture","Fire Potion","Inflame"],"campfire_rested":2,"item_purchase_floors":[13,13,20,20,22],"current_hp_per_floor":[78,78,78,70,76,76,80,85,85,67,71,71,71,75,75,79,84,83,85,85,92,92,57,84,23,23,21,48,0,0],"gold":83,"neow_bonus":"THREE_ENEMY_KILL","is_daily":false,"chose_seed":false,"campfire_upgraded":4,"win_rate":0.0,"timestamp":1608607979,"path_taken":["M","?","?","?","?","R","E","R","T","E","M","R","?","?","R","BOSS","M","M","$","?","?","E","R","E","T","M","R","E"],"items_purchased_type":["Relic","Potion","Card","Potion","Card"],"build_version":"2020-12-13","purchased_purges":1,"victory":false,"max_hp_per_floor":[80,80,80,80,80,80,80,85,85,85,85,85,85,85,85,85,85,85,85,85,92,92,92,92,92,92,92,92,92,92],"card_choices":[{"not_picked":["Shrug It Off","Twin Strike"],"picked":"Armaments","floor":1},{"not_picked":["Thunderclap","Anger"],"picked":"Sword Boomerang","floor":5},{"not_picked":["Warcry","Armaments"],"picked":"Hemokinesis","floor":7},{"not_picked":["Thunderclap","Spot Weakness"],"picked":"Demon Form","floor":10},{"not_picked":["Iron Wave","Twin Strike"],"picked":"Pummel","floor":11},{"not_picked":["Clothesline","Infernal Blade"],"picked":"Heavy Blade","floor":14},{"not_picked":["Corruption","Bludgeon"],"picked":"Fiend Fire","floor":16},{"not_picked":["Evolve+1","Wild Strike","Flex"],"picked":"SKIP","floor":18},{"not_picked":["Brutality","Reckless Charge"],"picked":"Havoc","floor":19},{"not_picked":["Shrug It Off","Sentinel","Cleave"],"picked":"SKIP","floor":23},{"not_picked":["Cleave+1","Havoc","Blood for Blood"],"picked":"SKIP","floor":25},{"not_picked":["Cleave+1","Havoc"],"picked":"Blood for Blood","floor":25},{"not_picked":["Body Slam+1","Pommel Strike","Blood for Blood"],"picked":"SKIP","floor":27}],"player_experience":228860,"relics_obtained":[{"floor":7,"key":"Ancient Tea Set"},{"floor":9,"key":"Anchor"},{"floor":10,"key":"Lantern"},{"floor":14,"key":"Odd Mushroom"},{"floor":23,"key":"Ginger"},{"floor":25,"key":"War Paint"},{"floor":26,"key":"Meat on the Bone"}],"event_choices":[{"damage_healed":0,"gold_gain":0,"player_choice":"0 cards matched","damage_taken":0,"max_hp_gain":0,"max_hp_loss":0,"event_name":"Match and Keep!","floor":2,"gold_loss":0,"cards_obtained":[]},{"damage_healed":0,"gold_gain":75,"player_choice":"Touch","damage_taken":8,"max_hp_gain":0,"max_hp_loss":0,"event_name":"FaceTrader","floor":4,"gold_loss":0},{"damage_healed":0,"gold_gain":0,"player_choice":"Fought Mushrooms","damage_taken":0,"max_hp_gain":0,"max_hp_loss":0,"event_name":"Mushrooms","floor":14,"gold_loss":0},{"damage_healed":0,"gold_gain":0,"player_choice":"Gave Potion","damage_taken":0,"relics_obtained":["Strawberry"],"max_hp_gain":0,"max_hp_loss":0,"event_name":"WeMeetAgain","floor":21,"gold_loss":0}],"is_beta":false,"boss_relics":[{"not_picked":["Mark of Pain","Empty Cage"],"picked":"Velvet Choker"}],"items_purged_floors":[3],"is_endless":false,"potions_floor_spawned":[5,7,14,16,23],"killed_by":"Gremlin Leader","ascension_level":8}}