{"host":"ln76an1o32p2wxtf","time":1608643929,"event":{"mods":["AchievementEnabler","Act Like it!","BaseMod","BetterRewards","Colored Powertips","Energized Spire","GifTheSpireLib","Infinite Spire","Minty Spire (QoL Compilation)","Shop Mod","StSLib"],"gold_per_floor":[117,130,61,81,97,131,145,145,171,136,169,186,215,228,228,330,330,340,350,360,360,373,385,385,385],"floor_reached":24,"playtime":1735,"items_purged":[],"score":235,"play_id":"71db66c7-5152-4470-8fbb-409655c3de0a","local_time":"20201222213209","is_ascension_mode":true,"campfire_choices":[{"data":"BattleHymn","floor":8,"key":"SMITH"},{"floor":15,"key":"RECALL"}],"circlet_count":0,"master_deck":["Strike_P","Strike_P","Strike_P","Defend_P","Defend_P","Defend_P","Eruption","Vigilance","CutThroughFate","BattleHymn+1","Pray","Study","MasterReality","Worship+1","MasterReality+1","PathToVictory","LessonLearned+1","CarveReality","BattleHymn"],"relics":["Runic Dome","Smiling Mask","infinitespire:Beetle Shell","Happy Flower","Sozu"],"acts_visited":["Exordium","TheCity"],"potions_floor_usage":[13,18,23,23],"damage_taken":[{"damage":0,"enemies":"Cultist","floor":1,"turns":3},{"damage":5,"enemies":"2 Louse","floor":2,"turns":3},{"damage":1,"enemies":"Jaw Worm","floor":4,"turns":3},{"damage":0,"enemies":"Looter","floor":5,"turns":3},{"damage":13,"enemies":"Lagavulin","floor":6,"turns":6},{"damage":3,"enemies":"Red Slaver","floor":7,"turns":3},{"damage":5,"enemies":"3 Sentries","floor":11,"turns":4},{"damage":12,"enemies":"2 Fungi Beasts","floor":12,"turns":3},{"damage":1,"enemies":"Gremlin Nob","floor":13,"turns":4},{"damage":0,"enemies":"Blue Slaver","floor":14,"turns":3},{"damage":1,"enemies":"Slime Boss","floor":16,"turns":6},{"damage":25,"enemies":"3 Byrds","floor":18,"turns":5},{"damage":5,"enemies":"Chosen","floor":19,"turns":3},{"damage":32,"enemies":"Snake Plant","floor":20,"turns":4},{"damage":9,"enemies":"Centurion and Healer","floor":22,"turns":3},{"damage":5,"enemies":"Cultist and Chosen","floor":23,"turns":4},{"damage":16,"enemies":"Book of Stabbing","floor":24,"turns":1}],"seed_played":"3241910844987362393","potions_obtained":[{"floor":1,"key":"EntropicBrew"},{"floor":2,"key":"SpeedPotion"},{"floor":12,"key":"Regen Potion"},{"floor":16,"key":"Energy Potion"}],"is_trial":false,"path_per_floor":["M","M","$","M","M","E","M","R","T","?","E","M","E","M","R","B",null,"M","M","M","?","M","M","E"],"character_chosen":"WATCHER","items_purchased":["BattleHymn"],"campfire_rested":0,"item_purchase_floors":[3],"current_hp_per_floor":[72,67,67,66,66,53,50,50,50,68,63,51,50,50,50,49,72,56,51,19,19,10,5,0,0],"gold":385,"neow_bonus":"BOSS_RELIC","is_daily":false,"chose_seed":false,"campfire_upgraded":1,"win_rate":0.0,"timestamp":1608643929,"path_taken":["M","M","$","M","M","E","M","R","T","?","E","M","E","M","R","BOSS","M","M","M","?","M","M","E"],"items_purchased_type":["Card"],"build_version":"2020-12-13","purchased_purges":0,"victory":false,"max_hp_per_floor":[72,72,72,72,72,72,72,72,72,72,72,72,72,72,72,72,72,72,72,72,72,72,72,72,72],"card_choices":[{"not_picked":["Wireheading","Swivel"],"picked":"CutThroughFate","floor":1},{"not_picked":["ClearTheMind","EmptyMind","ThirdEye"],"picked":"SKIP","floor":2},{"not_picked":["Conclude","Swivel","FlyingSleeves"],"picked":"SKIP","floor":4},{"not_picked":["Halt","PathToVictory","SashWhip"],"picked":"SKIP","floor":5},{"not_picked":["WaveOfTheHand","Indignation","ReachHeaven"],"picked":"SKIP","floor":6},{"not_picked":["Protect","Conclude","ClearTheMind"],"picked":"SKIP","floor":7},{"not_picked":["Evaluate","CutThroughFate"],"picked":"Pray","floor":11},{"not_picked":["Crescendo","Protect","EmptyFist"],"picked":"SKIP","floor":12},{"not_picked":["Nirvana","ForeignInfluence","Sanctity"],"picked":"SKIP","floor":13},{"not_picked":["Alpha","Tantrum"],"picked":"Study","floor":14},{"not_picked":["Scrawl","Vault"],"picked":"MasterReality","floor":16},{"not_picked":["EmptyFist","Evaluate","ClearTheMind"],"picked":"SKIP","floor":18},{"not_picked":["EmptyBody","WheelKick"],"picked":"Worship+1","floor":19},{"not_picked":["PathToVictory","ForeignInfluence"],"picked":"MasterReality","floor":20},{"not_picked":["ThirdEye","FlurryOfBlows+1"],"picked":"CarveReality","floor":22},{"not_picked":["JustLucky+1","SashWhip+1"],"picked":"BattleHymn","floor":23}],"player_experience":650686,"relics_obtained":[{"floor":6,"key":"Smiling Mask"},{"floor":11,"key":"infinitespire:Beetle Shell"},{"floor":13,"key":"Happy Flower"}],"event_choices":[{"damage_healed":18,"gold_gain":0,"player_choice":"Healed","damage_taken":0,"max_hp_gain":0,"max_hp_loss":0,"event_name":"The Cleric","floor":10,"gold_loss":35},{"damage_healed":0,"gold_gain":0,"cards_transformed":["Strike_P","Defend_P"],"player_choice":"Became Test Subject","damage_taken":0,"max_hp_gain":0,"max_hp_loss":0,"event_name":"Drug Dealer","floor":21,"gold_loss":0,"cards_obtained":["PathToVictory","LessonLearned"]}],"is_beta":false,"boss_relics":[{"not_picked":["Busted Crown","SacredBark"],"picked":"Sozu"}],"items_purged_floors":[],"is_endless":false,"potions_floor_spawned":[1,2,12,16,19],"killed_by":"Book of Stabbing","ascension_level":1}}