{"host":"njcl8kinlkfw245p","time":1608666461,"event":{"mods":["BaseMod","Block Reminder","Colored Map","KinomotoSakuraMod(????)","Minty Spire (QoL Compilation)","StSLib","The Senshi"],"gold_per_floor":[217,236,311,330,330,330,350,350,350],"floor_reached":8,"playtime":679,"items_purged":[],"score":67,"play_id":"58531d91-9244-4b3f-ab31-24bdef1c8601","local_time":"20201222114741","is_ascension_mode":true,"campfire_choices":[{"data":"SpellCardSeal","floor":6,"key":"SMITH"}],"circlet_count":0,"master_deck":["ClowCardTheSword","ClowCardTheSword","ClowCardTheSword","ClowCardTheSword","ClowCardTheShield","ClowCardTheShield","ClowCardTheShield","ClowCardTheShield","SpellCardSeal+1","SpellCardRelease","ClowCardTheSweet","ClowCardTheMaze","ClowCardTheBig"],"relics":["KSMOD_SealedBook","KSMOD_SealedWand","Odd Mushroom"],"acts_visited":["Exordium"],"potions_floor_usage":[],"damage_taken":[{"damage":10,"enemies":"Jaw Worm","floor":1,"turns":6},{"damage":1,"enemies":"2 Louse","floor":2,"turns":4},{"damage":0,"enemies":"Cultist","floor":4,"turns":4},{"damage":9,"enemies":"The Mushroom Lair","floor":7,"turns":6},{"damage":51,"enemies":"Lagavulin","floor":8,"turns":8}],"seed_played":"-5921304113461013552","potions_obtained":[],"is_trial":false,"path_per_floor":["M","M","?","M","$","R","?","E"],"character_chosen":"KINOMOTOSAKURA","items_purchased":[],"campfire_rested":0,"item_purchase_floors":[],"current_hp_per_floor":[53,52,41,48,48,48,46,0,0],"gold":350,"neow_bonus":"HUNDRED_GOLD","is_daily":false,"chose_seed":false,"campfire_upgraded":1,"win_rate":0.0,"timestamp":1608666461,"path_taken":["M","M","?","M","$","R","?","E"],"items_purchased_type":[],"build_version":"2020-12-13","purchased_purges":0,"victory":false,"max_hp_per_floor":[70,70,70,70,70,70,70,70,70],"card_choices":[{"not_picked":["ClowCardTheShot","ClowCardTheSilent"],"picked":"ClowCardTheSweet","floor":1},{"not_picked":["ClowCardTheLibra","ClowCardTheSand"],"picked":"ClowCardTheMaze","floor":2},{"not_picked":["ClowCardThePower","ClowCardTheShadow"],"picked":"ClowCardTheBig","floor":4}],"player_experience":868668,"relics_obtained":[{"floor":7,"key":"Odd Mushroom"}],"event_choices":[{"damage_healed":0,"gold_gain":75,"player_choice":"Gather Gold","damage_taken":11,"max_hp_gain":0,"max_hp_loss":0,"event_name":"World of Goop","floor":3,"gold_loss":0},{"damage_healed":0,"gold_gain":0,"player_choice":"Fought Mushrooms","damage_taken":0,"max_hp_gain":0,"max_hp_loss":0,"event_name":"Mushrooms","floor":7,"gold_loss":0}],"is_beta":false,"boss_relics":[],"items_purged_floors":[],"is_endless":false,"potions_floor_spawned":[],"killed_by":"Lagavulin","ascension_level":9}}