{"host":"0vd2boh2oi7jm085","time":1608634213,"event":{"mods":["BaseMod","Colored Map","Colored Powertips","Highlight Path","Minty Spire (QoL Compilation)","Quick Restart","StSLib","The IronCluck"],"gold_per_floor":[113,113,18,29,29,29,64,64,112,112,128,128,138,138,138,217,217,231,251,251,264,281,281,12,12,12,28,47,97,128,128,128,128,128],"floor_reached":33,"playtime":952,"items_purged":[],"score":551,"play_id":"313a585b-1bfd-49f0-a0e9-0ea428a3e27e","local_time":"20201222025013","is_ascension_mode":true,"campfire_choices":[{"data":"Flame Barrier","floor":6.0,"key":"SMITH"},{"data":"Good Instincts","floor":8.0,"key":"SMITH"},{"data":"Defend_R","floor":10.0,"key":"SMITH"},{"data":"Defend_R","floor":12.0,"key":"SMITH"},{"data":"Defend_R","floor":15.0,"key":"SMITH"},{"floor":23.0,"key":"REST"},{"floor":25.0,"key":"REST"},{"floor":32,"key":"REST"}],"circlet_count":0,"master_deck":["AscendersBane","Strike_R","Strike_R","Strike_R","Strike_R","Strike_R","Defend_R","Defend_R+1","Defend_R+1","Defend_R+1","Bash","Flame Barrier+1","Good Instincts+1","Juggernaut","Body Slam","Iron Wave+1","Entrench","Metallicize","Good Instincts","Shrug It Off","Decay"],"relics":["Burning Blood","NeowsBlessing","Ancient Tea Set","Ornamental Fan","Red Skull","Velvet Choker","Frozen Egg 2","Matryoshka"],"acts_visited":["Exordium","TheCity"],"potions_floor_usage":[30,33],"damage_taken":[{"damage":0.0,"enemies":"Small Slimes","floor":1.0,"turns":1.0},{"damage":0.0,"enemies":"Jaw Worm","floor":4.0,"turns":1.0},{"damage":0.0,"enemies":"Lagavulin","floor":7.0,"turns":1.0},{"damage":4.0,"enemies":"2 Louse","floor":11.0,"turns":3.0},{"damage":5.0,"enemies":"Looter","floor":13.0,"turns":3.0},{"damage":32.0,"enemies":"The Guardian","floor":16.0,"turns":14.0},{"damage":12.0,"enemies":"Spheric Guardian","floor":18.0,"turns":5.0},{"damage":27.0,"enemies":"Shell Parasite","floor":19.0,"turns":6.0},{"damage":7.0,"enemies":"Centurion and Healer","floor":21.0,"turns":8.0},{"damage":10.0,"enemies":"Snecko","floor":22.0,"turns":5.0},{"damage":43.0,"enemies":"Cultist and Chosen","floor":27.0,"turns":8.0},{"damage":9.0,"enemies":"Snake Plant","floor":28.0,"turns":6.0},{"damage":26,"enemies":"Book of Stabbing","floor":30,"turns":5},{"damage":29,"enemies":"Collector","floor":33,"turns":5}],"seed_played":"2156889937861653620","potions_obtained":[{"floor":1.0,"key":"LiquidBronze"},{"floor":13.0,"key":"SkillPotion"},{"floor":16.0,"key":"BlessingOfTheForge"},{"floor":19.0,"key":"Strength Potion"},{"floor":22.0,"key":"Block Potion"},{"floor":28.0,"key":"Strength Potion"}],"is_trial":false,"path_per_floor":["M","?","$","M","?","R","E","R","T","R","M","R","M","$","R","B",null,"M","M","?","M","M","R","$","R","T","M","M","?","E","?","R","B"],"character_chosen":"IRONCLAD","items_purchased":["Good Instincts","Entrench","Metallicize","Good Instincts"],"campfire_rested":3,"item_purchase_floors":[3,24,24,24],"current_hp_per_floor":[74,74,74,75,68,68,74,74,74,74,75,75,75,75,75,49,69,63,42,42,41,37,59,59,75,75,38,35,35,15,15,37,8,8],"gold":128,"neow_bonus":"THREE_ENEMY_KILL","is_daily":false,"chose_seed":false,"campfire_upgraded":5,"win_rate":0.0,"timestamp":1608634213,"path_taken":["M","?","$","M","?","R","E","R","T","R","M","R","M","$","R","BOSS","M","M","?","M","M","R","$","R","T","M","M","?","E","?","R","BOSS"],"items_purchased_type":["Card","Card","Card","Card"],"build_version":"2020-12-13","purchased_purges":0,"victory":false,"max_hp_per_floor":[75,75,75,75,75,75,75,75,75,75,75,75,75,75,75,75,75,75,75,75,75,75,75,75,75,75,75,75,75,75,75,75,75,75],"card_choices":[{"not_picked":["Rampage","Havoc"],"picked":"Flame Barrier","floor":1.0},{"not_picked":["Rampage","Sword Boomerang","Battle Trance"],"picked":"SKIP","floor":4.0},{"not_picked":["Shockwave","Fire Breathing","Evolve"],"picked":"SKIP","floor":7.0},{"not_picked":["Blood for Blood","Clothesline","Clash"],"picked":"SKIP","floor":11.0},{"not_picked":["Iron Wave","Second Wind","Thunderclap"],"picked":"SKIP","floor":13.0},{"not_picked":["Offering","Berserk"],"picked":"Juggernaut","floor":16.0},{"not_picked":["Reckless Charge","Clothesline"],"picked":"Body Slam","floor":18.0},{"not_picked":["Infernal Blade","Armaments","Warcry+1"],"picked":"SKIP","floor":19.0},{"not_picked":["Anger","Cleave","Pommel Strike"],"picked":"SKIP","floor":21.0},{"not_picked":["Perfected Strike+1","True Grit"],"picked":"Iron Wave+1","floor":22.0},{"not_picked":["Cleave","Perfected Strike"],"picked":"Shrug It Off","floor":27.0},{"not_picked":["Spot Weakness","Heavy Blade","Wild Strike"],"picked":"SKIP","floor":28.0},{"not_picked":["Flex","Clothesline","Burning Pact+1"],"picked":"SKIP","floor":30}],"player_experience":100151,"relics_obtained":[{"floor":7.0,"key":"Ornamental Fan"},{"floor":9.0,"key":"Red Skull"},{"floor":26.0,"key":"Frozen Egg 2"},{"floor":30,"key":"Matryoshka"}],"event_choices":[{"damage_healed":0.0,"max_hp_gain":0.0,"max_hp_loss":0.0,"gold_gain":0.0,"event_name":"Big Fish","player_choice":"Box","floor":2.0,"gold_loss":0.0,"damage_taken":0.0,"relics_obtained":["Ancient Tea Set"],"cards_obtained":["Regret"]},{"cards_removed":["Regret"],"damage_healed":0.0,"max_hp_gain":0.0,"max_hp_loss":0.0,"gold_gain":0.0,"event_name":"Golden Wing","player_choice":"Card Removal","floor":5.0,"gold_loss":0.0,"damage_taken":7.0},{"damage_healed":0.0,"max_hp_gain":0.0,"max_hp_loss":0.0,"gold_gain":0.0,"event_name":"The Mausoleum","player_choice":"Ignored","floor":20.0,"gold_loss":0.0,"damage_taken":0.0},{"damage_healed":0.0,"max_hp_gain":0.0,"max_hp_loss":0.0,"gold_gain":50.0,"event_name":"Nest","player_choice":"Stole From Cult","floor":29.0,"gold_loss":0.0,"damage_taken":0.0},{"damage_healed":0,"gold_gain":0,"player_choice":"Smashed Altar","damage_taken":0,"max_hp_gain":0,"max_hp_loss":0,"event_name":"Forgotten Altar","floor":31,"gold_loss":0,"cards_obtained":["Decay"]}],"is_beta":false,"boss_relics":[{"not_picked":["Philosopher\u0027s Stone","Ectoplasm"],"picked":"Velvet Choker"}],"items_purged_floors":[],"is_endless":false,"potions_floor_spawned":[1,13,16,19,22,28],"killed_by":"Collector","ascension_level":18}}