{"host":"cxvb37eaaiijvrl4","time":1608622522,"event":{"mods":["ATMod(阿瑾Mod)","BaseMod","Better Third Choice","Minty Spire (QoL Compilation)","MostiFishMod","Quick Restart","Rare Cards Sparkle","Shop Mod","Spicy Shops","StSLib","TestMod","Uncapped"],"gold_per_floor":[117,117,130,130,145,145,183,207,233,257,257,296,296,221,221,320,320,338,253,268,193,207,207,240,253,279,279,297,322,361,281,281,374,374,397,797,291,291,624,624,659,684,709,722,737,771,788,406,406,406,406,406,406,44,74,74],"floor_reached":57,"playtime":1990,"items_purged":["Bash+1","Brutality","Juggernaut","Warcry+1","Offering+1"],"score":3645,"play_id":"8b2091fb-89be-454f-af34-7ed29a7a9f33","local_time":"20201221233522","is_ascension_mode":true,"campfire_choices":[{"data":"Offering","floor":6.0,"key":"SMITH"},{"data":"Feel No Pain","floor":11.0,"key":"SMITH"},{"data":"AT_Dispersion","floor":15.0,"key":"SMITH"},{"data":"Second Wind","floor":23,"key":"SMITH"},{"data":"Dark Embrace","floor":32,"key":"SMITH"},{"data":"Feel No Pain","floor":40,"key":"SMITH"},{"floor":49,"key":"RECALL"},{"floor":53,"key":"REST"}],"circlet_count":0,"master_deck":["AscendersBane","AT_BodySlamDance+1","AT_BodySlamDance+1","AT_Dispersion+1","Feed+1","Second Wind+1","Feel No Pain+1","Power Through+1","Evolve+1","Dark Embrace+1","Feel No Pain+1"],"relics":["Burning Blood","AT_ATBox","Pandora\u0027s Box","testmod-CardMagician","NeowsBlessing","Question Card","DaveBox","Technique","Whetstone","Bag of Preparation","Toy Ornithopter","ImportantClient","MetatronsCube","testmod-Antiphasic","testmod-CrystalShield","War Paint","Red Skull","Runic Pyramid","Calipers","MerchantsRug","Gremlin Horn","AT_GoldPhoenixTree","Kunai","AT_BladeRuinedKing","testmod-Charity","HornCleat","AT_BellowingDragoncrestRing"],"acts_visited":["Exordium","TheCity","TheBeyond","TheEnding"],"potions_floor_usage":[56,56],"damage_taken":[{"damage":0.0,"enemies":"2 Louse","floor":1.0,"turns":1.0},{"damage":0.0,"enemies":"Jaw Worm","floor":3.0,"turns":1.0},{"damage":0.0,"enemies":"Small Slimes","floor":5.0,"turns":1.0},{"damage":0.0,"enemies":"Gremlin Nob","floor":7.0,"turns":1.0},{"damage":0.0,"enemies":"3 Louse","floor":8.0,"turns":1.0},{"damage":0.0,"enemies":"Exordium Wildlife","floor":10.0,"turns":1.0},{"damage":0.0,"enemies":"Lagavulin","floor":12.0,"turns":2.0},{"damage":6,"enemies":"The Guardian","floor":16,"turns":3},{"damage":6,"enemies":"Shell Parasite","floor":18,"turns":4},{"damage":0,"enemies":"Chosen","floor":20,"turns":4},{"damage":0,"enemies":"Centurion and Healer","floor":22,"turns":2},{"damage":0,"enemies":"Book of Stabbing","floor":24,"turns":2},{"damage":0,"enemies":"3 Cultists","floor":25,"turns":2},{"damage":0,"enemies":"Sentry and Sphere","floor":28,"turns":6},{"damage":0,"enemies":"Snecko","floor":29,"turns":3},{"damage":0,"enemies":"Slavers","floor":30,"turns":2},{"damage":0,"enemies":"Collector","floor":33,"turns":5},{"damage":0,"enemies":"3 Shapes","floor":35,"turns":2},{"damage":0,"enemies":"Reptomancer","floor":41,"turns":11},{"damage":0,"enemies":"Mind Bloom Boss Battle","floor":42,"turns":3},{"damage":3,"enemies":"3 Darklings","floor":44,"turns":11},{"damage":0,"enemies":"Sphere and 2 Shapes","floor":45,"turns":3},{"damage":0,"enemies":"Nemesis","floor":46,"turns":5},{"damage":0,"enemies":"Transient","floor":47,"turns":3},{"damage":0,"enemies":"Awakened One","floor":50,"turns":5},{"damage":0,"enemies":"Time Eater","floor":51,"turns":4},{"damage":0,"enemies":"Shield and Spear","floor":55,"turns":3},{"damage":0,"enemies":"The Heart","floor":56,"turns":6}],"seed_played":"3542856158106286868","potions_obtained":[{"floor":8.0,"key":"Block Potion"},{"floor":12.0,"key":"Strength Potion"}],"is_trial":false,"path_per_floor":["M","?","M","?","M","R","E","M","T","M","R","E","?","$","R","B",null,"M","?","M","?","M","R","E","M","T","?","M","M","E","$","R","B",null,"M","?","$","?","?","R","E","?","T","M","M","E","M","$","R","B","B",null,"R","$","E","B",null],"character_chosen":"IRONCLAD","items_purchased":["Calipers","MerchantsRug","AT_BladeRuinedKing","testmod-Charity","HornCleat"],"campfire_rested":1,"item_purchase_floors":[37,37,48,48,54],"current_hp_per_floor":[77,71,71,71,74,74,74,74,74,74,74,74,52,52,52,52,69,73,73,82,82,86,86,90,94,94,94,98,102,106,106,106,110,110,110,110,110,104,104,104,108,112,112,116,120,124,128,128,128,132,132,132,132,132,133,137],"gold":74,"neow_bonus":"THREE_ENEMY_KILL","is_daily":false,"chose_seed":false,"campfire_upgraded":6,"win_rate":0.0,"timestamp":1608622522,"path_taken":["M","?","M","?","M","R","E","M","T","M","R","E","?","$","R","BOSS","M","?","M","?","M","R","E","M","T","?","M","M","E","$","R","BOSS","M","?","$","?","?","R","E","?","T","?","M","E","M","$","R","BOSS","BOSS","R","$","E","BOSS"],"items_purchased_type":["Relic","Relic","Relic","Relic","Relic"],"build_version":"2020-12-13","purchased_purges":5,"victory":true,"max_hp_per_floor":[78,71,71,71,74,74,74,74,74,74,74,74,74,74,74,74,74,78,78,82,82,86,86,90,94,94,94,98,102,106,106,106,110,110,110,110,110,104,104,104,108,112,112,116,120,124,128,128,128,132,132,132,132,132,133,137],"card_choices":[{"not_picked":["Sword Boomerang","Shrug It Off"],"picked":"Feel No Pain","floor":1.0},{"not_picked":["Battle Trance","Cleave","Sword Boomerang","Perfected Strike"],"picked":"SKIP","floor":3.0},{"not_picked":["Hemokinesis","True Grit","Carnage"],"picked":"Power Through","floor":5.0},{"not_picked":["MostiFishMod:FireWorks","Wild Strike","Flex","Armaments"],"picked":"SKIP","floor":7.0},{"not_picked":["Cleave","Hemokinesis","Clothesline"],"picked":"Evolve","floor":8.0},{"not_picked":["Twin Strike","Armaments","MostiFishMod:BrandingRite","Power Through"],"picked":"SKIP","floor":10.0},{"not_picked":["MostiFishMod:TemporaryOutbreak","AT_IchimonjiDouble","MostiFishMod:FlyOverUtopia","Wild Strike"],"picked":"SKIP","floor":12.0},{"not_picked":["Second Wind","Iron Wave","Anger","Headbutt+1"],"picked":"SKIP","floor":18},{"not_picked":["Evolve","Warcry","Ghostly Armor","AT_BodySlamDance"],"picked":"SKIP","floor":20},{"not_picked":["Rage+1","Blood for Blood+1","Twin Strike","Pommel Strike"],"picked":"SKIP","floor":22},{"not_picked":["Clothesline","Battle Trance","Heavy Blade","Fire Breathing"],"picked":"SKIP","floor":24},{"not_picked":["Cleave","Wild Strike","Shrug It Off+1"],"picked":"Dark Embrace","floor":25},{"not_picked":["Fire Breathing","Dual Wield","Seeing Red"],"picked":"Feel No Pain","floor":28},{"not_picked":["Shockwave","Power Through","Heavy Blade","True Grit"],"picked":"SKIP","floor":29},{"not_picked":["Warcry","MostiFishMod:OrdinaryWorld","Disarm","Flame Barrier"],"picked":"SKIP","floor":30},{"not_picked":["Wild Strike","Carnage","Burning Pact","Evolve"],"picked":"SKIP","floor":35},{"not_picked":["Metallicize","Blood for Blood","Battle Trance","Burning Pact"],"picked":"SKIP","floor":41},{"not_picked":["Twin Strike","Thunderclap","Reckless Charge+1","Warcry"],"picked":"SKIP","floor":44},{"not_picked":["Wild Strike","Shrug It Off","Combust","Pummel"],"picked":"SKIP","floor":45},{"not_picked":["Brutality","Heavy Blade","Feel No Pain","True Grit+1"],"picked":"SKIP","floor":46},{"not_picked":["AT_BodySlamDance+1","Sentinel","Twin Strike","Sword Boomerang+1"],"picked":"SKIP","floor":47},{"not_picked":["Combust","AT_BodySlamDance","Perfected Strike+1","AT_CaressingTears+1"],"picked":"SKIP","floor":55}],"player_experience":653945,"relics_obtained":[{"floor":1.0,"key":"Question Card"},{"floor":7.0,"key":"Whetstone"},{"floor":9.0,"key":"Bag of Preparation"},{"floor":12.0,"key":"Toy Ornithopter"},{"floor":16,"key":"ImportantClient"},{"floor":24,"key":"testmod-CrystalShield"},{"floor":26,"key":"War Paint"},{"floor":30,"key":"Red Skull"},{"floor":41,"key":"Gremlin Horn"},{"floor":42,"key":"AT_GoldPhoenixTree"},{"floor":46,"key":"Kunai"},{"floor":55,"key":"AT_BellowingDragoncrestRing"}],"event_choices":[{"damage_healed":0.0,"max_hp_gain":0.0,"max_hp_loss":7.0,"gold_gain":0.0,"event_name":"Golden Idol","player_choice":"Lose Max HP","floor":2.0,"gold_loss":0.0,"damage_taken":0.0,"relics_obtained":["Golden Idol"]},{"damage_healed":0.0,"max_hp_gain":0.0,"max_hp_loss":0.0,"gold_gain":0.0,"event_name":"给自己的盒子","player_choice":"Swap Relic","floor":4.0,"relics_lost":["DaveBox"],"gold_loss":0.0,"damage_taken":0.0,"relics_obtained":["DaveBox"]},{"damage_healed":74.0,"max_hp_gain":0.0,"max_hp_loss":74.0,"gold_gain":0.0,"event_name":"betterThird:BetterShining","player_choice":"Upgrade","floor":13.0,"gold_loss":0.0,"damage_taken":22.0,"cards_upgraded":["Evolve","Warcry"]},{"damage_healed":0,"gold_gain":0,"player_choice":"Obtained Relic","damage_taken":0,"relics_obtained":["testmod-Antiphasic"],"max_hp_gain":0,"max_hp_loss":0,"event_name":"Addict","floor":19,"gold_loss":85},{"cards_removed":["Dropkick"],"damage_healed":0,"gold_gain":0,"player_choice":"Gave Gold","damage_taken":0,"max_hp_gain":0,"max_hp_loss":0,"event_name":"Beggar","floor":21,"gold_loss":75},{"damage_healed":0,"gold_gain":0,"player_choice":"Ignored","damage_taken":0,"max_hp_gain":0,"max_hp_loss":0,"event_name":"The Mausoleum","floor":27,"gold_loss":0},{"damage_healed":0,"gold_gain":400,"player_choice":"Sell","damage_taken":0,"max_hp_gain":0,"max_hp_loss":0,"event_name":"恩洛斯的盘子","floor":36,"relics_lost":["testmod-TestBox"],"gold_loss":0},{"damage_healed":0,"gold_gain":0,"player_choice":"Max HP","damage_taken":0,"max_hp_gain":0,"max_hp_loss":6,"event_name":"Winding Halls","floor":38,"gold_loss":0},{"damage_healed":0,"gold_gain":333,"player_choice":"Gave Idol","damage_taken":0,"max_hp_gain":0,"max_hp_loss":0,"event_name":"The Moai Head","floor":39,"relics_lost":["Golden Idol"],"gold_loss":0},{"damage_healed":0,"gold_gain":0,"player_choice":"Fight","damage_taken":0,"max_hp_gain":0,"max_hp_loss":0,"event_name":"MindBloom","floor":42,"gold_loss":0}],"is_beta":false,"boss_relics":[{"not_picked":["testmod-BatchProcessingSystem","testmod-StringDisintegrator"],"picked":"MetatronsCube"},{"not_picked":["Cursed Key","Runic Cube"],"picked":"Runic Pyramid"}],"items_purged_floors":[14,31,37,48,54],"is_endless":false,"potions_floor_spawned":[8,12,16,22,24,29,30,41,42,44,46],"ascension_level":20}}