{"host":"z7uf2ohomj0wklrw","time":1608626327,"event":{"mods":["BaseMod","Downfall","Minty Spire (QoL Compilation)","StSLib"],"gold_per_floor":[99,99,99,99,274,274,354,354,354,279,26,37,71,83,100,100,100,100],"floor_reached":16,"playtime":571,"items_purged":["Doubt"],"score":120,"play_id":"37ae18b1-4134-48b8-b345-6ad58ff2ab59","local_time":"20201222013847","is_ascension_mode":true,"campfire_choices":[{"floor":1,"key":"RECALL"},{"data":"Guardian:RollAttack","floor":10,"key":"SMITH"}],"circlet_count":0,"master_deck":["Guardian:Strike_Guardian","Guardian:Strike_Guardian","Guardian:Strike_Guardian","Guardian:Strike_Guardian","Guardian:Defend_Guardian","Guardian:Defend_Guardian","Guardian:Defend_Guardian","Guardian:Defend_Guardian","Guardian:CurlUp","Guardian:TwinSlam","Guardian:RollAttack+1","Guardian:FloatingOrbs","Guardian:Clone","Guardian:Suspension+1","Guardian:SphericShield+1","Guardian:PolyBeam","Guardian:Gem_Yellow","Guardian:Harden+1","Guardian:Gem_Synthetic"],"relics":["Guardian:ModeShifter","downfall:HeartsMalice","Ancient Tea Set","Bottled Tornado","Toxic Egg 2","downfall:HeartBlessingRed","Bronze Scales"],"acts_visited":["Exordium"],"potions_floor_usage":[16],"damage_taken":[{"damage":0,"enemies":"Small Slimes","floor":2,"turns":1},{"damage":0,"enemies":"2 Louse","floor":3,"turns":1},{"damage":0,"enemies":"Cultist","floor":8,"turns":1},{"damage":0,"enemies":"downfall:FleeingMerchant","floor":11,"turns":4},{"damage":12,"enemies":"2 Fungi Beasts","floor":12,"turns":3},{"damage":38,"enemies":"Gremlin Nob","floor":13,"turns":5},{"damage":0,"enemies":"Large Slime","floor":14,"turns":4},{"damage":14,"enemies":"Exordium Wildlife","floor":15,"turns":2},{"damage":22,"enemies":"downfall:Ironclad","floor":16,"turns":6}],"seed_played":"3821669899586362408","potions_obtained":[{"floor":12,"key":"Guardian:AcceleratePotion"},{"floor":13,"key":"PowerPotion"},{"floor":14,"key":"LiquidBronze"}],"is_trial":false,"path_per_floor":["R","M","M","?","?","?","T","M","T","R","$","M","E","M","M","B"],"character_chosen":"GUARDIAN","items_purchased":["Guardian:SphericShield+1"],"campfire_rested":0,"item_purchase_floors":[11],"current_hp_per_floor":[80,80,80,80,80,80,80,80,80,80,80,68,30,30,16,0,0,0],"gold":100,"neow_bonus":"THREE_ENEMY_KILL","is_daily":false,"chose_seed":false,"campfire_upgraded":1,"win_rate":0.0,"timestamp":1608626327,"path_taken":["R","M","M","?","?","?","T","M","?","R","$","M","E","M","M","BOSS"],"items_purchased_type":["Card"],"build_version":"2020-12-13","purchased_purges":1,"victory":false,"max_hp_per_floor":[80,80,80,80,80,80,80,80,80,80,80,80,80,80,80,80,80,80],"card_choices":[{"not_picked":["Guardian:Recover","Guardian:Incinerate"],"picked":"Guardian:RollAttack","floor":2},{"not_picked":["Guardian:PiercingHide","Guardian:Recover"],"picked":"Guardian:FloatingOrbs","floor":3},{"not_picked":["Guardian:Gem_Green","Guardian:Recover"],"picked":"Guardian:Clone","floor":8},{"not_picked":["Guardian:FuturePlans","Guardian:TemporalStrike"],"picked":"Guardian:Suspension+1","floor":11},{"not_picked":["Guardian:Suspension+1","Guardian:ChargeCore"],"picked":"Guardian:PolyBeam","floor":12},{"not_picked":["Guardian:PiercingHide+1","Guardian:CrystalBeam"],"picked":"Guardian:Gem_Yellow","floor":13},{"not_picked":["Guardian:Gem_Fragmented","Guardian:TimeBomb+1"],"picked":"Guardian:Harden+1","floor":14},{"not_picked":["Guardian:Gem_Cyan","Guardian:RollAttack"],"picked":"Guardian:Gem_Synthetic","floor":15}],"player_experience":1000146,"relics_obtained":[{"floor":7,"key":"Bottled Tornado"},{"floor":9,"key":"Toxic Egg 2"},{"floor":13,"key":"Bronze Scales"}],"event_choices":[{"damage_healed":0,"gold_gain":0,"player_choice":"Box","damage_taken":0,"relics_obtained":["Ancient Tea Set"],"max_hp_gain":0,"max_hp_loss":0,"event_name":"Big Fish","floor":4,"gold_loss":0,"cards_obtained":["Regret"]}],"is_beta":false,"boss_relics":[],"items_purged_floors":[11],"is_endless":false,"potions_floor_spawned":[12,13,14],"killed_by":"downfall:Ironclad","ascension_level":5}}