{"host":"rwzz6mk6bpmb57ql","time":1608617524,"event":{"mods":["AchievementEnabler","BaseMod","BetterRewards","Colored Map","Highlight Path","Hubris","Minty Spire (QoL Compilation)","Replay The Spire","StSLib"],"gold_per_floor":[5616,5630,4929,4979,4997,5024,5024,5044,5121,4161,4161,4161,3299,3333,3333,3431,3431,3341,2586,2586,2501,2501,2501,2501,2501,2501,2501,2501,2501,2035,2035,2035,2035,2035,2035,2035,2035,2035,2035,2035,1131,1131,1131,1131,1131,362,362,362,362,362,362,362,62,62,62],"floor_reached":56,"playtime":4035,"items_purged":["Strike_R","Strike_R","Strike_R","Strike_R","Defend_R","Defend_R","Parasite"],"score":2324,"play_id":"ac2ebed0-2374-4f38-8c22-d40479828584","local_time":"20201222001204","is_ascension_mode":true,"campfire_choices":[{"floor":7,"key":"RECALL"},{"data":"Sentinel","floor":15,"key":"SMITH"},{"data":"Demonic Infusion","floor":23,"key":"SMITH"},{"data":"Defy Death","floor":25,"key":"SMITH"},{"data":"ReplayTheSpireMod:Strike From Hell","floor":32,"key":"SMITH"},{"floor":49,"key":"DIG"},{"data":"Defend_R+3","floor":52,"key":"SMITH"}],"circlet_count":0,"master_deck":["AscendersBane","Strike_R+2","Defend_R+4","Bash+1","Purity+1","ReplayTheSpireMod:Strike From Hell+1","ReplayTheSpireMod:Brewmster+1","Barricade+1","hubris:DuctTapeCard+2","Defy Death+1","True Grit+1","Sentinel+1","Brutality+1","Demonic Infusion+1","Feel No Pain+1","Flame Barrier+1","Exhume+1","Exhume+1","Disarm+1","Defy Death+1","Demonic Infusion+1","Shockwave+1","Demonic Infusion+1","Berserk"],"relics":["Burning Blood","Potion Belt","Juzu Bracelet","Orichalcum","HandDrill","Pantograph","Anchor","Blue Candle","hubris:DuctTape","OrangePellets","ReplayTheSpireMod:Ring of Collecting","Replay:Multitool","Prayer Wheel","Lantern","Ectoplasm","War Paint","Iron Hammer","Oddly Smooth Stone","Incense Burner","hubris:PeanutButter","Gambling Chip","Bronze Scales","Ancient Tea Set","Pen Nib","hubris:Stopwatch","Toy Ornithopter","Lee\u0027s Waffle","Bag of Preparation","Snack Pack","Blood Vial","Happy Flower","hubris:Icosahedron","Mummified Hand","Simple Rune","Cauldron","Mark of the Bloom","hubris:DeckOfHolding","DollysMirror","ReplayTheSpireMod:Spearhead","ReplayTheSpireMod:TigerMarble"],"acts_visited":["Exordium","TheCity","TheBeyond","TheEnding"],"potions_floor_usage":[6,6,6,6,8,10,14,14,14,14,14,14,14,14,14,14,16,16,16,16,16,16,16,16,16,16,16,16,16,16,16,16,16,16,16,16,16,16,16,18,18,18,18,22,22,22,22,24,24,24,24,24,24,24,29,29,29,29,29,29,29,29,29,29,31,31,31,31,33,33,33,33,33,33,33,33,33,33,33,33,33,33,33,33,33,33,33,33,33,35,35,36,36,36,38,38,38,38,38,38,38,40,40,40,40,40,40,40,40,40,45,45,45,45,45,45,48,48,48,48,48,48,50,50,50,50,50,50,50,50,50,50,50,50,54,54,54,54,54,54,54,54,54,55,55,55,55,55,55,55,55,55,55,55,55],"damage_taken":[{"damage":6,"enemies":"Cultist","floor":1,"turns":4},{"damage":8,"enemies":"Jaw Worm","floor":2,"turns":4},{"damage":2,"enemies":"2 Louse","floor":5,"turns":3},{"damage":21,"enemies":"3 Sentries","floor":6,"turns":6},{"damage":3,"enemies":"Blue Slaver","floor":8,"turns":2},{"damage":14,"enemies":"Lagavulin","floor":14,"turns":5},{"damage":33,"enemies":"Slime Boss","floor":16,"turns":22},{"damage":16,"enemies":"2 Thieves","floor":18,"turns":5},{"damage":1,"enemies":"Chosen","floor":22,"turns":5},{"damage":65,"enemies":"Book of Stabbing","floor":24,"turns":11},{"damage":8,"enemies":"Gremlin Leader","floor":29,"turns":13},{"damage":28,"enemies":"Slavers","floor":31,"turns":7},{"damage":6,"enemies":"Champ","floor":33,"turns":15},{"damage":0,"enemies":"Orb Walker","floor":35,"turns":6},{"damage":17,"enemies":"3 Darklings","floor":36,"turns":4},{"damage":0,"enemies":"Writhing Mass","floor":38,"turns":9},{"damage":4,"enemies":"Giant Head","floor":40,"turns":12},{"damage":9,"enemies":"Maw","floor":45,"turns":10},{"damage":0,"enemies":"Spire Growth","floor":48,"turns":7},{"damage":5,"enemies":"Time Eater","floor":50,"turns":13},{"damage":12,"enemies":"Shield and Spear","floor":54,"turns":14},{"damage":16,"enemies":"The Heart","floor":55,"turns":12}],"seed_played":"4842153723983220332","potions_obtained":[{"floor":2,"key":"Explosive Potion"},{"floor":4,"key":"FearPotion"},{"floor":6,"key":"Adrenaline Potion"},{"floor":8,"key":"Strength Potion"},{"floor":18,"key":"Elixir"},{"floor":31,"key":"GamblersBrew"},{"floor":35,"key":"AttackPotion"},{"floor":36,"key":"FearPotion"},{"floor":46,"key":"DuplicationPotion"}],"is_trial":false,"path_per_floor":["M","M","$","?","M","E","R","M","T","$","?","?","$","E","R","B",null,"M","$","?","?","M","R","E","R","T","?","?","E","$","E","R","B",null,"M","M","?","M","?","E","$","T","T","?","M","$","?","M","R","B",null,"R","$","E","B",null],"character_chosen":"IRONCLAD","items_purchased":["ReplayTheSpireMod:Brewmster","Juzu Bracelet","Orichalcum","HandDrill","Blue Candle","Inflame","hubris:DuctTape","OrangePellets","BloodPotion","DuplicationPotion","Defy Death","True Grit","Replay:Multitool","Prayer Wheel","War Paint","Demonic Infusion","Iron Hammer","Feel No Pain","Bronze Scales","Ancient Tea Set","Lee\u0027s Waffle","Bag of Preparation","Snack Pack","Demonic Infusion","Mummified Hand","Simple Rune","Cauldron","DollysMirror","ReplayTheSpireMod:Spearhead"],"campfire_rested":0,"item_purchase_floors":[3,3,3,3,10,10,10,10,10,10,13,13,13,13,19,19,19,19,30,30,41,41,41,41,46,46,46,53,53],"current_hp_per_floor":[137,135,135,99,103,88,88,91,91,120,120,120,120,112,112,145,145,135,135,135,135,140,140,110,110,110,110,110,145,145,123,123,145,145,145,134,134,140,140,142,152,152,152,152,152,149,149,149,149,144,144,144,144,132,116],"gold":62,"neow_bonus":"RANDOM_COLORLESS","is_daily":false,"chose_seed":false,"campfire_upgraded":5,"win_rate":0.0,"timestamp":1608617524,"path_taken":["M","?","$","?","M","E","R","M","T","$","?","?","$","E","R","BOSS","M","$","?","?","M","R","E","R","T","?","?","E","$","E","R","BOSS","M","M","?","M","?","E","$","?","T","?","M","$","?","M","R","BOSS","R","$","E","BOSS"],"items_purchased_type":["Card","Relic","Relic","Relic","Relic","Card","Relic","Relic","Potion","Potion","Card","Card","Relic","Relic","Relic","Card","Relic","Card","Relic","Relic","Relic","Relic","Relic","Card","Relic","Relic","Relic","Relic","Relic"],"build_version":"2020-12-13","purchased_purges":7,"victory":true,"max_hp_per_floor":[145,145,145,145,145,145,145,145,145,145,145,145,145,145,145,145,145,145,145,145,145,145,145,145,145,145,145,145,145,145,145,145,145,145,145,145,145,145,145,145,152,152,152,152,152,149,149,149,149,149,149,149,149,149,149],"card_choices":[{"not_picked":["Dramatic Entrance","Forethought"],"picked":"Purity","floor":0},{"not_picked":["Dropkick","Havoc"],"picked":"ReplayTheSpireMod:Strike From Hell","floor":1},{"not_picked":["Second Wind","Armaments"],"picked":"Inflame","floor":2},{"not_picked":["Clash","Cleave","Massacre"],"picked":"SKIP","floor":5},{"not_picked":["Intimidate","Wild Strike"],"picked":"Barricade","floor":6},{"not_picked":["Wild Strike","Searing Blow","Blood for Blood"],"picked":"SKIP","floor":8},{"not_picked":["ReplayTheSpireMod:Strike From Hell","hubris:ReadiedAction"],"picked":"Sentinel","floor":14},{"not_picked":["Reaper","Immolate"],"picked":"Brutality","floor":16},{"not_picked":["Warcry","Dual Wield","Armaments"],"picked":"SKIP","floor":18},{"not_picked":["Dual Wield","Shrug It Off","Iron Wave"],"picked":"SKIP","floor":18},{"not_picked":["Rage","Sword Boomerang"],"picked":"Flame Barrier","floor":22},{"not_picked":["Headbutt","Twin Strike","Shrug It Off"],"picked":"SKIP","floor":22},{"not_picked":["Inflame","Thunderclap","Reaper"],"picked":"SKIP","floor":24},{"not_picked":["ReplayTheSpireMod:Limb From Limb","Pommel Strike","Twin Strike"],"picked":"SKIP","floor":29},{"not_picked":["Iron Wave","Seeing Red"],"picked":"Exhume","floor":31},{"not_picked":["Replay:Many Hands","Eclipse"],"picked":"Exhume","floor":33},{"not_picked":["Thunderclap+1","Flame Barrier+1","Twin Strike"],"picked":"SKIP","floor":35},{"not_picked":["Warcry","Clash","Dark Embrace"],"picked":"SKIP","floor":35},{"not_picked":["Dual Wield","Warcry"],"picked":"Disarm+1","floor":36},{"not_picked":["Headbutt","Iron Wave","Replay:Undeath\u0027s Touch+1"],"picked":"SKIP","floor":36},{"not_picked":["Run Through","Wild Strike","Heavy Blade"],"picked":"SKIP","floor":38},{"not_picked":["ReplayTheSpireMod:Corrosion Curse","Flex","Feel No Pain"],"picked":"SKIP","floor":38},{"not_picked":["Pommel Strike+1","Pummel+1"],"picked":"Defy Death","floor":40},{"not_picked":["Replay:Many Hands","ReplayReversal"],"picked":"Shockwave","floor":45},{"not_picked":["Sword Boomerang","Flame Barrier+1","Run Through"],"picked":"SKIP","floor":45},{"not_picked":["hubris:ReadiedAction","Evolve","ReplayTheSpireMod:LeadingStrike"],"picked":"SKIP","floor":48},{"not_picked":["Reckless Charge+1","ReplayTheSpireMod:Corrosion Curse","ReplayReversal"],"picked":"SKIP","floor":48},{"not_picked":["Inflame","Uppercut+1"],"picked":"Berserk","floor":54}],"player_experience":75466,"relics_obtained":[{"floor":4,"key":"Pantograph"},{"floor":6,"key":"Anchor"},{"floor":12,"key":"ReplayTheSpireMod:Ring of Collecting"},{"floor":14,"key":"Lantern"},{"floor":24,"key":"Incense Burner"},{"floor":26,"key":"hubris:PeanutButter"},{"floor":29,"key":"Gambling Chip"},{"floor":31,"key":"Pen Nib"},{"floor":40,"key":"Toy Ornithopter"},{"floor":42,"key":"Blood Vial"},{"floor":43,"key":"Happy Flower"},{"floor":49,"key":"hubris:DeckOfHolding"},{"floor":54,"key":"ReplayTheSpireMod:TigerMarble"}],"event_choices":[{"damage_healed":0,"gold_gain":0,"player_choice":"Ignored","damage_taken":0,"max_hp_gain":0,"max_hp_loss":0,"event_name":"Golden Idol","floor":11,"gold_loss":0},{"damage_healed":0,"gold_gain":0,"player_choice":"Ignored","damage_taken":0,"max_hp_gain":0,"max_hp_loss":0,"event_name":"Ghosts","floor":20,"gold_loss":0},{"damage_healed":0,"gold_gain":0,"player_choice":"Obtained Relic","damage_taken":0,"relics_obtained":["Oddly Smooth Stone"],"max_hp_gain":0,"max_hp_loss":0,"event_name":"Addict","floor":21,"gold_loss":85},{"damage_healed":0,"gold_gain":0,"player_choice":"Ignored","damage_taken":0,"max_hp_gain":0,"max_hp_loss":0,"event_name":"Vampires","floor":27,"gold_loss":0},{"cards_removed":["Defend_R"],"damage_healed":0,"gold_gain":0,"player_choice":"Removed Skill","damage_taken":0,"max_hp_gain":0,"max_hp_loss":0,"event_name":"Falling","floor":37,"gold_loss":0},{"damage_healed":0,"gold_gain":0,"player_choice":"Ignored","damage_taken":0,"max_hp_gain":0,"max_hp_loss":0,"event_name":"Tomb of Lord Red Mask","floor":39,"gold_loss":0},{"damage_healed":0,"gold_gain":0,"player_choice":"Upgrade","damage_taken":0,"relics_obtained":["Mark of the Bloom"],"max_hp_gain":0,"max_hp_loss":0,"event_name":"MindBloom","floor":47,"gold_loss":0,"cards_upgraded":["Strike_R","Defend_R","Bash","Purity","ReplayTheSpireMod:Brewmster","Barricade","hubris:DuctTapeCard","Brutality","Feel No Pain","Exhume","Exhume","Defy Death","Demonic Infusion","Shockwave"]}],"is_beta":false,"boss_relics":[{"not_picked":["hubris:RunicObelisk","Sozu"],"picked":"Ectoplasm"},{"not_picked":["Runic Pyramid","Replay:Bronze Core"],"picked":"hubris:Stopwatch"}],"items_purged_floors":[3,10,13,19,30,41,46],"is_endless":false,"potions_floor_spawned":[2,6,8,18,31,35,36,54],"ascension_level":12}}