{"host":"udzsrhbqdxqtlypj","time":1608674257,"event":{"mods":["BaseMod","Minty Spire (QoL Compilation)","Relic Stats"],"gold_per_floor":[118,134,134,153,171,171,181,209,209,209,174,18,34,67,67,163,163,181,201,201,76,95,120,120,146,146,157,157,157],"floor_reached":28,"playtime":2050,"items_purged":["Shame"],"score":405,"play_id":"f0f6103c-3653-45ad-a530-70de1dd5a327","local_time":"20201222155737","is_ascension_mode":true,"campfire_choices":[{"data":"Leg Sweep","floor":6,"key":"SMITH"},{"data":"Venomology","floor":10,"key":"SMITH"},{"data":"Poisoned Stab","floor":15,"key":"SMITH"},{"data":"Night Terror","floor":24,"key":"SMITH"}],"circlet_count":0,"master_deck":["AscendersBane","Survivor","Neutralize","Dagger Spray","Poisoned Stab+1","Leg Sweep+1","PiercingWail","Venomology+1","Poisoned Stab+1","Backflip","Wraith Form v2","Catalyst","Crippling Poison","Calculated Gamble","Die Die Die","Cloak And Dagger","Predator","Glass Knife","Sucker Punch","Predator","Night Terror+1","Slice","Dodge and Roll","Cloak And Dagger","Malaise","Blur","Noxious Fumes+1","Backflip"],"relics":["Ring of the Snake","Strawberry","Kunai","PreservedInsect","War Paint","Pandora\u0027s Box","TungstenRod","Toy Ornithopter","InkBottle","Tiny Chest"],"acts_visited":["Exordium","TheCity"],"potions_floor_usage":[14,14,16,18,19,22,22,23,23,23,27,27,28,28],"damage_taken":[{"damage":0,"enemies":"2 Louse","floor":1,"turns":3},{"damage":0,"enemies":"Jaw Worm","floor":2,"turns":3},{"damage":0,"enemies":"Small Slimes","floor":4,"turns":3},{"damage":16,"enemies":"3 Louse","floor":5,"turns":3},{"damage":0,"enemies":"2 Fungi Beasts","floor":7,"turns":3},{"damage":21,"enemies":"Lagavulin","floor":8,"turns":10},{"damage":1,"enemies":"Blue Slaver","floor":13,"turns":5},{"damage":7,"enemies":"Gremlin Nob","floor":14,"turns":4},{"damage":20,"enemies":"The Guardian","floor":16,"turns":12},{"damage":0,"enemies":"3 Byrds","floor":18,"turns":4},{"damage":20,"enemies":"2 Thieves","floor":19,"turns":4},{"damage":16,"enemies":"Centurion and Healer","floor":22,"turns":7},{"damage":3,"enemies":"Book of Stabbing","floor":23,"turns":6},{"damage":18,"enemies":"Gremlin Leader","floor":25,"turns":9},{"damage":4,"enemies":"Snake Plant","floor":27,"turns":6},{"damage":29,"enemies":"Slavers","floor":28,"turns":3}],"seed_played":"4833267424222884313","potions_obtained":[{"floor":2,"key":"Strength Potion"},{"floor":5,"key":"Explosive Potion"},{"floor":14,"key":"ColorlessPotion"},{"floor":16,"key":"Fire Potion"},{"floor":18,"key":"DuplicationPotion"},{"floor":22,"key":"LiquidMemories"},{"floor":25,"key":"PowerPotion"}],"is_trial":false,"path_per_floor":["M","M","?","M","M","R","M","E","T","R","?","$","M","E","R","B",null,"M","M","?","$","M","E","R","E","T","M","E"],"character_chosen":"THE_SILENT","items_purchased":["PreservedInsect","Cloak And Dagger"],"campfire_rested":0,"item_purchase_floors":[12,21],"current_hp_per_floor":[63,63,63,63,47,47,47,33,33,33,52,52,51,44,44,24,64,64,44,44,44,28,25,25,7,7,13,0,0],"gold":157,"neow_bonus":"THREE_CARDS","is_daily":false,"chose_seed":false,"campfire_upgraded":4,"win_rate":0.0,"timestamp":1608674257,"path_taken":["M","M","?","M","M","R","M","E","T","R","?","$","M","E","R","BOSS","M","M","?","$","M","E","R","E","T","M","E"],"items_purchased_type":["Relic","Card"],"build_version":"2020-12-13","purchased_purges":1,"victory":false,"max_hp_per_floor":[70,70,70,70,70,70,70,77,77,77,77,77,77,77,77,77,77,77,77,77,77,77,77,77,77,77,77,77,77],"relic_stats":{"counters":[16,85],"Pandora\u0027s Box":["Catalyst","Crippling Poison","Calculated Gamble","Die Die Die","Cloak And Dagger","Predator","Glass Knife","Sucker Punch","Predator","Night Terror"],"Tiny Chest":0,"PreservedInsect":158,"Kunai":[16],"War Paint":["Defend_G","Defend_G"],"obtain_stats":[{"Strawberry":8,"Pandora\u0027s Box":17,"Tiny Chest":26,"PreservedInsect":12,"Kunai":9,"War Paint":14,"TungstenRod":20,"Toy Ornithopter":23,"InkBottle":25,"Ring of the Snake":0},{"Strawberry":6,"Pandora\u0027s Box":9,"Tiny Chest":14,"PreservedInsect":6,"Kunai":6,"War Paint":8,"TungstenRod":11,"Toy Ornithopter":13,"InkBottle":14,"Ring of the Snake":0},{"Strawberry":25,"Pandora\u0027s Box":46,"Tiny Chest":76,"PreservedInsect":25,"Kunai":25,"War Paint":34,"TungstenRod":54,"Toy Ornithopter":67,"InkBottle":76,"Ring of the Snake":0}],"TungstenRod":32,"Toy Ornithopter":20,"InkBottle":[2],"Ring of the Snake":[32]},"card_choices":[{"not_picked":["Slice","Dodge and Roll"],"picked":"Dagger Spray","floor":0},{"not_picked":["Sucker Punch","Dagger Spray"],"picked":"Poisoned Stab","floor":1},{"not_picked":["Sucker Punch","Outmaneuver","Heel Hook"],"picked":"SKIP","floor":2},{"not_picked":["Escape Plan","Heel Hook"],"picked":"Leg Sweep","floor":4},{"not_picked":["Prepared","Blade Dance","Bullet Time"],"picked":"SKIP","floor":5},{"not_picked":["Cloak And Dagger","Footwork"],"picked":"PiercingWail","floor":7},{"not_picked":["Flying Knee","Slice"],"picked":"Venomology","floor":8},{"not_picked":["Outmaneuver","Dagger Spray"],"picked":"Poisoned Stab","floor":13},{"not_picked":["Flechettes","Dagger Throw"],"picked":"Backflip","floor":14},{"not_picked":["Grand Finale","Phantasmal Killer"],"picked":"Wraith Form v2","floor":16},{"not_picked":["Underhanded Strike","Poisoned Stab"],"picked":"Slice","floor":18},{"not_picked":["Dagger Throw","Flying Knee"],"picked":"Dodge and Roll","floor":19},{"not_picked":["Bane+1","Poisoned Stab"],"picked":"Malaise","floor":22},{"not_picked":["Underhanded Strike+1","Blade Dance"],"picked":"Blur","floor":23},{"not_picked":["Setup","Prepared"],"picked":"Noxious Fumes+1","floor":25},{"not_picked":["Calculated Gamble","Quick Slash"],"picked":"Backflip","floor":27}],"player_experience":2711803,"relics_obtained":[{"floor":8,"key":"Strawberry"},{"floor":9,"key":"Kunai"},{"floor":14,"key":"War Paint"},{"floor":23,"key":"Toy Ornithopter"},{"floor":25,"key":"InkBottle"},{"floor":26,"key":"Tiny Chest"}],"event_choices":[{"damage_healed":0,"gold_gain":0,"player_choice":"Grow","damage_taken":0,"max_hp_gain":0,"max_hp_loss":0,"event_name":"Living Wall","floor":3,"gold_loss":0,"cards_upgraded":["Poisoned Stab"]},{"damage_healed":19,"gold_gain":0,"player_choice":"Healed","damage_taken":0,"max_hp_gain":0,"max_hp_loss":0,"event_name":"The Cleric","floor":11,"gold_loss":35},{"damage_healed":0,"gold_gain":0,"player_choice":"Stole Relic","damage_taken":0,"relics_obtained":["TungstenRod"],"max_hp_gain":0,"max_hp_loss":0,"event_name":"Addict","floor":20,"gold_loss":0,"cards_obtained":["Shame"]}],"is_beta":false,"boss_relics":[{"not_picked":["Philosopher\u0027s Stone","Fusion Hammer"],"picked":"Pandora\u0027s Box"}],"items_purged_floors":[21],"is_endless":false,"potions_floor_spawned":[2,5,13,14,16,18,22,25],"killed_by":"Slavers","ascension_level":10}}