{"host":"cijwx898anu8dehj","time":1608675890,"event":{"mods":["AchievementEnabler","AlwaysNeverKeys","BaseMod","Colored Map","Colored Powertips","Highlight Path","Minty Spire (QoL Compilation)","Rare Cards Sparkle","Relic Stats","Slay-I"],"gold_per_floor":[115,115,131,131,43,43,72,92,145,227,227,246,246,321,321,395,395,405,405,405,431,458,458,483,497,497,529,549,549,549,549],"floor_reached":30,"playtime":1583,"items_purged":[],"score":502,"play_id":"15cf76e8-172b-464c-accc-6302cef8cd36","local_time":"20201222202450","is_ascension_mode":true,"campfire_choices":[{"floor":6,"key":"REST"},{"data":"Bludgeon","floor":11,"key":"SMITH"},{"data":"Uppercut","floor":13,"key":"SMITH"},{"floor":15,"key":"REST"},{"data":"Defend_R","floor":23,"key":"SMITH"}],"circlet_count":0,"master_deck":["AscendersBane","Strike_R","Strike_R","Strike_R+1","Strike_R","Strike_R","Defend_R+1","Defend_R","Defend_R","Defend_R+1","Bash","Heavy Blade","Bludgeon+1","Shrug It Off","Uppercut+1","Thunderclap","Flame Barrier"],"relics":["Busted Crown","Regal Pillow","Centennial Puzzle","Sundial","Snecko Eye","Dream Catcher","Red Mask","Akabeko","Bag of Marbles","StoneCalendar"],"acts_visited":["Exordium","TheCity"],"potions_floor_usage":[22,27,30,30],"damage_taken":[{"damage":10,"enemies":"Small Slimes","floor":1,"turns":4},{"damage":0,"enemies":"Jaw Worm","floor":3,"turns":3},{"damage":17,"enemies":"Lagavulin","floor":7,"turns":5},{"damage":0,"enemies":"2 Louse","floor":8,"turns":3},{"damage":0,"enemies":"Large Slime","floor":12,"turns":3},{"damage":16,"enemies":"The Guardian","floor":16,"turns":7},{"damage":1,"enemies":"2 Thieves","floor":18,"turns":2},{"damage":4,"enemies":"Masked Bandits","floor":22,"turns":4},{"damage":12,"enemies":"Book of Stabbing","floor":24,"turns":3},{"damage":0,"enemies":"3 Byrds","floor":25,"turns":4},{"damage":37,"enemies":"Slavers","floor":27,"turns":6},{"damage":0,"enemies":"3 Cultists","floor":28,"turns":3},{"damage":13,"enemies":"Book of Stabbing","floor":30,"turns":2}],"seed_played":"2031651004654512403","potions_obtained":[{"floor":7,"key":"FearPotion"},{"floor":8,"key":"BloodPotion"},{"floor":25,"key":"LiquidBronze"},{"floor":28,"key":"DuplicationPotion"}],"is_trial":false,"path_per_floor":["M","?","M","?","$","R","E","M","T","T","R","M","R","?","R","B",null,"M","?","?","T","?","R","E","M","T","E","M","?","E"],"character_chosen":"IRONCLAD","items_purchased":["Bludgeon"],"campfire_rested":2,"item_purchase_floors":[5],"current_hp_per_floor":[58,35,35,35,35,57,40,40,40,40,40,40,40,29,66,50,69,68,68,68,68,64,64,52,52,52,30,30,9,0,0],"gold":549,"neow_bonus":"BOSS_RELIC","is_daily":false,"chose_seed":false,"campfire_upgraded":3,"win_rate":0.0,"timestamp":1608675890,"path_taken":["M","?","M","?","?","R","E","M","T","?","R","M","R","?","R","BOSS","M","?","?","?","?","R","E","M","T","E","M","?","E"],"items_purchased_type":["Card"],"build_version":"2020-12-13","purchased_purges":0,"victory":false,"max_hp_per_floor":[75,75,75,75,75,75,75,75,75,75,75,75,75,75,75,75,75,75,75,75,75,75,75,75,75,75,75,75,80,80,80],"relic_stats":{"Regal Pillow":15,"Centennial Puzzle":[18],"Dream Catcher":0,"Busted Crown":24,"counters":[13,49],"Sundial":[8],"Snecko Eye":[44,44,39,49],"StoneCalendar":[0],"obtain_stats":[{"Regal Pillow":7,"Centennial Puzzle":9,"Dream Catcher":21,"Busted Crown":0,"Sundial":10,"Snecko Eye":17,"StoneCalendar":27,"Red Mask":22,"Bag of Marbles":26,"Burning Blood":0,"Akabeko":24},{"Regal Pillow":3,"Centennial Puzzle":4,"Dream Catcher":7,"Busted Crown":0,"Sundial":4,"Snecko Eye":6,"StoneCalendar":11,"Red Mask":8,"Bag of Marbles":10,"Burning Blood":0,"Akabeko":9},{"Regal Pillow":12,"Centennial Puzzle":15,"Dream Catcher":27,"Busted Crown":0,"Sundial":15,"Snecko Eye":25,"StoneCalendar":44,"Red Mask":31,"Bag of Marbles":38,"Burning Blood":0,"Akabeko":34}]},"card_choices":[{"not_picked":["True Grit"],"picked":"SKIP","floor":1},{"not_picked":[],"picked":"Heavy Blade","floor":3},{"not_picked":[],"picked":"Shrug It Off","floor":7},{"not_picked":[],"picked":"Uppercut","floor":8},{"not_picked":[],"picked":"Thunderclap","floor":12},{"not_picked":["Burning Pact"],"picked":"SKIP","floor":18},{"not_picked":["Offering"],"picked":"SKIP","floor":24},{"not_picked":["Sword Boomerang"],"picked":"SKIP","floor":25},{"not_picked":[],"picked":"Flame Barrier","floor":27},{"not_picked":["Anger"],"picked":"SKIP","floor":28}],"player_experience":908739,"relics_obtained":[{"floor":7,"key":"Regal Pillow"},{"floor":9,"key":"Centennial Puzzle"},{"floor":10,"key":"Sundial"},{"floor":21,"key":"Dream Catcher"},{"floor":22,"key":"Red Mask"},{"floor":24,"key":"Akabeko"},{"floor":26,"key":"Bag of Marbles"},{"floor":27,"key":"StoneCalendar"}],"event_choices":[{"damage_healed":0,"gold_gain":0,"player_choice":"Entered Light","damage_taken":23,"max_hp_gain":0,"max_hp_loss":0,"event_name":"Shining Light","floor":2,"gold_loss":0,"cards_upgraded":["Strike_R","Defend_R"]},{"damage_healed":0,"gold_gain":0,"player_choice":"Ignored","damage_taken":0,"max_hp_gain":0,"max_hp_loss":0,"event_name":"Golden Idol","floor":4,"gold_loss":0},{"damage_healed":0,"gold_gain":75,"player_choice":"Gather Gold","damage_taken":11,"max_hp_gain":0,"max_hp_loss":0,"event_name":"World of Goop","floor":14,"gold_loss":0},{"damage_healed":0,"gold_gain":0,"player_choice":"Ignored","damage_taken":0,"max_hp_gain":0,"max_hp_loss":0,"event_name":"Vampires","floor":19,"gold_loss":0},{"damage_healed":0,"gold_gain":0,"player_choice":"Ignored","damage_taken":0,"max_hp_gain":0,"max_hp_loss":0,"event_name":"Ghosts","floor":20,"gold_loss":0},{"damage_healed":0,"gold_gain":0,"player_choice":"Fought Bandits","damage_taken":0,"max_hp_gain":0,"max_hp_loss":0,"event_name":"Masked Bandits","floor":22,"gold_loss":0},{"damage_healed":0,"gold_gain":0,"player_choice":"Shed Blood","damage_taken":26,"max_hp_gain":5,"max_hp_loss":0,"event_name":"Forgotten Altar","floor":29,"gold_loss":0}],"is_beta":false,"boss_relics":[{"not_picked":["Ectoplasm","SacredBark"],"picked":"Snecko Eye"}],"items_purged_floors":[],"is_endless":false,"potions_floor_spawned":[7,8,18,25,28],"killed_by":"Book of Stabbing","ascension_level":18}}