{"host":"iyvjjqtjrywxqc57","time":1608645618,"event":{"mods":["AchievementEnabler","BaseMod","Bestiary","Better Altar","Better Match","Better Note","Better Sensory Stone","Better Skull","Better Third Choice","Colored Map","Colored Powertips","Displayed Cursed Tome","Downfall","Jorbs\u0027s Wanderer Trilogy","Minty Spire (QoL Compilation)","Quick Restart","Rare Cards Sparkle","Relic Stats","StSLib"],"gold_per_floor":[119,22,40,140,174,174,194,194,194,204,219,219,232,259,259,362,362,377,377,377,377,392,392,402,421,491,519,18,28,46,76,76,178,178,197,22,42,15,15,15,32,32,32,50,68,68,78,78,78],"floor_reached":48,"playtime":6769,"items_purged":[],"score":510,"play_id":"09f9c486-503a-4bf0-b6d7-68ce05e93b6f","local_time":"20201222080018","is_ascension_mode":false,"campfire_choices":[{"data":"stsjorbsmod:FindFamiliar","floor":6,"key":"SMITH"},{"data":"stsjorbsmod:ChatteringStrike","floor":8,"key":"SMITH"},{"data":"stsjorbsmod:FranticSearch","floor":15,"key":"SMITH"},{"data":"stsjorbsmod:Inferno","floor":23,"key":"SMITH"},{"floor":32,"key":"REST"},{"data":"Apotheosis","floor":40,"key":"SMITH"},{"data":"stsjorbsmod:Feast","floor":42,"key":"SMITH"}],"circlet_count":0,"master_deck":["stsjorbsmod:ForbiddenGrimoire+1","stsjorbsmod:Strike_Wanderer","stsjorbsmod:Strike_Wanderer","stsjorbsmod:Strike_Wanderer","stsjorbsmod:Strike_Wanderer","stsjorbsmod:Defend_Wanderer","stsjorbsmod:Defend_Wanderer","stsjorbsmod:Defend_Wanderer+1","stsjorbsmod:Defend_Wanderer+1","stsjorbsmod:FreshAdventure","stsjorbsmod:EyeOfTheStorm","stsjorbsmod:ChatteringStrike+1","stsjorbsmod:FindFamiliar+1","stsjorbsmod:Hibernate","stsjorbsmod:TrueStrike","stsjorbsmod:LoseGrip","stsjorbsmod:Prestidigitation","stsjorbsmod:FranticSearch+1","stsjorbsmod:DeathThroes+1","Parasite","stsjorbsmod:RayOfFrost","stsjorbsmod:Inferno+1","stsjorbsmod:ArcaneForm","stsjorbsmod:BurningFlask","stsjorbsmod:ChatteringStrike+1","stsjorbsmod:ChainLightning+1","stsjorbsmod:FaerieFire+1","stsjorbsmod:Counterspell","stsjorbsmod:WeightOfMemory","stsjorbsmod:ArcaneWeapon","Apotheosis+1","stsjorbsmod:Prepare+1","stsjorbsmod:Determination","stsjorbsmod:Will","stsjorbsmod:SiphonEnergy","stsjorbsmod:RefuseToForget","stsjorbsmod:Feast+1","stsjorbsmod:WanderingMind","stsjorbsmod:FlameWard+1","stsjorbsmod:ParryingBlow","stsjorbsmod:Index","stsjorbsmod:SmithingStrike"],"relics":["stsjorbsmod:GrimoireRelic","Tiny Chest","Question Card","SlaversCollar","stsjorbsmod:MindGlassRelic","Mercury Hourglass","Centennial Puzzle","Mango","Black Star","Pocketwatch","Thread and Needle"],"acts_visited":["Exordium","TheCity","TheBeyond"],"potions_floor_usage":[14,14,16,18,24,24,33,33,33,45,45,48],"damage_taken":[{"damage":2,"enemies":"Cultist","floor":1,"turns":4},{"damage":0,"enemies":"2 Louse","floor":3,"turns":3},{"damage":5,"enemies":"Small Slimes","floor":5,"turns":4},{"damage":2,"enemies":"3 Louse","floor":7,"turns":3},{"damage":16,"enemies":"Exordium Thugs","floor":10,"turns":6},{"damage":3,"enemies":"Red Slaver","floor":11,"turns":5},{"damage":0,"enemies":"Large Slime","floor":13,"turns":4},{"damage":40,"enemies":"Gremlin Nob","floor":14,"turns":6},{"damage":19,"enemies":"Hexaghost","floor":16,"turns":7},{"damage":30,"enemies":"3 Byrds","floor":18,"turns":5},{"damage":0,"enemies":"Chosen","floor":22,"turns":5},{"damage":22,"enemies":"Snake Plant","floor":24,"turns":5},{"damage":16,"enemies":"3 Cultists","floor":25,"turns":5},{"damage":13,"enemies":"Gremlin Leader","floor":27,"turns":4},{"damage":7,"enemies":"Cultist and Chosen","floor":29,"turns":5},{"damage":6,"enemies":"Shelled Parasite and Fungi","floor":30,"turns":6},{"damage":7,"enemies":"Centurion and Healer","floor":31,"turns":6},{"damage":39,"enemies":"Automaton","floor":33,"turns":7},{"damage":32,"enemies":"3 Darklings","floor":35,"turns":3},{"damage":21,"enemies":"3 Shapes","floor":37,"turns":3},{"damage":11,"enemies":"3 Darklings","floor":41,"turns":3},{"damage":0,"enemies":"Sphere and 2 Shapes","floor":44,"turns":3},{"damage":17,"enemies":"Transient","floor":45,"turns":5},{"damage":25,"enemies":"4 Shapes","floor":47,"turns":2},{"damage":9,"enemies":"Writhing Mass","floor":48,"turns":3}],"seed_played":"6443093518857005100","potions_obtained":[{"floor":1,"key":"Block Potion"},{"floor":7,"key":"sneckomod:MuddlingPotion"},{"floor":11,"key":"Strength Potion"},{"floor":14,"key":"SpeedPotion"},{"floor":18,"key":"FearPotion"},{"floor":22,"key":"SpeedPotion"},{"floor":25,"key":"Strength Potion"},{"floor":29,"key":"BlessingOfTheForge"},{"floor":30,"key":"Dexterity Potion"},{"floor":35,"key":"AttackPotion"},{"floor":47,"key":"Block Potion"}],"is_trial":false,"path_per_floor":["M","$","M","?","M","R","M","R","T","M","M","?","M","E","R","B",null,"M","?","?","T","M","R","M","M","T","E","$","M","M","M","R","B",null,"M","$","M","$","?","R","M","R","T","M","M","T","M","M"],"character_chosen":"WANDERER","items_purchased":["stsjorbsmod:FindFamiliar","stsjorbsmod:Hibernate","Mango","stsjorbsmod:ArcaneWeapon","Apotheosis","stsjorbsmod:Feast","stsjorbsmod:WanderingMind","AttackPotion","stsjorbsmod:ParryingBlow"],"campfire_rested":1,"item_purchase_floors":[2,2,28,28,28,36,36,36,38],"current_hp_per_floor":[74,74,74,74,72,72,72,72,72,60,62,76,76,40,40,21,76,52,52,45,45,49,49,32,21,21,16,30,28,29,30,58,19,94,62,62,42,42,42,42,37,37,37,40,29,29,9,0,0],"gold":78,"neow_bonus":"TEN_PERCENT_HP_BONUS","is_daily":false,"chose_seed":false,"campfire_upgraded":6,"win_rate":0.0,"timestamp":1608645618,"path_taken":["M","$","?","?","M","R","?","R","T","M","M","?","M","E","R","BOSS","M","?","?","?","M","R","M","M","T","E","$","M","M","?","R","BOSS","M","$","M","$","?","R","M","R","T","M","?","?","M","M"],"items_purchased_type":["Card","Card","Relic","Card","Card","Card","Card","Potion","Card"],"build_version":"2020-12-13","purchased_purges":0,"victory":false,"max_hp_per_floor":[74,74,74,74,74,74,74,74,74,74,76,76,76,76,76,76,76,76,76,76,76,76,76,76,76,76,78,92,92,94,94,94,94,94,94,94,94,94,94,94,94,94,94,94,94,94,94,94,94],"relic_stats":{"Centennial Puzzle":[30],"counters":[25,111],"Tiny Chest":2,"Black Star":0,"Question Card":16,"obtain_stats":[{"SlaversCollar":17,"Centennial Puzzle":27,"stsjorbsmod:GrimoireRelic":0,"Tiny Chest":9,"Mango":28,"Thread and Needle":46,"Black Star":34,"stsjorbsmod:MindGlassRelic":21,"Question Card":14,"Mercury Hourglass":26,"Pocketwatch":43},{"SlaversCollar":9,"Centennial Puzzle":14,"stsjorbsmod:GrimoireRelic":0,"Tiny Chest":4,"Mango":14,"Thread and Needle":23,"Black Star":18,"stsjorbsmod:MindGlassRelic":10,"Question Card":8,"Mercury Hourglass":13,"Pocketwatch":21},{"SlaversCollar":42,"Centennial Puzzle":66,"stsjorbsmod:GrimoireRelic":0,"Tiny Chest":14,"Mango":66,"Thread and Needle":106,"Black Star":90,"stsjorbsmod:MindGlassRelic":47,"Question Card":35,"Mercury Hourglass":62,"Pocketwatch":98}],"Mercury Hourglass":[234],"Pocketwatch":[5]},"card_choices":[{"not_picked":["stsjorbsmod:Inferno","stsjorbsmod:Mending"],"picked":"stsjorbsmod:ChatteringStrike","floor":1},{"not_picked":["stsjorbsmod:SchoolsOfMagic","stsjorbsmod:WanderingMind"],"picked":"stsjorbsmod:TrueStrike","floor":3},{"not_picked":["stsjorbsmod:RayOfFrost","stsjorbsmod:Index"],"picked":"stsjorbsmod:LoseGrip","floor":5},{"not_picked":["stsjorbsmod:BlackTentacles","stsjorbsmod:RefuseToForget"],"picked":"stsjorbsmod:Prestidigitation","floor":7},{"not_picked":["stsjorbsmod:OldPocket","stsjorbsmod:FindFamiliar"],"picked":"stsjorbsmod:FranticSearch","floor":10},{"not_picked":["stsjorbsmod:TrueStrike","stsjorbsmod:FranticSearch"],"picked":"stsjorbsmod:DeathThroes","floor":11},{"not_picked":["stsjorbsmod:ParryingBlow","stsjorbsmod:BlackTentacles"],"picked":"stsjorbsmod:RayOfFrost","floor":13},{"not_picked":["stsjorbsmod:DisguiseSelf","stsjorbsmod:Will"],"picked":"stsjorbsmod:Inferno","floor":14},{"not_picked":["stsjorbsmod:Trauma","stsjorbsmod:DeathThroes","stsjorbsmod:Banish"],"picked":"stsjorbsmod:ArcaneForm","floor":16},{"not_picked":["stsjorbsmod:BookOfTongues","stsjorbsmod:LocateObject+1","stsjorbsmod:Index"],"picked":"stsjorbsmod:BurningFlask","floor":18},{"not_picked":["stsjorbsmod:BookOfTongues","stsjorbsmod:FaerieFire","stsjorbsmod:Will"],"picked":"stsjorbsmod:ChainLightning+1","floor":22},{"not_picked":["stsjorbsmod:ParryingBlow+1","stsjorbsmod:LoseGrip","stsjorbsmod:Introspection"],"picked":"stsjorbsmod:FaerieFire+1","floor":24},{"not_picked":["stsjorbsmod:ParryingBlow+1","stsjorbsmod:Prestidigitation","stsjorbsmod:Prepare"],"picked":"stsjorbsmod:Counterspell","floor":25},{"not_picked":["stsjorbsmod:DisguiseSelf","stsjorbsmod:Message","stsjorbsmod:BlackTentacles"],"picked":"stsjorbsmod:WeightOfMemory","floor":27},{"not_picked":["stsjorbsmod:Hibernate","stsjorbsmod:ParryingBlow","stsjorbsmod:ChainLightning"],"picked":"stsjorbsmod:Prepare+1","floor":29},{"not_picked":["stsjorbsmod:ArcaneWeapon","stsjorbsmod:BlackTentacles","stsjorbsmod:Hurt"],"picked":"stsjorbsmod:Determination","floor":30},{"not_picked":["stsjorbsmod:UnseenServant","stsjorbsmod:RayOfFrost","stsjorbsmod:DoubleCheck"],"picked":"stsjorbsmod:Will","floor":31},{"not_picked":["stsjorbsmod:Feast","stsjorbsmod:IvoryTower","stsjorbsmod:Entangle"],"picked":"stsjorbsmod:SiphonEnergy","floor":33},{"not_picked":["stsjorbsmod:ChainLightning+1","stsjorbsmod:Inferno+1","stsjorbsmod:WeightOfMemory+1"],"picked":"stsjorbsmod:RefuseToForget","floor":35},{"not_picked":["stsjorbsmod:MistyStep+1","stsjorbsmod:BurningFlask+1","stsjorbsmod:UnseenServant"],"picked":"stsjorbsmod:FlameWard+1","floor":37},{"not_picked":["stsjorbsmod:MagicMissiles","stsjorbsmod:FindFamiliar","stsjorbsmod:ChainLightning"],"picked":"stsjorbsmod:Index","floor":41},{"not_picked":["stsjorbsmod:Determination","stsjorbsmod:ChainLightning+1","stsjorbsmod:DoubleCheck","stsjorbsmod:SchoolsOfMagic"],"picked":"SKIP","floor":44},{"not_picked":["stsjorbsmod:WanderingMind+1","stsjorbsmod:RayOfFrost","stsjorbsmod:TollTheDead+1"],"picked":"stsjorbsmod:SmithingStrike","floor":45},{"not_picked":["stsjorbsmod:TollTheDead","stsjorbsmod:ChainLightning","stsjorbsmod:WeightOfMemory+1","stsjorbsmod:Prestidigitation+1"],"picked":"SKIP","floor":47}],"player_experience":45313,"relics_obtained":[{"floor":9,"key":"Tiny Chest"},{"floor":14,"key":"Question Card"},{"floor":21,"key":"stsjorbsmod:MindGlassRelic"},{"floor":26,"key":"Mercury Hourglass"},{"floor":27,"key":"Centennial Puzzle"},{"floor":43,"key":"Pocketwatch"},{"floor":46,"key":"Thread and Needle"}],"event_choices":[{"damage_healed":0,"gold_gain":100,"player_choice":"Pray","damage_taken":0,"max_hp_gain":0,"max_hp_loss":0,"event_name":"Golden Shrine","floor":4,"gold_loss":0},{"damage_healed":19,"gold_gain":0,"player_choice":"Healed and dodged fight","damage_taken":0,"max_hp_gain":0,"max_hp_loss":0,"event_name":"Mushrooms","floor":12,"gold_loss":0,"cards_obtained":["Parasite"]},{"damage_healed":0,"gold_gain":0,"player_choice":"Copied","damage_taken":0,"max_hp_gain":0,"max_hp_loss":0,"event_name":"Duplicator","floor":19,"gold_loss":0,"cards_obtained":["stsjorbsmod:ChatteringStrike"]},{"damage_healed":0,"gold_gain":0,"player_choice":"Damaged","damage_taken":7,"max_hp_gain":0,"max_hp_loss":0,"event_name":"Wheel of Change","floor":20,"gold_loss":0},{"damage_healed":0,"gold_gain":0,"player_choice":"Upgraded","damage_taken":0,"max_hp_gain":0,"max_hp_loss":0,"event_name":"Upgrade Shrine","floor":39,"gold_loss":0,"cards_upgraded":["stsjorbsmod:DeathThroes"]}],"is_beta":false,"boss_relics":[{"not_picked":["SacredBark","Runic Pyramid"],"picked":"SlaversCollar"},{"not_picked":["Snecko Eye","Velvet Choker"],"picked":"Black Star"}],"items_purged_floors":[],"is_endless":false,"potions_floor_spawned":[1,7,11,14,18,22,25,29,30,35,47],"killed_by":"Writhing Mass","ascension_level":0}}