{"host":"gj32n68c553yo87c","time":1608667752,"event":{"mods":["BaseMod","Downfall","Minty Spire (QoL Compilation)","Replay The Spire","StSLib","The Hayseed"],"gold_per_floor":[112,130,130,130,55,55,84,84,84,108,128,172,194,204,204,304,304,320,320,320,337,337,337],"floor_reached":22,"playtime":1276,"items_purged":["TheSimpletonMod:Strike_TheSimpleton"],"score":207,"play_id":"311537bc-9c2f-4156-8877-dbb3cc08bb1e","local_time":"20201222120912","is_ascension_mode":false,"campfire_choices":[{"data":"TheSimpletonMod:ReapAndSow","floor":6,"key":"SMITH"},{"data":"TheSimpletonMod:Potatoes","floor":8,"key":"SMITH"},{"floor":15,"key":"REST"}],"circlet_count":0,"master_deck":["TheSimpletonMod:Strike_TheSimpleton","TheSimpletonMod:Strike_TheSimpleton","TheSimpletonMod:Defend_TheSimpleton","TheSimpletonMod:Defend_TheSimpleton","TheSimpletonMod:Defend_TheSimpleton","TheSimpletonMod:Defend_TheSimpleton","TheSimpletonMod:Haymaker","TheSimpletonMod:ReapAndSow+1","TheSimpletonMod:VineRipen","TheSimpletonMod:Potatoes+1","TheSimpletonMod:Corn","TheSimpletonMod:ToughenUp"],"relics":["TheSimpletonMod:SpudOfTheInnocent","TheSimpletonMod:NightSoil","TheSimpletonMod:TheHarvester","NeowsBlessing","Replay:Rubber Ducky","Mirror","Vajra","Letter Opener","Odd Mushroom","Runic Pyramid"],"acts_visited":["Exordium","TheCity"],"potions_floor_usage":[],"damage_taken":[{"damage":0,"enemies":"Small Slimes","floor":1,"turns":1},{"damage":0,"enemies":"Jaw Worm","floor":2,"turns":1},{"damage":0,"enemies":"Gremlin Nob","floor":7,"turns":2},{"damage":0,"enemies":"2 Louse","floor":11,"turns":2},{"damage":25,"enemies":"The Mushroom Lair","floor":13,"turns":5},{"damage":2,"enemies":"2 Fungi Beasts","floor":14,"turns":3},{"damage":61,"enemies":"The Guardian","floor":16,"turns":14},{"damage":1,"enemies":"Spheric Guardian","floor":18,"turns":9},{"damage":40,"enemies":"2 Thieves","floor":21,"turns":4},{"damage":57,"enemies":"3 Cultists","floor":22,"turns":7}],"seed_played":"1844768250913730297","potions_obtained":[{"floor":7,"key":"SmokeBomb"}],"is_trial":false,"path_per_floor":["M","M","?","?","$","R","E","R","T","T","M","?","?","M","R","B",null,"M","?","?","M","M"],"character_chosen":"THE_SIMPLETON","items_purchased":[],"campfire_rested":1,"item_purchase_floors":[],"current_hp_per_floor":[75,75,80,80,80,80,80,80,80,80,80,60,39,37,61,4,80,79,79,79,43,0,0],"gold":337,"neow_bonus":"THREE_ENEMY_KILL","is_daily":false,"chose_seed":false,"campfire_upgraded":2,"win_rate":0.0,"timestamp":1608667752,"path_taken":["M","M","?","?","$","R","E","R","T","?","?","?","?","?","R","BOSS","M","?","?","M","M"],"items_purchased_type":[],"build_version":"2020-12-13","purchased_purges":1,"victory":false,"max_hp_per_floor":[75,75,80,80,80,80,80,80,80,80,80,80,80,80,80,80,80,80,80,80,80,80,80],"card_choices":[{"not_picked":["TheSimpletonMod:Potatoes","TheSimpletonMod:DoubleBarrel"],"picked":"TheSimpletonMod:VineRipen","floor":1},{"not_picked":["TheSimpletonMod:SpiceUp","TheSimpletonMod:GoToMarket"],"picked":"TheSimpletonMod:Potatoes","floor":2},{"not_picked":["TheSimpletonMod:OnionBloom","TheSimpletonMod:ControlledBurn","TheSimpletonMod:Surplus"],"picked":"SKIP","floor":7},{"not_picked":["TheSimpletonMod:SaladShooter","TheSimpletonMod:Swelter","TheSimpletonMod:Thresh"],"picked":"SKIP","floor":11},{"not_picked":["TheSimpletonMod:Potatoes","TheSimpletonMod:SlashAndBurn"],"picked":"TheSimpletonMod:Corn","floor":12},{"not_picked":["TheSimpletonMod:SeedCoat","TheSimpletonMod:Fertilaser","TheSimpletonMod:Pruning"],"picked":"SKIP","floor":14},{"not_picked":["TheSimpletonMod:SpiceUp","TheSimpletonMod:Corn"],"picked":"TheSimpletonMod:ToughenUp","floor":18},{"not_picked":["TheSimpletonMod:DoubleBarrel","TheSimpletonMod:CloseScrape","TheSimpletonMod:CullingStrike+1"],"picked":"SKIP","floor":21}],"player_experience":37161,"relics_obtained":[{"floor":7,"key":"Replay:Rubber Ducky"},{"floor":9,"key":"Mirror"},{"floor":10,"key":"Vajra"},{"floor":12,"key":"Letter Opener"},{"floor":13,"key":"Odd Mushroom"}],"event_choices":[{"damage_healed":0,"gold_gain":0,"player_choice":"Donut","damage_taken":0,"max_hp_gain":5,"max_hp_loss":0,"event_name":"Big Fish","floor":3,"gold_loss":0},{"damage_healed":0,"gold_gain":0,"player_choice":"Fought Mushrooms","damage_taken":0,"max_hp_gain":0,"max_hp_loss":0,"event_name":"Mushrooms","floor":13,"gold_loss":0},{"damage_healed":0,"gold_gain":0,"player_choice":"Ignored","damage_taken":0,"max_hp_gain":0,"max_hp_loss":0,"event_name":"Cursed Tome","floor":19,"gold_loss":0},{"damage_healed":0,"gold_gain":0,"player_choice":"Ignored","damage_taken":0,"max_hp_gain":0,"max_hp_loss":0,"event_name":"Ghosts","floor":20,"gold_loss":0}],"is_beta":false,"boss_relics":[{"not_picked":["Replay:Bronze Core","Velvet Choker"],"picked":"Runic Pyramid"}],"items_purged_floors":[5],"is_endless":false,"potions_floor_spawned":[7],"killed_by":"3 Cultists","ascension_level":0}}