{"host":"ve1tu2pxpq596wfw","time":1608606419,"event":{"mods":["BaseMod","Highlight Path","Infinite Spire","Minty Spire (QoL Compilation)","Random Character Button","Shop Mod","StSLib","The Blue Laboratory","The Jungle","Wandering Minibosses"],"gold_per_floor":[144,189,189,284,329,419,764,809,809,904,954,999,1044,1089,1089,1389,1389,1434,1479,162,207,252,252,342,342,367,417,507,602,647,157,157,457,457,502,112,312,362,437,527,572,572,572,617,712,802,927,972,972,972],"floor_reached":51,"playtime":6243,"items_purged":["Limit Break"],"score":1032,"play_id":"9a5500cc-ac6d-4709-92ce-88b1d4c830ce","local_time":"20201222030659","daily_mods":["Shiny","Vintage","Midas"],"is_ascension_mode":false,"campfire_choices":[{"floor":15.0,"key":"REST"},{"floor":23.0,"key":"DIG"},{"floor":25.0,"key":"DIG"},{"floor":32.0,"key":"DIG"},{"floor":42,"key":"REST"},{"floor":42,"key":"DIG"},{"floor":49,"key":"REST"},{"floor":49,"key":"DIG"}],"circlet_count":0,"master_deck":["Double Tap+1","Demon Form","Fiend Fire+1","Berserk","Impervious+1","Brutality","Exhume","Offering","Bludgeon","Corruption","Barricade","Reaper","Immolate","Power Through+1","Limit Break+1","Shrug It Off+1","Armaments+1","Havoc+1","Warcry+1","Warcry+1","Berserk","Inflame","Entrench+1","Dual Wield+1","Impervious+1"],"relics":["Burning Blood","Toxic Egg 2","Regal Pillow","SsserpentHead","Omamori","Tiny Chest","Anchor","Ice Cream","Ancient Tea Set","Orichalcum","infinitespire:Lucky Rock","Fusion Hammer","The Courier","wanderingMiniBosses:AbyssPearl","infinitespire:CheckeredPen","Sling","Lizard Tail","MerchantsRug","Art of War","Bag of Preparation","Vajra","Shovel","Nunchaku","Strawberry","infinitespire:Eraser","Toy Ornithopter","Mummified Hand","Blood Vial","Bottled Flame","Bag of Marbles","Shuriken","Bronze Scales","Toolbox","MealTicket","Ginger","Smiling Mask","Mark of Pain","Pocketwatch","Strange Spoon","PreservedInsect","infinitespire:PuzzleCube","infinitespire:Magic Flask","Lantern","Boot","Dream Catcher","Mercury Hourglass","Self Forming Clay","infinitespire:BottledMercury","Centennial Puzzle","infinitespire:Satchel","Sundial","Oddly Smooth Stone","Blue Candle"],"acts_visited":["Exordium","TheCity","TheBeyond"],"potions_floor_usage":[45,50],"damage_taken":[{"damage":11.0,"enemies":"Jaw Worm","floor":1.0,"turns":3.0},{"damage":6.0,"enemies":"Cultist","floor":2.0,"turns":2.0},{"damage":1.0,"enemies":"2 Louse","floor":4.0,"turns":3.0},{"damage":23.0,"enemies":"Exordium Thugs","floor":5.0,"turns":5.0},{"damage":0.0,"enemies":"3 Sentries","floor":6.0,"turns":1.0},{"damage":10.0,"enemies":"Looter","floor":7.0,"turns":2.0},{"damage":15.0,"enemies":"2 Fungi Beasts","floor":8.0,"turns":5.0},{"damage":0.0,"enemies":"3 Louse","floor":10.0,"turns":1.0},{"damage":0.0,"enemies":"Red Slaver","floor":12.0,"turns":2.0},{"damage":21.0,"enemies":"Exordium Thugs","floor":13.0,"turns":6.0},{"damage":6.0,"enemies":"Looter","floor":14.0,"turns":2.0},{"damage":23.0,"enemies":"Slime Boss","floor":16.0,"turns":6.0},{"damage":30.0,"enemies":"2 Thieves","floor":18.0,"turns":7.0},{"damage":0.0,"enemies":"Spheric Guardian","floor":19.0,"turns":2.0},{"damage":4.0,"enemies":"Cultist and Chosen","floor":21.0,"turns":7.0},{"damage":0.0,"enemies":"Snake Plant","floor":22.0,"turns":3.0},{"damage":23.0,"enemies":"Book of Stabbing","floor":24.0,"turns":5.0},{"damage":12.0,"enemies":"Slavers","floor":28.0,"turns":2.0},{"damage":14.0,"enemies":"Shelled Parasite and Fungi","floor":29.0,"turns":2.0},{"damage":10.0,"enemies":"Sentry and Sphere","floor":30.0,"turns":3.0},{"damage":10.0,"enemies":"Champ","floor":33.0,"turns":6.0},{"damage":2,"enemies":"3 Shapes","floor":35,"turns":3},{"damage":3,"enemies":"Mind Bloom Boss Battle","floor":37,"turns":4},{"damage":0,"enemies":"Nemesis","floor":40,"turns":1},{"damage":1,"enemies":"Orb Walker","floor":41,"turns":2},{"damage":1,"enemies":"Sphere and 2 Shapes","floor":44,"turns":2},{"damage":6,"enemies":"Writhing Mass","floor":45,"turns":4},{"damage":6,"enemies":"Giant Head","floor":46,"turns":3},{"damage":5,"enemies":"4 Shapes","floor":48,"turns":2},{"damage":14,"enemies":"infinitespire:MassOfShapes","floor":50,"turns":4}],"seed_played":"7329645460642280970","potions_obtained":[{"floor":1.0,"key":"Explosive Potion"},{"floor":2.0,"key":"SkillPotion"},{"floor":5.0,"key":"blueLaboratory:AbyssPotion"},{"floor":7.0,"key":"blueLaboratory:HeartbeatPotion"},{"floor":8.0,"key":"blueLaboratory:LouseDecoction"},{"floor":16.0,"key":"Regen Potion"},{"floor":19.0,"key":"PowerPotion"},{"floor":21.0,"key":"blueLaboratory:HummingbirdPotion"},{"floor":24.0,"key":"blueLaboratory:ArtificerPotion"},{"floor":28.0,"key":"blueLaboratory:FrostheartPotion"},{"floor":29.0,"key":"Strength Potion"},{"floor":35,"key":"blueLaboratory:EmptyBottle"},{"floor":41,"key":"DuplicationPotion"},{"floor":46,"key":"ColorlessPotion"}],"is_trial":false,"path_per_floor":["M","M","?","M","M","E","M","M","T","M","?","M","M","M","R","B",null,"M","M","$","M","M","R","E","R","T","T","E","M","M","$","R","B",null,"M","$","?","?","T","E","M","R","T","M","M","E","T","M","R","B",null],"character_chosen":"IRONCLAD","items_purchased":["Sling","Lizard Tail","MerchantsRug","Art of War","Bag of Preparation","Vajra","Shovel","Nunchaku","Strawberry","Shrug It Off+1","Armaments+1","Havoc+1","Bronze Scales","Toolbox","MealTicket","Ginger","Strange Spoon","Inflame","PreservedInsect","infinitespire:PuzzleCube"],"campfire_rested":3,"item_purchase_floors":[20,20,20,20,20,20,20,20,20,20,20,20,31,31,31,31,36,36,36,36],"current_hp_per_floor":[75,75,75,80,71,77,73,64,64,70,70,76,75,79,80,80,80,63,69,76,88,90,90,73,73,73,73,88,82,80,80,80,94,94,94,94,94,94,94,94,94,94,94,94,94,94,94,94,94,92],"gold":972,"neow_bonus":"","is_daily":true,"chose_seed":false,"campfire_upgraded":0,"win_rate":0.0,"timestamp":1608606419,"path_taken":["M","M","?","?","M","E","M","M","T","?","?","M","M","M","R","BOSS","M","M","?","M","M","R","E","R","T","?","E","?","M","$","R","BOSS","M","$","?","?","?","E","M","R","T","M","?","E","?","M","R","BOSS"],"items_purchased_type":["Relic","Relic","Relic","Relic","Relic","Relic","Relic","Relic","Relic","Card","Card","Card","Relic","Relic","Relic","Relic","Relic","Card","Relic","Relic"],"build_version":"2020-12-13","purchased_purges":1,"victory":true,"max_hp_per_floor":[80,80,80,80,80,80,80,80,80,80,80,80,80,80,80,80,80,83,83,90,90,90,90,90,90,90,90,94,94,94,94,94,94,94,94,94,94,94,94,94,94,94,94,94,94,94,94,94,94,94],"card_choices":[{"not_picked":["Iron Wave","infinitespire:OneForAll"],"picked":"Power Through+1","floor":6.0},{"not_picked":["Corruption","Brutality"],"picked":"Limit Break+1","floor":16.0},{"not_picked":["Armaments+1","Impervious+1"],"picked":"Warcry+1","floor":24.0},{"not_picked":["Dual Wield+1","Cleave+1","Headbutt"],"picked":"Warcry+1","floor":28.0},{"not_picked":["Juggernaut","Corruption"],"picked":"Berserk","floor":33.0},{"not_picked":["Sentinel+1","Shockwave+1"],"picked":"Entrench+1","floor":37},{"not_picked":["Disarm+1","Cleave","Havoc+1"],"picked":"SKIP","floor":40},{"not_picked":["Armaments+1","Thunderclap"],"picked":"Dual Wield+1","floor":42},{"not_picked":["Searing Blow+1","infinitespire:OneForAll+1"],"picked":"Impervious+1","floor":46}],"player_experience":200310,"relics_obtained":[{"floor":1.0,"key":"Toxic Egg 2"},{"floor":2.0,"key":"Regal Pillow"},{"floor":4.0,"key":"Omamori"},{"floor":5.0,"key":"StrikeDummy"},{"floor":6.0,"key":"War Paint"},{"floor":7.0,"key":"Old Coin"},{"floor":8.0,"key":"Tiny Chest"},{"floor":9.0,"key":"Anchor"},{"floor":10.0,"key":"Ice Cream"},{"floor":12.0,"key":"Ancient Tea Set"},{"floor":13.0,"key":"Orichalcum"},{"floor":14.0,"key":"infinitespire:Lucky Rock"},{"floor":18.0,"key":"The Courier"},{"floor":18.0,"key":"wanderingMiniBosses:AbyssPearl"},{"floor":19.0,"key":"infinitespire:CheckeredPen"},{"floor":21.0,"key":"infinitespire:Eraser"},{"floor":22.0,"key":"Toy Ornithopter"},{"floor":23.0,"key":"Mummified Hand"},{"floor":24.0,"key":"Question Card"},{"floor":25.0,"key":"Whetstone"},{"floor":26.0,"key":"Blood Vial"},{"floor":27.0,"key":"Bottled Flame"},{"floor":28.0,"key":"Bag of Marbles"},{"floor":29.0,"key":"Shuriken"},{"floor":30.0,"key":"CeramicFish"},{"floor":32.0,"key":"Smiling Mask"},{"floor":35,"key":"Pocketwatch"},{"floor":37,"key":"infinitespire:Magic Flask"},{"floor":39,"key":"Lantern"},{"floor":40,"key":"Boot"},{"floor":41,"key":"Dream Catcher"},{"floor":42,"key":"Mercury Hourglass"},{"floor":43,"key":"Self Forming Clay"},{"floor":44,"key":"infinitespire:BottledMercury"},{"floor":45,"key":"Centennial Puzzle"},{"floor":46,"key":"infinitespire:Satchel"},{"floor":47,"key":"Sundial"},{"floor":48,"key":"Oddly Smooth Stone"},{"floor":49,"key":"Blue Candle"}],"event_choices":[{"damage_healed":0.0,"max_hp_gain":0.0,"max_hp_loss":0.0,"gold_gain":0.0,"event_name":"FaceTrader","player_choice":"Trade","floor":3.0,"gold_loss":0.0,"damage_taken":0.0,"relics_obtained":["SsserpentHead"]},{"cards_removed":["Juggernaut"],"damage_healed":0.0,"max_hp_gain":0.0,"max_hp_loss":0.0,"gold_gain":0.0,"event_name":"Purifier","player_choice":"Purged","floor":11.0,"gold_loss":0.0,"damage_taken":0.0},{"damage_healed":0,"gold_gain":0,"player_choice":"Fight","damage_taken":0,"max_hp_gain":0,"max_hp_loss":0,"event_name":"MindBloom","floor":37,"gold_loss":0},{"cards_removed":["Feed"],"damage_healed":0,"gold_gain":0,"player_choice":"Removed Attack","damage_taken":0,"max_hp_gain":0,"max_hp_loss":0,"event_name":"Falling","floor":38,"gold_loss":0}],"is_beta":false,"boss_relics":[{"not_picked":["Busted Crown","Astrolabe"],"picked":"Fusion Hammer"},{"not_picked":["Velvet Choker","Tiny House"],"picked":"Mark of Pain"}],"items_purged_floors":[20],"is_endless":false,"potions_floor_spawned":[1,2,5,7,8,16,19,21,24,28,29,35,41,46],"ascension_level":0}}