{"host":"kgn6pirtmnazmm9y","time":1608637411,"event":{"mods":["AchievementEnabler","Act Like it!","Bard","BaseMod","Better Match","Better Note","Better Sensory Stone","Better Skull","Better Third Choice","Colored Powertips","Conspire","Downfall","Friendly Minions","Gensokyo","Hallownest","Highlight Path","Hubris","Infinite Spire","Jorbs\u0027s Wanderer Trilogy","Marisa????????","Minty Spire (QoL Compilation)","READ ME - Guardian Mod","Replay The Spire","Say the Spire","Spicy Shops","StSLib","The Blackbeard","The Bug Knight","The Construct","The Cursed","The Disciple","The Jungle","The Mystic","The Servant 0.9.4"],"gold_per_floor":[99,116,40,40,40,384,431,451,376,396,1,18,47,47,66,192,192,192,223,333,4,23,51,51,89,89,111,146,181,106,154,195,315,315,315,340,340,448,477,520,543,602,632,632,668,668],"floor_reached":45,"playtime":8694,"items_purged":["stsjorbsmod:Defend_Wanderer"],"score":696,"play_id":"3e0ef011-0a4c-4377-9643-07d715950911","local_time":"20201222134331","is_ascension_mode":false,"campfire_choices":[{"floor":1,"key":"RECALL"},{"floor":9,"key":"REST"},{"data":"stsjorbsmod:SiphonEnergy","floor":18,"key":"SMITH"},{"floor":30,"key":"REST"},{"data":"Apotheosis","floor":35,"key":"SMITH"},{"floor":44,"key":"REST"}],"circlet_count":0,"master_deck":["stsjorbsmod:ForbiddenGrimoire+1","stsjorbsmod:Strike_Wanderer","stsjorbsmod:Strike_Wanderer","stsjorbsmod:Strike_Wanderer","stsjorbsmod:Strike_Wanderer","stsjorbsmod:Defend_Wanderer","stsjorbsmod:Defend_Wanderer","stsjorbsmod:Defend_Wanderer","stsjorbsmod:FreshAdventure","stsjorbsmod:EyeOfTheStorm","stsjorbsmod:RefuseToForget","stsjorbsmod:Inferno","stsjorbsmod:AnimateObjects","stsjorbsmod:FracturedMind","stsjorbsmod:ScorchingRay","stsjorbsmod:UnseenServant","ReplayTheSpireMod:Chaos Vortex","stsjorbsmod:FaerieFire","stsjorbsmod:Mania","Master of Strategy","stsjorbsmod:PurgeMind","stsjorbsmod:MirrorImage","stsjorbsmod:AnimateObjects","stsjorbsmod:MagicMissiles","stsjorbsmod:Fireball","stsjorbsmod:Withering","stsjorbsmod:CULLCard","stsjorbsmod:SiphonEnergy+1","Specialist","infinitespire:Menacing","stsjorbsmod:Mania+1","Apotheosis+1","Pot Of Greed","Pot Of Greed","Pot Of Greed","stsjorbsmod:ArcaneForm","stsjorbsmod:RayOfFrost","stsjorbsmod:ChainLightning","stsjorbsmod:IvoryTower","Pot Of Greed","stsjorbsmod:ParryingBlow","stsjorbsmod:MageArmor+1","stsjorbsmod:Introspection+1","stsjorbsmod:FlameWard+1","stsjorbsmod:CorrodingBarrier","stsjorbsmod:Aid+1","expansioncontent:ChargeUp","Crow Ritual","stsjorbsmod:Mending","stsjorbsmod:FlameWard+1","stsjorbsmod:Channel","stsjorbsmod:Determination","Pot Of Greed"],"relics":["stsjorbsmod:GrimoireRelic","NeowsBlessing","hubris:HerbalPaste","ClockworkSouvenir","MealTicket","downfall:HeartBlessingRed","Replay:Bandana","Gensokyo:YoukaiFlower","ReplayTheSpireMod:SealedPack","downfall:GremlinWheel","Grinning Jar","conspire:DeflatedDodgeball","downfall:HeartBlessingBlue","construct:ClawGrip","infinitespire:Beetle Shell","Pet Ghost","White Beast Statue"],"acts_visited":["Gensokyo:Gensokyo","Gensokyo:Gensokyo","TheBeyond"],"potions_floor_usage":[16,16,20,27,29,33,33,33,40,42,43],"damage_taken":[{"damage":0,"enemies":"Gensokyo:3_Fairies","floor":2,"turns":1},{"damage":0,"enemies":"downfall:FleeingMerchant","floor":3,"turns":1},{"damage":0,"enemies":"Gensokyo:Python","floor":8,"turns":1},{"damage":6,"enemies":"Gensokyo:Gryphon","floor":10,"turns":3},{"damage":2,"enemies":"Gensokyo:VengefulSpirit","floor":12,"turns":3},{"damage":0,"enemies":"Gensokyo:Aya","floor":13,"turns":3},{"damage":16,"enemies":"Gensokyo:3_Kodama","floor":15,"turns":7},{"damage":3,"enemies":"downfall:Watcher","floor":16,"turns":3},{"damage":13,"enemies":"theJungle:MUSHROOMGANG","floor":19,"turns":2},{"damage":9,"enemies":"theJungle:MUSHROOMGANG","floor":20,"turns":3},{"damage":10,"enemies":"Shell Parasite","floor":22,"turns":5},{"damage":13,"enemies":"Snake Plant","floor":23,"turns":4},{"damage":25,"enemies":"theJungle:2_Flameangoes","floor":25,"turns":4},{"damage":18,"enemies":"theJungle:JungleHuntersEncounter","floor":27,"turns":5},{"damage":6,"enemies":"theJungle:Snecko_Cultist_And_Trap","floor":28,"turns":4},{"damage":30,"enemies":"theJungle:2_Flameangoes","floor":29,"turns":3},{"damage":4,"enemies":"theJungle:JungleHuntersEncounter","floor":31,"turns":3},{"damage":0,"enemies":"theJungle:2_Snecko_Cultists","floor":32,"turns":2},{"damage":6,"enemies":"downfall:Ironclad","floor":33,"turns":6},{"damage":37,"enemies":"3 Darklings","floor":36,"turns":5},{"damage":6,"enemies":"3 Shapes","floor":39,"turns":4},{"damage":6,"enemies":"Maw","floor":40,"turns":4},{"damage":36,"enemies":"conspire:MimicChest","floor":42,"turns":4},{"damage":15,"enemies":"Jaw Worm Horde","floor":43,"turns":4},{"damage":30,"enemies":"infinitespire:Three Voidlings","floor":45,"turns":4},{"damage":41,"enemies":"Nightmare_Alpha","floor":45,"turns":11}],"seed_played":"5853135331734426627","potions_obtained":[{"floor":12,"key":"Adrenaline Potion"},{"floor":13,"key":"Adrenaline Potion"},{"floor":16,"key":"sneckomod:MuddlingPotion"},{"floor":25,"key":"SpeedPotion"},{"floor":27,"key":"SteroidPotion"},{"floor":29,"key":"PowerPotion"},{"floor":31,"key":"BlessingOfTheForge"},{"floor":32,"key":"Cursed Concoction"},{"floor":36,"key":"infinitespire:BlackPotion"},{"floor":40,"key":"Block Potion"},{"floor":42,"key":"Weak Potion"}],"is_trial":false,"path_per_floor":["R","M","$","?","?","?","T","M","R","M","$","M","E","?","M","B",null,"R","M","?","$","M","M","T","M","T","M","M","M","R","M","M","B",null,"R","M","?","?","M","M","T","?","M","R","?"],"character_chosen":"WANDERER","items_purchased":["hubris:HerbalPaste","stsjorbsmod:Hurt+1","stsjorbsmod:AnimateObjects","stsjorbsmod:FracturedMind","ClockworkSouvenir","Master of Strategy","stsjorbsmod:PurgeMind","Apotheosis","Grinning Jar"],"campfire_rested":3,"item_purchase_floors":[3,3,3,3,3,11,11,21,21],"current_hp_per_floor":[68,68,68,68,51,29,29,29,49,49,64,68,68,68,53,56,68,68,57,54,68,59,53,53,34,34,22,26,1,34,35,38,42,78,78,45,45,38,48,48,48,18,10,35,0,0],"gold":668,"neow_bonus":"THREE_ENEMY_KILL","is_daily":false,"chose_seed":false,"campfire_upgraded":2,"win_rate":0.0,"timestamp":1608637411,"path_taken":["R","M","$","?","?","?","T","?","R","M","?","M","E","?","M","BOSS","R","M","?","$","?","M","T","?","?","?","?","M","R","M","M","BOSS","R","M","?","?","?","?","T","?","M","R","?"],"items_purchased_type":["Relic","Card","Card","Card","Relic","Card","Card","Card","Relic"],"build_version":"2020-12-13","purchased_purges":1,"victory":false,"max_hp_per_floor":[68,68,68,68,68,68,68,68,68,68,68,68,68,68,68,68,68,68,68,68,68,68,68,68,68,68,68,68,68,78,78,78,78,78,78,78,78,78,84,84,84,84,84,84,86,86],"card_choices":[{"not_picked":["stsjorbsmod:ScorchingRay","stsjorbsmod:Hurt"],"picked":"stsjorbsmod:RefuseToForget","floor":2},{"not_picked":["stsjorbsmod:HedgeWizard","stsjorbsmod:WeightOfMemory"],"picked":"stsjorbsmod:Inferno","floor":3},{"not_picked":["stsjorbsmod:ChatteringStrike","stsjorbsmod:RayOfFrost"],"picked":"stsjorbsmod:ScorchingRay","floor":4},{"not_picked":["stsjorbsmod:Channel","stsjorbsmod:DoubleCheck"],"picked":"stsjorbsmod:UnseenServant","floor":4},{"not_picked":["infinitespire:Gouge","infinitespire:SealOfDarkness+"],"picked":"ReplayTheSpireMod:Chaos Vortex","floor":5},{"not_picked":["stsjorbsmod:Firebolt","stsjorbsmod:Prepare"],"picked":"stsjorbsmod:FaerieFire","floor":8},{"not_picked":["stsjorbsmod:FranticSearch","stsjorbsmod:BurningFlask"],"picked":"stsjorbsmod:Mania","floor":10},{"not_picked":["stsjorbsmod:OldPocket","stsjorbsmod:RefuseToForget"],"picked":"stsjorbsmod:MirrorImage","floor":12},{"not_picked":["stsjorbsmod:FracturedMind","stsjorbsmod:TrueStrike"],"picked":"stsjorbsmod:AnimateObjects","floor":13},{"not_picked":["stsjorbsmod:Channel","stsjorbsmod:DoubleCheck"],"picked":"stsjorbsmod:MagicMissiles","floor":15},{"not_picked":["stsjorbsmod:HoldMonster","stsjorbsmod:ArcaneForm"],"picked":"stsjorbsmod:Fireball","floor":16},{"not_picked":["Dualcast","hubris:MerchantsHand"],"picked":"stsjorbsmod:CULLCard","floor":17},{"not_picked":["stsjorbsmod:PurgeMind","stsjorbsmod:IvoryTower"],"picked":"stsjorbsmod:SiphonEnergy","floor":17},{"not_picked":["hubris:Ssssneak","Replay:SS_hec_4"],"picked":"Specialist","floor":17},{"not_picked":["ReplayTheSpireMod:Echoes of Time","Replay:Fractal Strike"],"picked":"infinitespire:Menacing","floor":17},{"not_picked":["stsjorbsmod:OldPocket","stsjorbsmod:MagicMissiles"],"picked":"stsjorbsmod:Mania+1","floor":19},{"not_picked":["stsjorbsmod:Introspection+1","stsjorbsmod:MagicMissiles+1"],"picked":"stsjorbsmod:ArcaneForm","floor":22},{"not_picked":["stsjorbsmod:Materialize","stsjorbsmod:TrueStrike"],"picked":"stsjorbsmod:RayOfFrost","floor":23},{"not_picked":["stsjorbsmod:SmithingStrike","stsjorbsmod:FaerieFire"],"picked":"stsjorbsmod:ChainLightning","floor":25},{"not_picked":["stsjorbsmod:Hurt","stsjorbsmod:Firebolt"],"picked":"stsjorbsmod:IvoryTower","floor":27},{"not_picked":["stsjorbsmod:Will","stsjorbsmod:ChainLightning"],"picked":"stsjorbsmod:ParryingBlow","floor":28},{"not_picked":["stsjorbsmod:Hibernate","stsjorbsmod:FracturedMind+1"],"picked":"stsjorbsmod:MageArmor+1","floor":29},{"not_picked":["stsjorbsmod:Materialize","stsjorbsmod:WanderingMind"],"picked":"stsjorbsmod:Introspection+1","floor":31},{"not_picked":["stsjorbsmod:Inferno","stsjorbsmod:Mindworm+1"],"picked":"stsjorbsmod:FlameWard+1","floor":32},{"not_picked":["stsjorbsmod:Fear","stsjorbsmod:Entangle"],"picked":"stsjorbsmod:CorrodingBarrier","floor":33},{"not_picked":["stsjorbsmod:ChainLightning+1","stsjorbsmod:UnseenServant"],"picked":"stsjorbsmod:Aid+1","floor":36},{"not_picked":["expansioncontent:DefensiveMode","Replay:Sssssssssshield"],"picked":"expansioncontent:ChargeUp","floor":37},{"not_picked":["expansioncontent:DecasProtection","conspire:Banana"],"picked":"Crow Ritual","floor":37},{"not_picked":["stsjorbsmod:RefuseToForget","stsjorbsmod:TollTheDead"],"picked":"stsjorbsmod:Mending","floor":39},{"not_picked":["stsjorbsmod:UnseenServant+1","stsjorbsmod:Introspection"],"picked":"stsjorbsmod:FlameWard+1","floor":40},{"not_picked":["stsjorbsmod:Hibernate","stsjorbsmod:Materialize"],"picked":"stsjorbsmod:Channel","floor":42},{"not_picked":["stsjorbsmod:Hurt+1","stsjorbsmod:Mania"],"picked":"stsjorbsmod:Determination","floor":43}],"player_experience":2522,"relics_obtained":[{"floor":7,"key":"MealTicket"},{"floor":13,"key":"Replay:Bandana"},{"floor":20,"key":"downfall:GremlinWheel"},{"floor":26,"key":"conspire:DeflatedDodgeball"},{"floor":41,"key":"infinitespire:Beetle Shell"},{"floor":42,"key":"Pet Ghost"},{"floor":44,"key":"White Beast Statue"}],"event_choices":[{"damage_healed":0,"gold_gain":344,"player_choice":"GO GO GO ","damage_taken":25,"relics_obtained":[],"max_hp_gain":0,"max_hp_loss":0,"event_name":"betterSkull:BetterSkull","floor":6,"gold_loss":0,"cards_upgraded":[]},{"damage_healed":0,"gold_gain":3,"player_choice":"1","damage_taken":0,"max_hp_gain":0,"max_hp_loss":0,"event_name":"betterStone:BetterStone","floor":37,"gold_loss":0},{"damage_healed":0,"gold_gain":108,"player_choice":"GO ","damage_taken":8,"relics_obtained":[],"max_hp_gain":0,"max_hp_loss":0,"event_name":"betterSkull:BetterSkull","floor":38,"gold_loss":0,"cards_upgraded":[]},{"damage_healed":0,"gold_gain":0,"player_choice":"Relic","damage_taken":0,"max_hp_gain":0,"max_hp_loss":0,"event_name":"Wheel of Change","floor":44,"gold_loss":0}],"is_beta":false,"boss_relics":[{"not_picked":["Painkiller Herb","hubris:Backtick"],"picked":"ReplayTheSpireMod:SealedPack"},{"not_picked":["Runic Dome","Black Star"],"picked":"construct:ClawGrip"}],"items_purged_floors":[11],"is_endless":false,"potions_floor_spawned":[12,13,16,25,27,29,31,32,36,40,42,45],"killed_by":"Nightmare_Alpha","ascension_level":0}}