{"host":"xhamcave7q47vrco","time":1608628438,"event":{"mods":["ATMod(°¢èªMod)","AchievementEnabler","BaseMod","BetterRewards","Colored Powertips","Minty Spire (QoL Compilation)","Permanent Neow","Quick Restart","Remove Card Discount Mod","StSLib","¡¾ÒÅÎï¿¨ÅÆ¡¿REMEMod"],"gold_per_floor":[369,381,49,49,49,49,74,74,74,92,110,123,149,163,163,260,260,271,281,297,312,411,437,437,465,544,544,544,578,596,607,607,712,712,723,770,790,840,840,871,884,884,884,447,464,464,491,172,172,172,172,172,170,195,195],"floor_reached":56,"playtime":2868,"items_purged":["Strike_R","Defend_R","Strike_R","Defend_R","Defend_R","Defend_R","Strike_R","Strike_R","Strike_R","Thinking Ahead","Clash+1","REME_SingleHolding+1"],"score":1527,"play_id":"8fd86e3d-d5ca-4022-9e5d-7256ff46a2d1","local_time":"20201222171358","is_ascension_mode":true,"campfire_choices":[{"data":"Berserk","floor":6.0,"key":"SMITH"},{"data":"Limit Break","floor":15.0,"key":"SMITH"},{"data":"AT_CaressingTears","floor":24.0,"key":"SMITH"},{"data":"AT_IchimonjiDouble","floor":27.0,"key":"SMITH"},{"floor":32,"key":"RECALL"},{"data":"REME_ACTH","floor":42,"key":"SMITH"},{"data":"Spot Weakness","floor":49,"key":"SMITH"},{"data":"Spot Weakness","floor":52,"key":"SMITH"}],"circlet_count":0,"master_deck":["AT_CaressingTears+1","Limit Break+1","AT_IchimonjiDouble+1","Spot Weakness+1","Berserk+1","REME_ACTH+1","Heavy Blade+1","Brutality+1","Heavy Blade+1","Spot Weakness+1","Whirlwind+1","Pummel+1"],"relics":["Burning Blood","REME_ComplimentaryCards","AT_ATBox","AT_BellDemon","AT_ImmortalShieldbow","Molten Egg 2","Odd Mushroom","Mark of Pain","AT_LudenTempest","Boot","Runic Pyramid","Girya","Ice Cream","Mercury Hourglass","AT_TimeSand","AT_SunfireAegis","Whetstone","Shuriken","Mango"],"acts_visited":["Exordium","TheCity","TheBeyond","TheEnding"],"potions_floor_usage":[30,54],"damage_taken":[{"damage":1.0,"enemies":"Cultist","floor":1.0,"turns":3.0},{"damage":13.0,"enemies":"2 Louse","floor":2.0,"turns":3.0},{"damage":23.0,"enemies":"Gremlin Nob","floor":7.0,"turns":4.0},{"damage":18.0,"enemies":"Jaw Worm","floor":10.0,"turns":2.0},{"damage":18.0,"enemies":"Large Slime","floor":11.0,"turns":4.0},{"damage":16.0,"enemies":"Exordium Thugs","floor":12.0,"turns":3.0},{"damage":11.0,"enemies":"The Mushroom Lair","floor":13.0,"turns":4.0},{"damage":23.0,"enemies":"3 Louse","floor":14.0,"turns":3.0},{"damage":25.0,"enemies":"The Guardian","floor":16.0,"turns":6.0},{"damage":12.0,"enemies":"Chosen","floor":18.0,"turns":2.0},{"damage":1.0,"enemies":"Spheric Guardian","floor":19.0,"turns":3.0},{"damage":21.0,"enemies":"Snake Plant","floor":20.0,"turns":4.0},{"damage":36.0,"enemies":"Shelled Parasite and Fungi","floor":21.0,"turns":3.0},{"damage":31.0,"enemies":"Slavers","floor":23.0,"turns":4.0},{"damage":2.0,"enemies":"Gremlin Leader","floor":25.0,"turns":4.0},{"damage":23.0,"enemies":"REME_1_Revenger","floor":29.0,"turns":3.0},{"damage":11,"enemies":"Cultist and Chosen","floor":30,"turns":3},{"damage":8,"enemies":"Sentry and Sphere","floor":31,"turns":3},{"damage":35,"enemies":"Collector","floor":33,"turns":4},{"damage":7,"enemies":"3 Darklings","floor":35,"turns":4},{"damage":18,"enemies":"2 Orb Walkers","floor":36,"turns":2},{"damage":19,"enemies":"3 Shapes","floor":37,"turns":3},{"damage":2,"enemies":"Mind Bloom Boss Battle","floor":38,"turns":3},{"damage":53,"enemies":"Nemesis","floor":40,"turns":3},{"damage":5,"enemies":"Sphere and 2 Shapes","floor":41,"turns":2},{"damage":0,"enemies":"Jaw Worm Horde","floor":45,"turns":1},{"damage":0,"enemies":"Reptomancer","floor":47,"turns":1},{"damage":2,"enemies":"Awakened One","floor":50,"turns":3},{"damage":15,"enemies":"Shield and Spear","floor":54,"turns":2},{"damage":35,"enemies":"The Heart","floor":55,"turns":4}],"seed_played":"7087862623088635859","potions_obtained":[{"floor":1.0,"key":"BloodPotion"},{"floor":2.0,"key":"Regen Potion"},{"floor":7.0,"key":"Dexterity Potion"},{"floor":20.0,"key":"PowerPotion"},{"floor":25.0,"key":"SkillPotion"},{"floor":36,"key":"SpeedPotion"},{"floor":40,"key":"AttackPotion"},{"floor":54,"key":"CultistPotion"}],"is_trial":false,"path_per_floor":["M","M","$","?","$","R","E","?","T","M","M","M","?","M","R","B",null,"M","M","M","M","?","E","R","E","T","R","?","E","M","M","R","B",null,"M","?","M","?","?","E","M","R","T","$","M","?","E","$","R","B",null,"R","$","E","B",null],"character_chosen":"IRONCLAD","items_purchased":["AT_BellDemon","Spot Weakness","CultistPotion","AT_SunfireAegis","Pummel+1","Ancient Potion","Thinking Ahead","Shuriken","DistilledChaos"],"campfire_rested":0,"item_purchase_floors":[3,3,3,44,44,44,44,48,48],"current_hp_per_floor":[61,54,54,54,54,54,49,75,75,63,51,41,52,35,35,31,80,76,80,65,37,37,80,80,80,80,80,80,64,63,65,65,40,80,79,68,55,69,69,80,80,80,80,80,80,75,80,80,80,80,80,80,80,89,70],"gold":195,"neow_bonus":"TWO_FIFTY_GOLD","is_daily":false,"chose_seed":false,"campfire_upgraded":7,"win_rate":0.0,"timestamp":1608628438,"path_taken":["M","M","$","?","?","R","E","?","T","M","?","M","?","M","R","BOSS","M","M","M","M","?","E","R","E","T","R","?","E","M","M","R","BOSS","M","?","M","?","?","E","M","R","T","$","M","?","E","$","R","BOSS","R","$","E","BOSS"],"items_purchased_type":["Relic","Card","Potion","Relic","Card","Potion","Card","Relic","Potion"],"build_version":"2020-12-13","purchased_purges":12,"victory":true,"max_hp_per_floor":[80,80,80,80,80,80,80,80,80,80,80,80,80,80,80,80,80,80,80,80,80,80,80,80,80,80,80,80,80,80,80,80,80,80,80,80,80,80,80,80,80,80,80,80,80,80,80,80,80,80,80,80,80,94,94],"card_choices":[{"not_picked":["REME_FearOfPain","AT_BodySlamDance","Pommel Strike"],"picked":"SKIP","floor":1.0},{"not_picked":["Cleave","Flame Barrier"],"picked":"AT_IchimonjiDouble","floor":2.0},{"not_picked":["Clothesline","Evolve"],"picked":"Clash","floor":7.0},{"not_picked":["Second Wind","Wild Strike+1","Corruption"],"picked":"SKIP","floor":10.0},{"not_picked":["Twin Strike+1","Cleave+1","Anger+1"],"picked":"SKIP","floor":11.0},{"not_picked":["Clash+1","AT_DrawKnifeCut+1","Wild Strike+1"],"picked":"SKIP","floor":12.0},{"not_picked":["Rupture","Armaments","REME_SingleHolding"],"picked":"SKIP","floor":14.0},{"not_picked":["Reaper+1","Fiend Fire+1"],"picked":"REME_ACTH","floor":16.0},{"not_picked":["Dropkick+1","Iron Wave+1"],"picked":"Heavy Blade+1","floor":18.0},{"not_picked":["Iron Wave+1","Warcry","Thunderclap+1"],"picked":"SKIP","floor":19.0},{"not_picked":["Warcry","Body Slam+1","AT_BodySlamDance"],"picked":"SKIP","floor":20.0},{"not_picked":["Pommel Strike+1","Evolve"],"picked":"Brutality","floor":21.0},{"not_picked":["Fire Breathing+1","Hemokinesis+1","Body Slam+1"],"picked":"SKIP","floor":23.0},{"not_picked":["AT_DrawKnifeCut+1","Dual Wield","Headbutt+1"],"picked":"SKIP","floor":25.0},{"not_picked":["Twin Strike+1","Evolve+1","Cleave+1"],"picked":"SKIP","floor":29.0},{"not_picked":["Searing Blow+1","AT_Dispersion","True Grit"],"picked":"SKIP","floor":30},{"not_picked":["Armaments+1","Anger+1"],"picked":"Heavy Blade+1","floor":31},{"not_picked":["Havoc","Headbutt+1"],"picked":"REME_SingleHolding+1","floor":35},{"not_picked":["Reckless Charge+1","Pommel Strike+1"],"picked":"Spot Weakness","floor":36},{"not_picked":["AT_GerminateFire+1","Perfected Strike+1","Reckless Charge+1"],"picked":"SKIP","floor":37},{"not_picked":["Warcry","Flex","Sever Soul+1"],"picked":"SKIP","floor":40},{"not_picked":["True Grit","Warcry"],"picked":"Whirlwind+1","floor":41},{"not_picked":["Twin Strike+1","Berserk","AT_DiedThrough+1"],"picked":"SKIP","floor":45},{"not_picked":["Twin Strike+1","Berserk","AT_DiedThrough+1"],"picked":"SKIP","floor":45},{"not_picked":["Sword Boomerang+1","Clash+1","Flex"],"picked":"SKIP","floor":47},{"not_picked":["Headbutt+1","AT_CaressingTears","Thunderclap+1"],"picked":"SKIP","floor":54}],"player_experience":42098,"relics_obtained":[{"floor":7.0,"key":"AT_ImmortalShieldbow"},{"floor":9.0,"key":"Molten Egg 2"},{"floor":13.0,"key":"Odd Mushroom"},{"floor":25.0,"key":"AT_LudenTempest"},{"floor":29.0,"key":"Boot"},{"floor":36,"key":"Girya"},{"floor":38,"key":"Ice Cream"},{"floor":40,"key":"Mercury Hourglass"},{"floor":43,"key":"AT_TimeSand"},{"floor":47,"key":"Whetstone"},{"floor":54,"key":"Mango"}],"event_choices":[{"damage_healed":0.0,"max_hp_gain":0.0,"max_hp_loss":0.0,"gold_gain":0.0,"event_name":"Match and Keep!","player_choice":"1 cards matched","floor":4.0,"gold_loss":0.0,"damage_taken":0.0,"cards_obtained":["Berserk"]},{"damage_healed":26.0,"max_hp_gain":0.0,"max_hp_loss":0.0,"gold_gain":0.0,"event_name":"Big Fish","player_choice":"Banana","floor":8.0,"gold_loss":0.0,"damage_taken":0.0},{"damage_healed":0.0,"max_hp_gain":0.0,"max_hp_loss":0.0,"gold_gain":0.0,"event_name":"Mushrooms","player_choice":"Fought Mushrooms","floor":13.0,"gold_loss":0.0,"damage_taken":0.0},{"damage_healed":0.0,"max_hp_gain":0.0,"max_hp_loss":0.0,"gold_gain":99.0,"event_name":"Nest","player_choice":"Stole From Cult","floor":22.0,"gold_loss":0.0,"damage_taken":0.0},{"damage_healed":0.0,"max_hp_gain":0.0,"max_hp_loss":0.0,"gold_gain":0.0,"event_name":"Upgrade Shrine","player_choice":"Upgraded","floor":28.0,"gold_loss":0.0,"damage_taken":0.0,"cards_upgraded":["Brutality"]},{"damage_healed":0,"gold_gain":0,"player_choice":"Fight","damage_taken":0,"max_hp_gain":0,"max_hp_loss":0,"event_name":"Mysterious Sphere","floor":36,"gold_loss":0},{"damage_healed":0,"gold_gain":0,"player_choice":"Fight","damage_taken":0,"max_hp_gain":0,"max_hp_loss":0,"event_name":"MindBloom","floor":38,"gold_loss":0},{"cards_removed":["Bash"],"damage_healed":0,"gold_gain":0,"player_choice":"Removed Attack","damage_taken":0,"max_hp_gain":0,"max_hp_loss":0,"event_name":"Falling","floor":39,"gold_loss":0},{"damage_healed":0,"gold_gain":0,"player_choice":"Memory 2","damage_taken":5,"max_hp_gain":0,"max_hp_loss":0,"event_name":"SensoryStone","floor":46,"gold_loss":0}],"is_beta":false,"boss_relics":[{"not_picked":["Astrolabe","Runic Dome"],"picked":"Mark of Pain"},{"not_picked":["REME_DuelDisc","Sozu"],"picked":"Runic Pyramid"}],"items_purged_floors":[3,3,3,3,44,44,44,44,44,48,48,53],"is_endless":false,"potions_floor_spawned":[1,2,7,10,20,23,25,36,38,40,47,54],"ascension_level":3}}