{"host":"cxvb37eaaiijvrl4","time":1608618663,"event":{"mods":["ATMod(°¢èªMod)","BaseMod","Better Third Choice","Minty Spire (QoL Compilation)","MostiFishMod","Quick Restart","Rare Cards Sparkle","Shop Mod","Spicy Shops","StSLib","TestMod","Uncapped"],"gold_per_floor":[360,380,392,411,424,424,451,451,451,469,510,510,262,297,297,395,395,414,430,430,453,473,506,506,549,576,588,636,662,461,504,504,598,598,616,641,662,682,1082,1113,1127,1127,1150,1191,610,610,648,667,667,667,667,667,667,70,111,111],"floor_reached":57,"playtime":1469,"items_purged":["Strike_R","Evolve","Defend_R","AT_Desolate+1"],"score":3863,"play_id":"6c29f68a-9d27-4282-967b-549c3d54f4ea","local_time":"20201221223103","is_ascension_mode":true,"campfire_choices":[{"data":"Body Slam","floor":6,"key":"SMITH"},{"data":"AT_BodySlamDance","floor":12,"key":"SMITH"},{"data":"AT_ShrugMaster","floor":15,"key":"SMITH"},{"data":"AT_ShrugMaster","floor":24,"key":"SMITH"},{"floor":27,"key":"RECALL"},{"data":"AT_Desolate","floor":32,"key":"SMITH"},{"data":"MostiFishMod:WinterMarkForm","floor":42,"key":"SMITH"},{"data":"Defend_R","floor":49,"key":"SMITH"},{"data":"Defend_R","floor":53,"key":"SMITH"}],"circlet_count":0,"master_deck":["AscendersBane","Defend_R+1","Defend_R+1","Defend_R+1","Body Slam+1","AT_ShrugMaster+1","AT_BodySlamDance+1","AT_ShrugMaster+1","Sentinel+1","Flex+1","Evolve+1","AT_CaressingTears+1","Sword Boomerang+1","MostiFishMod:FrostNova+1","MostiFishMod:WinterMarkForm+1","Decay"],"relics":["Burning Blood","DaveBox","AT_ATBox","Civilization","testmod-IncinerationGenerator","Question Card","Blue Candle","Golden Idol","Bag of Marbles","Medical Kit","testmod-Fortitude","ImportantClient","Astrolabe","Vajra","AT_SilvercatRing","MawBank","ThornShield","AT_SeraphEmbrace","Regal Pillow","FrostBlade","Centennial Puzzle","Lantern","Bag of Preparation","AT_BellDemon","Question Card","Bronze Scales","Bottled Tornado","Blood Vial","testmod-Antiphasic","Anchor","Bottled Lightning","BrkXgEgg","Pen Nib"],"acts_visited":["Exordium","TheCity","TheBeyond","TheEnding"],"potions_floor_usage":[56,56],"damage_taken":[{"damage":7,"enemies":"Jaw Worm","floor":1,"turns":3},{"damage":10,"enemies":"Small Slimes","floor":2,"turns":4},{"damage":0,"enemies":"2 Louse","floor":3,"turns":2},{"damage":0,"enemies":"Red Slaver","floor":4,"turns":1},{"damage":3,"enemies":"Exordium Wildlife","floor":5,"turns":3},{"damage":10,"enemies":"3 Sentries","floor":7,"turns":5},{"damage":0,"enemies":"2 Fungi Beasts","floor":10,"turns":2},{"damage":0,"enemies":"Lagavulin","floor":11,"turns":1},{"damage":0,"enemies":"3 Sentries","floor":14,"turns":2},{"damage":0,"enemies":"Hexaghost","floor":16,"turns":2},{"damage":0,"enemies":"3 Byrds","floor":18,"turns":3},{"damage":0,"enemies":"2 Thieves","floor":19,"turns":1},{"damage":0,"enemies":"Snecko","floor":21,"turns":1},{"damage":0,"enemies":"Sentry and Sphere","floor":22,"turns":2},{"damage":0,"enemies":"Gremlin Leader","floor":23,"turns":3},{"damage":22,"enemies":"Slavers","floor":25,"turns":3},{"damage":0,"enemies":"Gremlin Leader","floor":28,"turns":2},{"damage":0,"enemies":"Centurion and Healer","floor":29,"turns":3},{"damage":0,"enemies":"Slavers","floor":31,"turns":2},{"damage":0,"enemies":"Automaton","floor":33,"turns":2},{"damage":0,"enemies":"3 Shapes","floor":35,"turns":5},{"damage":0,"enemies":"Orb Walker","floor":36,"turns":3},{"damage":12,"enemies":"Jaw Worm Horde","floor":37,"turns":3},{"damage":0,"enemies":"Maw","floor":38,"turns":4},{"damage":0,"enemies":"Nemesis","floor":40,"turns":5},{"damage":0,"enemies":"Transient","floor":41,"turns":3},{"damage":0,"enemies":"Giant Head","floor":44,"turns":3},{"damage":0,"enemies":"Nemesis","floor":47,"turns":3},{"damage":22,"enemies":"Sphere and 2 Shapes","floor":48,"turns":3},{"damage":1,"enemies":"Awakened One","floor":50,"turns":3},{"damage":0,"enemies":"Donu and Deca","floor":51,"turns":1},{"damage":0,"enemies":"Shield and Spear","floor":55,"turns":2},{"damage":0,"enemies":"The Heart","floor":56,"turns":4}],"seed_played":"-6888162837295807171","potions_obtained":[{"floor":4,"key":"EssenceOfSteel"},{"floor":10,"key":"Block Potion"},{"floor":14,"key":"ElixirPotion"},{"floor":23,"key":"EntropicBrew"}],"is_trial":false,"path_per_floor":["M","M","M","M","M","R","E","?","T","M","E","R","$","E","R","B",null,"M","M","?","M","M","E","R","E","T","R","E","M","$","E","R","B",null,"M","M","M","M","?","E","M","R","T","E","$","?","E","M","R","B","B",null,"R","$","E","B",null],"character_chosen":"IRONCLAD","items_purchased":["Medical Kit","AT_ArchangelStaff","AT_BellDemon","Question Card","Bronze Scales","Anchor","Bottled Lightning","BrkXgEgg"],"campfire_rested":0,"item_purchase_floors":[13,30,45,45,45,54,54,54],"current_hp_per_floor":[50,49,60,72,83,83,90,52,52,71,91,91,91,114,114,138,163,190,215,215,239,265,292,292,306,306,306,345,386,386,428,428,469,469,513,558,600,655,655,705,756,756,756,808,808,808,861,901,901,969,1040,1041,1041,1041,1106,1172],"gold":111,"neow_bonus":"TWO_FIFTY_GOLD","is_daily":false,"chose_seed":false,"campfire_upgraded":8,"win_rate":0.0,"timestamp":1608618663,"path_taken":["M","M","M","M","M","R","E","?","T","M","E","R","$","E","R","BOSS","M","M","?","M","M","E","R","E","T","R","E","M","$","E","R","BOSS","M","M","M","M","?","E","M","R","T","E","$","?","E","M","R","BOSS","BOSS","R","$","E","BOSS"],"items_purchased_type":["Relic","Relic","Relic","Relic","Relic","Relic","Relic","Relic"],"build_version":"2020-12-13","purchased_purges":4,"victory":true,"max_hp_per_floor":[76,79,84,90,98,98,109,109,109,122,136,136,136,153,153,171,171,192,215,215,239,265,292,292,322,322,322,355,390,390,428,428,469,469,513,558,606,655,655,705,756,756,756,808,808,808,861,917,917,978,1041,1041,1041,1041,1106,1172],"card_choices":[{"not_picked":["Perfected Strike","Heavy Blade"],"picked":"Body Slam","floor":1},{"not_picked":["Flex","Hemokinesis","Dual Wield","Spot Weakness"],"picked":"SKIP","floor":2},{"not_picked":["Heavy Blade","AT_IchimonjiDouble","Pommel Strike","Carnage"],"picked":"SKIP","floor":3},{"not_picked":["Ghostly Armor","Thunderclap","Clash","Armaments"],"picked":"SKIP","floor":4},{"not_picked":["Heavy Blade","Perfected Strike","Cleave","Dropkick"],"picked":"SKIP","floor":5},{"not_picked":["True Grit","Feed","AT_CaressingTears"],"picked":"AT_ShrugMaster","floor":7},{"not_picked":["Havoc","Warcry","Iron Wave"],"picked":"AT_BodySlamDance","floor":10},{"not_picked":["Dual Wield","Inflame","Rage","AT_IchimonjiDouble"],"picked":"SKIP","floor":11},{"not_picked":["Sword Boomerang","Wild Strike","Clash"],"picked":"AT_ShrugMaster","floor":14},{"not_picked":["Armaments","Hemokinesis","Infernal Blade","Disarm"],"picked":"SKIP","floor":18},{"not_picked":["Pommel Strike+1","Clash","Blood for Blood","Wild Strike+1"],"picked":"SKIP","floor":19},{"not_picked":["Infernal Blade","Hemokinesis","Twin Strike","Cleave"],"picked":"SKIP","floor":21},{"not_picked":["AT_DiedThrough","Body Slam","Uppercut+1","Clothesline"],"picked":"SKIP","floor":22},{"not_picked":["Anger","AT_DiedThrough+1","Thunderclap"],"picked":"Sword Boomerang+1","floor":23},{"not_picked":["Reckless Charge","Battle Trance","MostiFishMod:BrandingRite","Pommel Strike+1"],"picked":"SKIP","floor":25},{"not_picked":["Clash+1","Pummel+1","Armaments","Clothesline"],"picked":"SKIP","floor":28},{"not_picked":["Entrench","Thunderclap","AT_IchimonjiDouble","Wild Strike"],"picked":"SKIP","floor":29},{"not_picked":["Entrench","Iron Wave","Body Slam","True Grit"],"picked":"SKIP","floor":31},{"not_picked":["Pommel Strike+1","Metallicize","Feel No Pain","Flame Barrier"],"picked":"SKIP","floor":35},{"not_picked":["AT_DiedThrough","Clash+1","Spot Weakness","Perfected Strike"],"picked":"SKIP","floor":36},{"not_picked":["Inflame","AT_BodySlamDance","Wild Strike","Heavy Blade"],"picked":"SKIP","floor":37},{"not_picked":["Thunderclap+1","Burning Pact","Pummel","Battle Trance"],"picked":"SKIP","floor":38},{"not_picked":["Headbutt","Twin Strike","MostiFishMod:TemporaryOutbreak","Entrench"],"picked":"SKIP","floor":40},{"not_picked":["Heavy Blade","Anger+1","Pommel Strike","Clash"],"picked":"SKIP","floor":41},{"not_picked":["Wild Strike","True Grit","Blood for Blood","Pummel"],"picked":"SKIP","floor":44},{"not_picked":["Ghostly Armor+1","True Grit","Wild Strike","Heavy Blade","AT_IchimonjiDouble+1"],"picked":"SKIP","floor":47},{"not_picked":["Anger","Heavy Blade","MostiFishMod:BrandingRite","Sword Boomerang+1","Clothesline+1"],"picked":"SKIP","floor":48},{"not_picked":["Spot Weakness","Armaments","Havoc","Ghostly Armor","Wild Strike+1"],"picked":"SKIP","floor":55}],"player_experience":650473,"relics_obtained":[{"floor":1,"key":"Question Card"},{"floor":7,"key":"Blue Candle"},{"floor":11,"key":"Bag of Marbles"},{"floor":14,"key":"testmod-Fortitude"},{"floor":16,"key":"ImportantClient"},{"floor":23,"key":"Vajra"},{"floor":25,"key":"AT_SilvercatRing"},{"floor":26,"key":"MawBank"},{"floor":28,"key":"ThornShield"},{"floor":31,"key":"Regal Pillow"},{"floor":40,"key":"Centennial Puzzle"},{"floor":43,"key":"Lantern"},{"floor":44,"key":"Bag of Preparation"},{"floor":47,"key":"Bottled Tornado"},{"floor":47,"key":"Blood Vial"},{"floor":48,"key":"testmod-Antiphasic"},{"floor":55,"key":"Pen Nib"}],"event_choices":[{"damage_healed":0,"gold_gain":0,"player_choice":"Take Damage","damage_taken":38,"relics_obtained":["Golden Idol"],"max_hp_gain":0,"max_hp_loss":0,"event_name":"Golden Idol","floor":8,"gold_loss":0},{"damage_healed":0,"gold_gain":0,"cards_transformed":["Strike_R","Bash"],"player_choice":"Became Test Subject","damage_taken":0,"max_hp_gain":0,"max_hp_loss":0,"event_name":"Drug Dealer","floor":20,"gold_loss":0,"cards_obtained":["Evolve","AT_CaressingTears"]},{"damage_healed":0,"gold_gain":400,"player_choice":"Sell","damage_taken":0,"max_hp_gain":0,"max_hp_loss":0,"event_name":"¶÷ÂåË¹µÄÅÌ×Ó","floor":39,"relics_lost":["testmod-TestBox"],"gold_loss":0},{"damage_healed":0,"gold_gain":0,"player_choice":"Cursed","damage_taken":0,"max_hp_gain":0,"max_hp_loss":0,"event_name":"Wheel of Change","floor":46,"gold_loss":0,"cards_obtained":["Decay"]}],"is_beta":false,"boss_relics":[{"not_picked":["FixedStarFall","testmod-SaigiyounoYou"],"picked":"Astrolabe"},{"not_picked":["testmod-Nine","HaiYi:Twilight"],"picked":"FrostBlade"}],"items_purged_floors":[13,30,45,54],"is_endless":false,"potions_floor_spawned":[4,10,11,14,18,23,28,33,36,37,40,47,48,55],"ascension_level":20}}