{"host":"27cnk69rbdk9vsnt","time":1608638296,"event":{"mods":["BaseMod","Beaked The Cultist","Duelist Mod","Ekko","Energized Spire","Glutton Mod","JesterMod","Jorbs\u0027s Wanderer Trilogy","Mimic Mod","Minty Spire (QoL Compilation)","Shop Mod","StSLib","The Elementalist","Thieving Mod"],"gold_per_floor":[19,94,94,19,32,65,77,49,49,49,70,70,95,115,115,241,241,226,75,75],"floor_reached":19,"playtime":894,"items_purged":["Injury"],"score":167,"play_id":"45ce17da-ad49-4cdf-ba6b-43759b8af649","local_time":"20201222125816","is_ascension_mode":false,"campfire_choices":[{"floor":10,"key":"REST"},{"data":"elementalist:Ignition","floor":12,"key":"SMITH"},{"data":"elementalist:Sidereal_Form","floor":15,"key":"SMITH"}],"circlet_count":0,"master_deck":["elementalist:Water_Emblem","elementalist:Defend_Elemblue","elementalist:Defend_Elemblue","elementalist:Defend_Elemblue","elementalist:Defend_Elemblue","elementalist:Firestrike","elementalist:Earthstrike","elementalist:Waterstrike","elementalist:Airstrike","elementalist:Crystal_Chalk","elementalist:Absolute_Zero","elementalist:Refract","elementalist:Mist","elementalist:Widdershins_Conversion","elementalist:Ignition+1","elementalist:Sidereal_Form+1","elementalist:Magma_Shot","elementalist:Impact","elementalist:Geomancy","elementalist:Mage_Hand","elementalist:Glaciate","elementalist:Geomancy","stsjorbsmod:Procrastination","Writhe","Pain"],"relics":["elementalistmod:MagusStaff","elementalistmod:BlueRibbon","Golden Idol","Strange Spoon","MawBank","Shuriken","energizedSpire:SpiderWeb","Bag of Preparation"],"acts_visited":["Exordium","TheCity"],"potions_floor_usage":[18,18],"damage_taken":[{"damage":3,"enemies":"Jaw Worm","floor":1,"turns":5},{"damage":5,"enemies":"Small Slimes","floor":5,"turns":3},{"damage":36,"enemies":"Gremlin Nob","floor":6,"turns":5},{"damage":7,"enemies":"2 Louse","floor":11,"turns":3},{"damage":0,"enemies":"2 Fungi Beasts","floor":13,"turns":3},{"damage":0,"enemies":"Looter","floor":14,"turns":2},{"damage":11,"enemies":"Slime Boss","floor":16,"turns":11},{"damage":19,"enemies":"2 Thieves","floor":18,"turns":4}],"seed_played":"7434212817213941464","potions_obtained":[{"floor":5,"key":"SpeedPotion"},{"floor":14,"key":"PowerPotion"},{"floor":16,"key":"Weak Potion"}],"is_trial":false,"path_per_floor":["M","?","?","$","M","E","?","$","T","R","M","R","M","M","R","B",null,"M","$"],"character_chosen":"THE_ELEMENTALIST","items_purchased":["elementalist:Sidereal_Form","Bag of Preparation"],"campfire_rested":1,"item_purchase_floors":[8,19],"current_hp_per_floor":[67,56,56,56,51,15,8,8,8,29,22,22,22,22,22,11,70,51,31,31],"gold":75,"neow_bonus":"TRANSFORM_TWO_CARDS","is_daily":false,"chose_seed":false,"campfire_upgraded":2,"win_rate":0.0,"timestamp":1608638296,"path_taken":["M","?","?","?","M","E","?","$","T","R","M","R","M","M","R","BOSS","M","$"],"items_purchased_type":["Card","Relic"],"build_version":"2020-12-13","purchased_purges":1,"victory":false,"max_hp_per_floor":[70,70,70,70,70,70,70,70,70,70,70,70,70,70,70,70,70,70,70,70],"card_choices":[{"not_picked":["elementalist:Spout","elementalist:Pressurize"],"picked":"elementalist:Mist","floor":1},{"not_picked":["elementalist:Spout","elementalist:Momentum"],"picked":"elementalist:Widdershins_Conversion","floor":5},{"not_picked":["elementalist:Pressurize","elementalist:Stone_to_Mud"],"picked":"elementalist:Ignition","floor":6},{"not_picked":["elementalist:Pressurize","elementalist:Etherstrike"],"picked":"elementalist:Magma_Shot","floor":11},{"not_picked":["elementalist:Flame","elementalist:Spout"],"picked":"elementalist:Impact","floor":13},{"not_picked":["elementalist:Rising_Tides","elementalist:Emberveil"],"picked":"elementalist:Geomancy","floor":14},{"not_picked":["elementalist:Inferno","elementalist:Quake"],"picked":"elementalist:Glaciate","floor":16},{"not_picked":["elementalist:Stone_to_Mud","elementalist:Cyclone"],"picked":"elementalist:Geomancy","floor":18}],"player_experience":514370,"relics_obtained":[{"floor":6,"key":"MawBank"}],"event_choices":[{"damage_healed":0,"gold_gain":75,"player_choice":"Gather Gold","damage_taken":11,"max_hp_gain":0,"max_hp_loss":0,"event_name":"World of Goop","floor":2,"gold_loss":0},{"damage_healed":0,"gold_gain":0,"player_choice":"Take Wound","damage_taken":0,"relics_obtained":["Golden Idol"],"max_hp_gain":0,"max_hp_loss":0,"event_name":"Golden Idol","floor":3,"gold_loss":0,"cards_obtained":["Injury"]},{"damage_healed":0,"gold_gain":0,"player_choice":"Success","damage_taken":7,"relics_obtained":["Shuriken"],"max_hp_gain":0,"max_hp_loss":0,"event_name":"Scrap Ooze","floor":7,"gold_loss":0}],"is_beta":false,"boss_relics":[{"not_picked":["Busted Crown","SlaversCollar"],"picked":"energizedSpire:SpiderWeb"}],"items_purged_floors":[4],"is_endless":false,"potions_floor_spawned":[5,14,16],"ascension_level":0}}