{"host":"tn4vcbjll0ykc2jj","time":1608666679,"event":{"mods":["ATMod(°¢èªMod)","Act Like it!","BaseMod","Colored Powertips","Gensokyo","KomeijiMod","Lobotomy","LobotomyExtend","Minty Spire (QoL Compilation)","MostiFishMod","Quick Restart","StSLib","TestMod","¡¾ÒÅÎï¿¨ÅÆ¡¿REMEMod"],"gold_per_floor":[118,118,118,118,118,147,158,186,186,186,186,26,61,61],"floor_reached":13,"playtime":1117,"items_purged":[],"score":129,"play_id":"5e4c291a-35c1-4e0e-a73d-60c29ad164c3","local_time":"20201223035119","is_ascension_mode":true,"campfire_choices":[{"floor":10,"key":"RECALL"}],"circlet_count":0,"master_deck":["Strike_Komeiji","Strike_Komeiji","Strike_Komeiji","Strike_Komeiji","Defend_Komeiji","Defend_Komeiji","Defend_Komeiji","Defend_Komeiji","Dash_Komeiji+1","REME_TheLastStrike","AT_Dispersion+1","SilentSelene+1","WhitesApple","HagoromoKu+1","DreamingCurrent","Parasite","ElementMix+1","ShyLook","Parasite","DiamondHardness+","HappyTeddy"],"relics":["KomeijisEye","SpellCardsRule","MusicBox","AT_ATBox","DaveBox","testmod-TestBox","REME_ComplimentaryCards","CogitoBucket","testmod-BloodSacrificeSpiritualization","Nloth\u0027s Gift","LetterFromLob","Gensokyo:Justice","Gensokyo:PortableGap","CrystalOfMemory","Potion Belt","Bag of Preparation","Gensokyo:BookOfSpecters","testmod-ArcanaOfDestiny"],"acts_visited":["Gensokyo:Gensokyo"],"potions_floor_usage":[],"damage_taken":[{"damage":5,"enemies":"Gensokyo:Gryphon","floor":1,"turns":3},{"damage":5,"enemies":"Gensokyo:Cirno","floor":6,"turns":5},{"damage":5,"enemies":"Gensokyo:2_Kodama","floor":7,"turns":1},{"damage":24,"enemies":"Gensokyo:Aya","floor":8,"turns":9},{"damage":22,"enemies":"Gensokyo:Mamizou","floor":13,"turns":6}],"seed_played":"6378761122225464183","potions_obtained":[{"floor":7,"key":"Fire Potion"},{"floor":8,"key":"Explosive Potion"}],"is_trial":false,"path_per_floor":["M","?","?","?","COS","E","M","E","T","R","E","?","E"],"character_chosen":"KomeijiSatori","items_purchased":[],"campfire_rested":0,"item_purchase_floors":[],"current_hp_per_floor":[45,45,50,50,50,45,40,42,42,42,42,42,43,43],"gold":61,"neow_bonus":"","is_daily":false,"chose_seed":false,"campfire_upgraded":0,"win_rate":0.0,"timestamp":1608666679,"path_taken":["M","?","?","?","COS","E","M","E","T","R","E","?","E"],"items_purchased_type":[],"build_version":"2020-12-13","purchased_purges":0,"victory":false,"max_hp_per_floor":[50,50,55,50,50,50,50,50,50,50,50,50,50,50],"card_choices":[{"not_picked":["UniverseFragment","LongBird"],"picked":"SpiderBud","floor":1},{"not_picked":["FallThrasher+","TenguNoTaiko","DemonLordCradle"],"picked":"SKIP","floor":1},{"not_picked":["Agarareta+1","DochyakuKami+1"],"picked":"SilentSelene","floor":6},{"not_picked":["Murderer","Mercenary"],"picked":"WhitesApple","floor":6},{"not_picked":["Mishyaguji+1","DemonLordCradle"],"picked":"HagoromoKu","floor":7},{"not_picked":["LittlePrince","MHz"],"picked":"DreamingCurrent","floor":7},{"not_picked":["DochyakuKami+1","WipeMoisture+"],"picked":"ElementMix","floor":8},{"not_picked":["Variant","Woodsman"],"picked":"ShyLook","floor":8},{"not_picked":["SelfTokamak","MakuraSeki"],"picked":"DiamondHardness+","floor":13},{"not_picked":["NakedNest","VoidDream"],"picked":"HappyTeddy","floor":13}],"player_experience":144098,"relics_obtained":[{"floor":1,"key":"LetterFromLob"},{"floor":6,"key":"CrystalOfMemory"},{"floor":8,"key":"Potion Belt"},{"floor":9,"key":"Bag of Preparation"},{"floor":13,"key":"testmod-ArcanaOfDestiny"}],"event_choices":[],"is_beta":false,"boss_relics":[],"items_purged_floors":[],"is_endless":false,"potions_floor_spawned":[7,8],"killed_by":"Gensokyo:Mamizou","ascension_level":1}}