{"host":"njcl8kinlkfw245p","time":1608668457,"event":{"mods":["BaseMod","Block Reminder","Colored Map","KinomotoSakuraMod(????)","Minty Spire (QoL Compilation)","StSLib","The Senshi"],"gold_per_floor":[114,114,389,404,145,178,190,202,214,226,249,273,311,345,357,465,477,509,521,533,525,274,274,274],"floor_reached":23,"playtime":1979,"items_purged":["Regret","Strike_P"],"score":284,"play_id":"f56fd30e-322f-45bb-b08c-53b07d5da365","local_time":"20201222122057","is_ascension_mode":true,"campfire_choices":[{"floor":7,"key":"RECALL"},{"data":"ConjureBlade","floor":10,"key":"SMITH"},{"floor":15,"key":"REST"}],"circlet_count":0,"master_deck":["Strike_P","Strike_P","Defend_P","Defend_P","Defend_P","Defend_P","Eruption","Vigilance","Evaluate","SignatureMove","Establishment","ConjureBlade+1","Tantrum","Protect","DevaForm","CarveReality","MasterReality","Wallop","Protect","Protect","LikeWater","WaveOfTheHand"],"relics":["PureWater","FossilizedHelix","Membership Card","Bag of Preparation","MawBank","Sundial","Blue Candle","Odd Mushroom","Black Star","Matryoshka"],"acts_visited":["Exordium","TheCity"],"potions_floor_usage":[13,14,23,23],"damage_taken":[{"damage":10,"enemies":"Small Slimes","floor":1,"turns":6},{"damage":7,"enemies":"Cultist","floor":4,"turns":3},{"damage":4,"enemies":"Lagavulin","floor":6,"turns":5},{"damage":0,"enemies":"Jaw Worm","floor":11,"turns":1},{"damage":10,"enemies":"2 Fungi Beasts","floor":12,"turns":3},{"damage":2,"enemies":"3 Sentries","floor":13,"turns":6},{"damage":30,"enemies":"The Mushroom Lair","floor":14,"turns":6},{"damage":0,"enemies":"Slime Boss","floor":16,"turns":5},{"damage":11,"enemies":"Spheric Guardian","floor":18,"turns":6},{"damage":19,"enemies":"2 Thieves","floor":21,"turns":4},{"damage":70,"enemies":"Book of Stabbing","floor":23,"turns":9}],"seed_played":"8872708352656427641","potions_obtained":[{"floor":4,"key":"EssenceOfSteel"},{"floor":12,"key":"DistilledChaos"},{"floor":13,"key":"ColorlessPotion"}],"is_trial":false,"path_per_floor":["M","?","?","M","$","E","R","?","T","R","M","M","E","?","R","B",null,"M","?","?","M","$","E"],"character_chosen":"WATCHER","items_purchased":["Membership Card","Bag of Preparation","LikeWater","Matryoshka","WaveOfTheHand","Regen Potion"],"campfire_rested":1,"item_purchase_floors":[5,5,22,22,22,22],"current_hp_per_floor":[62,62,62,55,55,51,51,51,51,51,51,41,39,9,30,30,72,61,61,72,53,53,0,0],"gold":274,"neow_bonus":"ONE_RARE_RELIC","is_daily":false,"chose_seed":false,"campfire_upgraded":1,"win_rate":0.0,"timestamp":1608668457,"path_taken":["M","?","?","?","$","E","R","?","T","R","M","?","E","?","R","BOSS","M","?","?","?","$","E"],"items_purchased_type":["Relic","Relic","Card","Relic","Card","Potion"],"build_version":"2020-12-13","purchased_purges":2,"victory":false,"max_hp_per_floor":[72,72,72,72,72,72,72,72,72,72,72,72,72,72,72,72,72,72,72,72,72,72,72,72],"card_choices":[{"not_picked":["Perseverance","PathToVictory"],"picked":"Evaluate","floor":1},{"not_picked":["Worship","FlyingSleeves"],"picked":"SignatureMove","floor":4},{"not_picked":["Halt","Indignation"],"picked":"Establishment","floor":6},{"not_picked":["FollowUp","FlyingSleeves"],"picked":"Tantrum","floor":11},{"not_picked":["EmptyFist","CrushJoints"],"picked":"Protect","floor":12},{"not_picked":["Consecrate","Prostrate"],"picked":"DevaForm","floor":13},{"not_picked":["Halt","CutThroughFate"],"picked":"CarveReality","floor":14},{"not_picked":["Ragnarok","SpiritShield"],"picked":"MasterReality","floor":16},{"not_picked":["Halt+1","Indignation"],"picked":"Wallop","floor":18},{"not_picked":["FollowUp","Meditate+1"],"picked":"Protect","floor":21}],"player_experience":869347,"relics_obtained":[{"floor":6,"key":"MawBank"},{"floor":9,"key":"Sundial"},{"floor":13,"key":"Blue Candle"},{"floor":14,"key":"Odd Mushroom"}],"event_choices":[{"cards_removed":["Doubt"],"damage_healed":0,"gold_gain":0,"player_choice":"Forget","damage_taken":0,"max_hp_gain":0,"max_hp_loss":0,"event_name":"Living Wall","floor":2,"gold_loss":0},{"damage_healed":0,"gold_gain":275,"player_choice":"Desecrate","damage_taken":0,"max_hp_gain":0,"max_hp_loss":0,"event_name":"Golden Shrine","floor":3,"gold_loss":0,"cards_obtained":["Regret"]},{"damage_healed":0,"gold_gain":0,"cards_transformed":["Strike_P"],"player_choice":"Transformed","damage_taken":0,"max_hp_gain":0,"max_hp_loss":0,"event_name":"Transmorgrifier","floor":8,"gold_loss":0,"cards_obtained":["ConjureBlade"]},{"damage_healed":0,"gold_gain":0,"player_choice":"Fought Mushrooms","damage_taken":0,"max_hp_gain":0,"max_hp_loss":0,"event_name":"Mushrooms","floor":14,"gold_loss":0},{"damage_healed":0,"gold_gain":0,"player_choice":"Read","damage_taken":0,"max_hp_gain":0,"max_hp_loss":0,"event_name":"The Library","floor":19,"gold_loss":0,"cards_obtained":["Protect"]},{"damage_healed":11,"gold_gain":0,"player_choice":"Full Heal","damage_taken":0,"max_hp_gain":0,"max_hp_loss":0,"event_name":"Wheel of Change","floor":20,"gold_loss":0}],"is_beta":false,"boss_relics":[{"not_picked":["SacredBark","SlaversCollar"],"picked":"Black Star"}],"items_purged_floors":[5,22],"is_endless":false,"potions_floor_spawned":[4,12,13],"killed_by":"Book of Stabbing","ascension_level":3}}