{"host":"65a95dzim48ko8ke","time":1608630626,"event":{"mods":["Act Like it!","BaseMod","Minty Spire (QoL Compilation)","StSLib","The Disciple","The Jungle"],"gold_per_floor":[114,114,189,208,208,233,233,265,265,265,279,279,299,70,70,70,70],"floor_reached":16,"playtime":1248,"items_purged":["Injury"],"score":108,"play_id":"5459924c-b86c-4722-88b8-c2e26cc4478b","local_time":"20201222185026","is_ascension_mode":false,"campfire_choices":[{"data":"HandsUpB","floor":7,"key":"SMITH"},{"floor":10,"key":"DIG"},{"floor":15,"key":"DIG"}],"circlet_count":0,"master_deck":["Strike_Br","Strike_Br","Strike_Br","Strike_Br","Defend_Br","Defend_Br","Defend_Br","Defend_Br","SecondHand","PatternShift","ReapSow","HandsUpB+1","LockedAnchor","LockedTornado","Rallentando","ShortSighted","LockedCalendar+1"],"relics":["Chronometer","Oddly Smooth Stone","Bag of Marbles","Shovel","Frozen Egg 2","Nunchaku","Golden Idol","Ornamental Fan"],"acts_visited":["Exordium"],"potions_floor_usage":[6,8],"damage_taken":[{"damage":0,"enemies":"2 Louse","floor":1,"turns":4},{"damage":3,"enemies":"Small Slimes","floor":4,"turns":4},{"damage":37,"enemies":"Gremlin Nob","floor":6,"turns":8},{"damage":15,"enemies":"Lagavulin","floor":8,"turns":10},{"damage":0,"enemies":"Jaw Worm","floor":11,"turns":3},{"damage":0,"enemies":"Large Slime","floor":13,"turns":6},{"damage":36,"enemies":"Hexaghost","floor":16,"turns":12}],"seed_played":"3860748625786008253","potions_obtained":[{"floor":1,"key":"Regen Potion"},{"floor":4,"key":"SneckoOil"},{"floor":6,"key":"FairyPotion"}],"is_trial":false,"path_per_floor":["M","?","?","M","?","E","R","E","T","R","M","?","M","$","R","B"],"character_chosen":"CHRONO_CLASS","items_purchased":["LockedCalendar+1"],"campfire_rested":0,"item_purchase_floors":[14],"current_hp_per_floor":[71,71,60,57,50,13,13,13,13,13,13,13,13,13,13,0,0],"gold":70,"neow_bonus":"TEN_PERCENT_HP_BONUS","is_daily":false,"chose_seed":false,"campfire_upgraded":1,"win_rate":0.0,"timestamp":1608630626,"path_taken":["M","?","?","M","?","E","R","E","T","R","?","?","M","$","R","BOSS"],"items_purchased_type":["Card"],"build_version":"2020-12-13","purchased_purges":1,"victory":false,"max_hp_per_floor":[71,71,71,71,71,71,71,71,71,71,71,71,71,71,71,71,71],"card_choices":[{"not_picked":["Parity","BlueShift"],"picked":"ReapSow","floor":1},{"not_picked":["HandsUpC","ReapSow"],"picked":"HandsUpB","floor":4},{"not_picked":["OverTime","BlueShift"],"picked":"LockedAnchor","floor":6},{"not_picked":["HandsUpB","Cuckoo"],"picked":"LockedTornado","floor":8},{"not_picked":["BlueShift","ExoVibe"],"picked":"Tempo","floor":11},{"not_picked":["PrimeTime","ReapSow"],"picked":"ShortSighted","floor":13}],"player_experience":260036,"relics_obtained":[{"floor":6,"key":"Bag of Marbles"},{"floor":8,"key":"Shovel"},{"floor":9,"key":"Frozen Egg 2"},{"floor":10,"key":"Nunchaku"},{"floor":15,"key":"Ornamental Fan"}],"event_choices":[{"damage_healed":0,"gold_gain":0,"player_choice":"Box","damage_taken":0,"relics_obtained":["Oddly Smooth Stone"],"max_hp_gain":0,"max_hp_loss":0,"event_name":"Big Fish","floor":2,"gold_loss":0,"cards_obtained":["Regret"]},{"damage_healed":0,"gold_gain":75,"player_choice":"Gather Gold","damage_taken":11,"max_hp_gain":0,"max_hp_loss":0,"event_name":"World of Goop","floor":3,"gold_loss":0},{"cards_removed":["Regret"],"damage_healed":0,"gold_gain":0,"player_choice":"Card Removal","damage_taken":7,"max_hp_gain":0,"max_hp_loss":0,"event_name":"Golden Wing","floor":5,"gold_loss":0},{"damage_healed":0,"gold_gain":0,"player_choice":"Take Wound","damage_taken":0,"relics_obtained":["Golden Idol"],"max_hp_gain":0,"max_hp_loss":0,"event_name":"Golden Idol","floor":12,"gold_loss":0,"cards_obtained":["Injury"]}],"is_beta":false,"boss_relics":[],"items_purged_floors":[14],"is_endless":false,"potions_floor_spawned":[1,4,6],"killed_by":"Hexaghost","ascension_level":0}}