{"host":"gbop6m4qugddaz18","time":1608662525,"event":{"mods":["2.2 Compatiblity","BaseMod","Better Third Choice","Block Reminder","Downfall","GifTheSpireLib","Highlight Path","Minty Spire (QoL Compilation)","Replay The Spire","StSLib"],"gold_per_floor":[118,137,151,151,165,165,185,185,185,185,219,238,266,266,266,266,266],"floor_reached":16,"playtime":543,"items_purged":[],"score":129,"play_id":"02bebcba-a00f-460e-be20-9b5afb2ea6bd","local_time":"20201222134205","is_ascension_mode":true,"campfire_choices":[{"data":"Armaments","floor":6,"key":"SMITH"},{"data":"Iron Wave","floor":8,"key":"SMITH"},{"data":"Flame Barrier","floor":10,"key":"SMITH"},{"data":"Iron Wave","floor":15,"key":"SMITH"}],"circlet_count":0,"master_deck":["Strike_R","Strike_R","Strike_R","Strike_R","Defend_R+1","Defend_R","Defend_R","Defend_R+1","Bash+1","Armaments+1","Wild Strike","Metallicize","Iron Wave+1","Flame Barrier+1","Double Tap","Iron Wave+1","Rage"],"relics":["Burning Blood","NeowsBlessing","Blood Vial","War Paint","Meat on the Bone"],"acts_visited":["Exordium"],"potions_floor_usage":[11,13,16,16],"damage_taken":[{"damage":0,"enemies":"2 Louse","floor":1,"turns":1},{"damage":0,"enemies":"Cultist","floor":2,"turns":1},{"damage":0,"enemies":"Small Slimes","floor":3,"turns":1},{"damage":5,"enemies":"Blue Slaver","floor":5,"turns":5},{"damage":8,"enemies":"Red Slaver","floor":7,"turns":5},{"damage":17,"enemies":"Gremlin Nob","floor":11,"turns":4},{"damage":0,"enemies":"3 Louse","floor":12,"turns":4},{"damage":18,"enemies":"Lagavulin","floor":13,"turns":7},{"damage":69,"enemies":"Hexaghost","floor":16,"turns":16}],"seed_played":"1908038137663338590","potions_obtained":[{"floor":2,"key":"Energy Potion"},{"floor":5,"key":"BlessingOfTheForge"},{"floor":7,"key":"PowerPotion"},{"floor":13,"key":"BlessingOfTheForge"}],"is_trial":false,"path_per_floor":["M","M","M","?","M","R","M","R","T","R","E","M","E","?","R","B"],"character_chosen":"IRONCLAD","items_purchased":[],"campfire_rested":0,"item_purchase_floors":[],"current_hp_per_floor":[80,80,80,80,80,80,78,78,78,78,69,77,67,67,67,0,0],"gold":266,"neow_bonus":"THREE_ENEMY_KILL","is_daily":false,"chose_seed":false,"campfire_upgraded":4,"win_rate":0.0,"timestamp":1608662525,"path_taken":["M","M","M","?","M","R","M","R","T","R","E","M","E","?","R","BOSS"],"items_purchased_type":[],"build_version":"2020-12-13","purchased_purges":0,"victory":false,"max_hp_per_floor":[80,80,80,80,80,80,80,80,80,80,80,80,80,80,80,80,80],"card_choices":[{"not_picked":["Hemokinesis","Sword Boomerang"],"picked":"Armaments","floor":1},{"not_picked":["Feel No Pain","Warcry"],"picked":"Wild Strike","floor":2},{"not_picked":["Havoc","Body Slam"],"picked":"Metallicize","floor":3},{"not_picked":["Shockwave","ReplayTheSpireMod:Stacked"],"picked":"Iron Wave","floor":5},{"not_picked":["Wild Strike","Body Slam"],"picked":"Flame Barrier","floor":7},{"not_picked":["Brutality","Body Slam"],"picked":"Double Tap","floor":11},{"not_picked":["ReplayTheSpireMod:Limb From Limb","True Grit"],"picked":"Iron Wave","floor":12},{"not_picked":["Flex","Intimidate"],"picked":"Rage","floor":13}],"player_experience":581740,"relics_obtained":[{"floor":9,"key":"Blood Vial"},{"floor":11,"key":"War Paint"},{"floor":13,"key":"Meat on the Bone"}],"event_choices":[{"cards_removed":["Strike_R"],"damage_healed":0,"gold_gain":0,"player_choice":"Purged","damage_taken":0,"max_hp_gain":0,"max_hp_loss":0,"event_name":"Purifier","floor":14,"gold_loss":0}],"is_beta":false,"boss_relics":[],"items_purged_floors":[],"is_endless":false,"potions_floor_spawned":[2,5,7,13],"killed_by":"Hexaghost","ascension_level":3}}