{"host":"36ls4ricihodphgx","time":1608678300,"event":{"mods":["AchievementEnabler","BaseMod","Colored Map","Downfall","Hermit","HololiveMod","Marisa????????","Minty Spire (QoL Compilation)","Replay The Spire","StSLib","The Animator","The Cursed","The Servant 0.9.4"],"gold_per_floor":[112,130,130,130,49,49,82,82,109,58,109,109,109,120,120,221,221,231,244,244,244,254,254,83,99,167,14,49,49,2,18,18,122,122,134,89,107,107,126,159,159,170,170,186,199,159,176,193,193,193],"floor_reached":51,"playtime":2478,"items_purged":["Regret"],"score":897,"play_id":"12a1139e-25d8-4479-9291-cf912d826f8c","local_time":"20201222160500","is_ascension_mode":false,"campfire_choices":[{"data":"Metallicize","floor":6,"key":"SMITH"},{"data":"Perfected Strike","floor":8,"key":"SMITH"},{"data":"Shrug It Off","floor":12,"key":"SMITH"},{"floor":15,"key":"REST"},{"data":"Barricade","floor":23,"key":"SMITH"},{"floor":32,"key":"REST"},{"data":"Fire Breathing","floor":41,"key":"SMITH"},{"data":"Whirlwind","floor":49,"key":"SMITH"}],"circlet_count":0,"master_deck":["Strike_R","Strike_R","Strike_R","Strike_R","Strike_R","Defend_R+1","Defend_R","Defend_R","Defend_R","Bash+1","Body Slam+1","Perfected Strike+1","Metallicize+1","Shrug It Off+1","Barricade+1","Thunderclap","Voices","Decay","Entrench+1","Iron Wave","Second Wind+1","Shrug It Off+1","ReplayTheSpireMod:Muscle Training+1","Reaper","Amnesia","Replay:Sluggish","ReplayTheSpireMod:Faulty Equipment","Body Slam+1","Whirlwind+1","Iron Wave+1","Fire Breathing+1","Parasite","Shrug It Off+1","Cleave+1"],"relics":["Black Blood","NeowsBlessing","Gambling Chip","Shuriken","Whetstone","Ring of Misfortune","Toxic Egg 2","Anchor","Gremlin Food","Replay:Ancient Bell","Replay:Mystery Machine","Quantum Egg","StoneCalendar","Ornamental Fan","Bag of Preparation","Frozen Egg 2"],"acts_visited":["Exordium","TheCity","TheBeyond"],"potions_floor_usage":[18,19,50],"damage_taken":[{"damage":0,"enemies":"Small Slimes","floor":1,"turns":1},{"damage":0,"enemies":"2 Louse","floor":2,"turns":1},{"damage":0,"enemies":"Gremlin Nob","floor":7,"turns":1},{"damage":5,"enemies":"Jaw Worm","floor":14,"turns":3},{"damage":55,"enemies":"Slime Boss","floor":16,"turns":16},{"damage":13,"enemies":"Shell Parasite","floor":18,"turns":7},{"damage":9,"enemies":"Chosen","floor":19,"turns":6},{"damage":16,"enemies":"Centurion and Healer","floor":22,"turns":10},{"damage":15,"enemies":"Chosen and Byrds","floor":25,"turns":12},{"damage":55,"enemies":"Gremlin Leader","floor":28,"turns":11},{"damage":0,"enemies":"3 Cultists","floor":31,"turns":5},{"damage":12,"enemies":"Pondfish","floor":33,"turns":17},{"damage":7,"enemies":"Orb Walker","floor":35,"turns":7},{"damage":0,"enemies":"3 Shapes","floor":37,"turns":7},{"damage":3,"enemies":"Maw","floor":39,"turns":10},{"damage":0,"enemies":"Giant Head","floor":40,"turns":8},{"damage":21,"enemies":"Writhing Mass","floor":42,"turns":6},{"damage":32,"enemies":"Spire Growth","floor":44,"turns":6},{"damage":21,"enemies":"Jaw Worm Horde","floor":45,"turns":3},{"damage":12,"enemies":"Sphere and 2 Shapes","floor":47,"turns":5},{"damage":0,"enemies":"3 Darklings","floor":48,"turns":4},{"damage":44,"enemies":"Replay:Hell Engine","floor":50,"turns":11}],"seed_played":"5950805772692476457","potions_obtained":[{"floor":1,"key":"Flashbang"},{"floor":2,"key":"Block Potion"},{"floor":11,"key":"PowerPotion"},{"floor":22,"key":"AttackPotion"},{"floor":33,"key":"Toxic Potion"},{"floor":37,"key":"champ:CounterPotion"}],"is_trial":false,"path_per_floor":["M","M","?","?","$","R","E","R","T","$","?","R","?","M","R","B",null,"M","M","?","?","M","R","$","M","T","$","E","?","$","M","R","B",null,"M","$","M","?","M","E","R","M","T","M","M","?","M","M","R","B",null],"character_chosen":"IRONCLAD","items_purchased":["Metallicize","Shrug It Off","Entrench+1","Iron Wave","Anchor","Shrug It Off+1","Body Slam"],"campfire_rested":2,"item_purchase_floors":[5,10,24,24,27,30,36],"current_hp_per_floor":[80,80,80,80,80,80,80,80,80,80,60,60,60,61,80,31,80,79,80,80,80,76,76,76,73,73,73,30,30,30,42,66,66,80,80,80,80,80,80,80,80,71,71,51,42,42,42,75,75,43],"gold":193,"neow_bonus":"THREE_ENEMY_KILL","is_daily":false,"chose_seed":false,"campfire_upgraded":6,"win_rate":0.0,"timestamp":1608678300,"path_taken":["M","M","?","?","$","R","E","R","T","?","?","R","?","?","R","BOSS","M","M","?","?","M","R","$","M","T","$","E","?","?","M","R","BOSS","M","$","M","?","?","E","R","M","T","?","M","?","?","?","R","BOSS"],"items_purchased_type":["Card","Card","Card","Card","Relic","Card","Card"],"build_version":"2020-12-13","purchased_purges":1,"victory":true,"max_hp_per_floor":[80,80,80,80,80,80,80,80,80,80,80,80,80,80,80,80,80,80,80,80,80,80,80,80,80,80,80,80,80,80,80,80,80,80,80,80,80,80,80,80,80,80,80,80,80,80,80,80,80,80],"card_choices":[{"not_picked":["Searing Blow","Pommel Strike"],"picked":"Body Slam","floor":1},{"not_picked":["Clash","ReplayTheSpireMod:Strike From Hell"],"picked":"Perfected Strike","floor":2},{"not_picked":["Armaments","Dropkick","Bloodletting"],"picked":"SKIP","floor":7},{"not_picked":["Sever Soul","Armaments","Sword Boomerang"],"picked":"SKIP","floor":14},{"not_picked":["Demonic Infusion","Juggernaut"],"picked":"Barricade","floor":16},{"not_picked":["Clothesline","True Grit","Replay:Undeath\u0027s Touch"],"picked":"SKIP","floor":18},{"not_picked":["Uppercut","Run Through"],"picked":"Thunderclap","floor":19},{"not_picked":["Pommel Strike","ReplayTheSpireMod:Strike From Hell","Warcry+1"],"picked":"SKIP","floor":22},{"not_picked":["Dual Wield","Clothesline"],"picked":"Second Wind+1","floor":25},{"not_picked":["Replay:Undeath\u0027s Touch","ReplayTheSpireMod:LeadingStrike","Uppercut"],"picked":"SKIP","floor":28},{"not_picked":["Warcry+1","Corruption"],"picked":"ReplayTheSpireMod:Muscle Training+1","floor":31},{"not_picked":["Hemogenesis","Brutality"],"picked":"Reaper","floor":33},{"not_picked":["Parasite","Regret"],"picked":"Amnesia","floor":34},{"not_picked":["Clumsy","ReplayTheSpireMod:Doomed"],"picked":"Replay:Sluggish","floor":34},{"not_picked":["Regret","Pain"],"picked":"ReplayTheSpireMod:Faulty Equipment","floor":34},{"not_picked":["Intimidate+1","Thunderclap","Pommel Strike+1"],"picked":"SKIP","floor":35},{"not_picked":["Rupture+1","Flex+1"],"picked":"Whirlwind","floor":37},{"not_picked":["Run Through+1","Searing Blow+1"],"picked":"Iron Wave+1","floor":39},{"not_picked":["Defy Death+1","Carnage+1"],"picked":"Fire Breathing","floor":40},{"not_picked":["Armaments+1","Sever Soul","Sword Boomerang+1"],"picked":"SKIP","floor":42},{"not_picked":["Pommel Strike","Flame Barrier+1"],"picked":"Shrug It Off+1","floor":44},{"not_picked":["Bloodletting+1","Pommel Strike","Demonic Infusion+1"],"picked":"SKIP","floor":45},{"not_picked":["Sword Boomerang","Replay:Undeath\u0027s Touch+1","Searing Blow+1"],"picked":"SKIP","floor":47},{"not_picked":["Thunderclap","Sword Boomerang+1"],"picked":"Cleave+1","floor":48}],"player_experience":14920,"relics_obtained":[{"floor":7,"key":"Shuriken"},{"floor":9,"key":"Whetstone"},{"floor":20,"key":"Ring of Misfortune"},{"floor":26,"key":"Toxic Egg 2"},{"floor":28,"key":"Gremlin Food"},{"floor":38,"key":"Ornamental Fan"},{"floor":40,"key":"Bag of Preparation"},{"floor":43,"key":"Frozen Egg 2"}],"event_choices":[{"damage_healed":0,"gold_gain":0,"player_choice":"Leave","damage_taken":0,"max_hp_gain":0,"max_hp_loss":0,"event_name":"The Cleric","floor":3,"gold_loss":0},{"damage_healed":0,"gold_gain":0,"player_choice":"Box","damage_taken":0,"relics_obtained":["Gambling Chip"],"max_hp_gain":0,"max_hp_loss":0,"event_name":"Big Fish","floor":4,"gold_loss":0,"cards_obtained":["Regret"]},{"damage_healed":0,"gold_gain":0,"player_choice":"Bought 0 Potions","damage_taken":0,"max_hp_gain":0,"max_hp_loss":0,"event_name":"The Woman in Blue","floor":13,"gold_loss":0},{"damage_healed":0,"gold_gain":0,"player_choice":"Smashed Altar","damage_taken":0,"max_hp_gain":0,"max_hp_loss":0,"event_name":"Forgotten Altar","floor":21,"gold_loss":0,"cards_obtained":["Decay"]},{"damage_healed":0,"gold_gain":0,"player_choice":"Ignored","damage_taken":0,"max_hp_gain":0,"max_hp_loss":0,"event_name":"Vampires","floor":29,"gold_loss":0},{"damage_healed":0,"gold_gain":0,"player_choice":"Relic","damage_taken":0,"max_hp_gain":0,"max_hp_loss":0,"event_name":"Wheel of Change","floor":38,"gold_loss":0},{"damage_healed":0,"gold_gain":0,"player_choice":"Upgrade","damage_taken":0,"max_hp_gain":0,"max_hp_loss":0,"event_name":"Designer","floor":46,"gold_loss":40,"cards_upgraded":["Body Slam"]}],"is_beta":false,"boss_relics":[{"not_picked":["ChewingGum","Coffee Dripper"],"picked":"Black Blood"},{"not_picked":["Hololive_TopUpMoneyS","Ooze Armor"],"picked":"Replay:Ancient Bell"},{"not_picked":["Ancient Tea Set","Dream Catcher"],"picked":"Replay:Mystery Machine"},{"not_picked":["Onion Ring","InkBottle"],"picked":"Quantum Egg"},{"not_picked":["Counterbalance","Champion Belt"],"picked":"StoneCalendar"}],"items_purged_floors":[24],"is_endless":false,"potions_floor_spawned":[1,2,16,22,33,35,37,39,45],"ascension_level":0}}