{"host":"5jn3rki867005t18","time":1608647097,"event":{"mods":["2.2 Compatiblity","AchievementEnabler","BaseMod","Colored Map","DeckTracker","Minty Spire (QoL Compilation)","Permanent Neow","Rare Cards Sparkle","StSLib","SuperFastMode"],"gold_per_floor":[111,111,125,125,146,146,166,166,234,258,283,316,391,412,412,535,535,554,572,585,585,600,600,613,613,613,17,17,37,81,81,81,209,209,228,243,4,24,24,24,45,58,58,12,0,0,0,23,23,23,23],"floor_reached":50,"playtime":3221,"items_purged":["Strike_G"],"score":495,"play_id":"266c8694-a2e7-490b-85a0-1e0cb8c45b60","local_time":"20201222232457","is_ascension_mode":false,"campfire_choices":[{"data":"Dramatic Entrance","floor":6,"key":"SMITH"},{"floor":15,"key":"REST"},{"floor":23,"key":"REST"},{"floor":25,"key":"REST"},{"floor":28,"key":"REST"},{"floor":32,"key":"REST"},{"floor":40,"key":"REST"},{"floor":46,"key":"REST"},{"floor":49,"key":"REST"}],"circlet_count":0,"master_deck":["Strike_G","Defend_G","Defend_G","Defend_G","Defend_G","Defend_G","Survivor","Neutralize","Dramatic Entrance+1","Finisher","Injury","Backflip","Underhanded Strike","Prepared","Pain","Sucker Punch","Choke","Cloak And Dagger","Dagger Spray","Envenom","Venomology+1","Bouncing Flask+1","Riddle With Holes+1","Dagger Spray+1","Poisoned Stab","Crippling Poison","Endless Agony","Eviscerate","Flying Knee","Sadistic Nature","Accuracy","Die Die Die","Predator","Burst","Blade Dance","Distraction+1","Violence","Deflect","Backflip+1","PiercingWail","Deflect","Slice","Neutralize","Dagger Throw+1"],"relics":["Ring of the Serpent","Golden Idol","WarpedTongs","Paper Crane","Pen Nib","Astrolabe","Question Card","Meat on the Bone","Omamori","InkBottle","Red Mask"],"acts_visited":["Exordium","TheCity","TheBeyond"],"potions_floor_usage":[16,16,18,20,20,21,22,22,24,24,30,30,30,31,33,33,35,41,41,42,42,50,50],"damage_taken":[{"damage":0,"enemies":"2 Louse","floor":1,"turns":1},{"damage":0,"enemies":"Jaw Worm","floor":3,"turns":3},{"damage":1,"enemies":"Cultist","floor":5,"turns":4},{"damage":2,"enemies":"Blue Slaver","floor":7,"turns":3},{"damage":0,"enemies":"3 Louse","floor":10,"turns":1},{"damage":0,"enemies":"Gremlin Gang","floor":11,"turns":2},{"damage":16,"enemies":"3 Sentries","floor":12,"turns":7},{"damage":0,"enemies":"Lots of Slimes","floor":14,"turns":1},{"damage":40,"enemies":"Slime Boss","floor":16,"turns":11},{"damage":15,"enemies":"Shell Parasite","floor":18,"turns":6},{"damage":21,"enemies":"2 Thieves","floor":19,"turns":3},{"damage":30,"enemies":"Snake Plant","floor":20,"turns":5},{"damage":13,"enemies":"Chosen and Byrds","floor":22,"turns":4},{"damage":7,"enemies":"Cultist and Chosen","floor":24,"turns":4},{"damage":7,"enemies":"Centurion and Healer","floor":29,"turns":5},{"damage":23,"enemies":"Slavers","floor":30,"turns":4},{"damage":9,"enemies":"3 Cultists","floor":31,"turns":3},{"damage":63,"enemies":"Automaton","floor":33,"turns":10},{"damage":21,"enemies":"3 Darklings","floor":35,"turns":5},{"damage":10,"enemies":"Orb Walker","floor":36,"turns":3},{"damage":13,"enemies":"4 Shapes","floor":38,"turns":2},{"damage":16,"enemies":"Spire Growth","floor":41,"turns":2},{"damage":17,"enemies":"Writhing Mass","floor":42,"turns":6},{"damage":7,"enemies":"3 Darklings","floor":48,"turns":3},{"damage":109,"enemies":"Donu and Deca","floor":50,"turns":9}],"seed_played":"-8947970219421496314","potions_obtained":[{"floor":3,"key":"Explosive Potion"},{"floor":7,"key":"Swift Potion"},{"floor":10,"key":"GamblersBrew"},{"floor":11,"key":"GamblersBrew"},{"floor":19,"key":"DuplicationPotion"},{"floor":20,"key":"Fruit Juice"},{"floor":21,"key":"DuplicationPotion"},{"floor":21,"key":"GhostInAJar"},{"floor":29,"key":"Fire Potion"},{"floor":33,"key":"FairyPotion"},{"floor":36,"key":"SteroidPotion"},{"floor":38,"key":"Swift Potion"},{"floor":48,"key":"SpeedPotion"}],"is_trial":false,"path_per_floor":["M","?","M","?","M","R","M","?","T","M","M","E","?","M","R","B",null,"M","M","M","?","M","R","M","R","T","$","R","M","E","M","R","B",null,"M","M","$","M","?","R","M","M","T","$","?","R","?","M","R","B"],"character_chosen":"THE_SILENT","items_purchased":["Flying Knee","Sadistic Nature","Accuracy","Meat on the Bone","Violence","Deflect","Slice"],"campfire_rested":8,"item_purchase_floors":[27,27,27,27,37,37,44],"current_hp_per_floor":[70,70,70,75,74,74,72,72,72,72,72,56,45,45,67,27,75,60,39,9,14,1,25,18,42,42,42,66,59,48,51,75,24,80,59,49,49,48,48,72,56,51,51,51,51,75,75,68,80,0,0],"gold":23,"neow_bonus":"RANDOM_COLORLESS","is_daily":false,"chose_seed":false,"campfire_upgraded":1,"win_rate":0.0,"timestamp":1608647097,"path_taken":["M","?","M","?","M","R","M","?","T","?","M","E","?","M","R","BOSS","M","M","M","?","?","R","M","R","T","$","R","M","E","M","R","BOSS","M","M","?","M","?","R","M","?","T","$","?","R","?","M","R","BOSS"],"items_purchased_type":["Card","Card","Card","Relic","Card","Card","Card"],"build_version":"2020-12-13","purchased_purges":1,"victory":false,"max_hp_per_floor":[70,70,70,75,75,75,75,75,75,75,75,75,75,75,75,75,75,75,75,75,80,80,80,80,80,80,80,80,80,80,80,80,80,80,80,80,80,80,80,80,80,80,80,80,80,80,80,80,80,80,80],"card_choices":[{"not_picked":["Good Instincts","Purity"],"picked":"Dramatic Entrance","floor":0},{"not_picked":["Bane","Tactician"],"picked":"Finisher","floor":1},{"not_picked":["Leg Sweep","Terror"],"picked":"Backflip","floor":3},{"not_picked":["Quick Slash","Tactician"],"picked":"Underhanded Strike","floor":5},{"not_picked":["Underhanded Strike","Well Laid Plans"],"picked":"Prepared","floor":7},{"not_picked":["Skewer","Dodge and Roll"],"picked":"Sucker Punch","floor":10},{"not_picked":["Prepared","Riddle With Holes"],"picked":"Choke","floor":11},{"not_picked":["Deflect","Blade Dance"],"picked":"Cloak And Dagger","floor":12},{"not_picked":["Cloak And Dagger","Underhanded Strike"],"picked":"Dagger Spray","floor":14},{"not_picked":["Venomology","Night Terror"],"picked":"Envenom","floor":16},{"not_picked":["Escape Plan","Poisoned Stab+1"],"picked":"Dagger Spray+1","floor":18},{"not_picked":["Quick Slash","Prepared"],"picked":"Poisoned Stab","floor":19},{"not_picked":["Dash","Acrobatics"],"picked":"Crippling Poison","floor":20},{"not_picked":["Caltrops+1","Flechettes+1"],"picked":"Endless Agony","floor":22},{"not_picked":["Outmaneuver","Underhanded Strike+1"],"picked":"Eviscerate","floor":24},{"not_picked":["Distraction+1","Well Laid Plans","Blade Dance"],"picked":"Die Die Die","floor":29},{"not_picked":["Deadly Poison","Choke","Quick Slash"],"picked":"Predator","floor":30},{"not_picked":["Crippling Poison+1","Outmaneuver","Burst","Backflip"],"picked":"SKIP","floor":31},{"not_picked":["Die Die Die","Venomology","After Image"],"picked":"Burst","floor":33},{"not_picked":["Prepared","Reflex+1","Outmaneuver"],"picked":"Blade Dance","floor":35},{"not_picked":["Reflex+1","Acrobatics","Sucker Punch+1"],"picked":"Distraction+1","floor":36},{"not_picked":["Prepared+1","Dagger Spray+1","Heel Hook+1"],"picked":"Backflip+1","floor":38},{"not_picked":["Slice+1","Backflip","All Out Attack"],"picked":"PiercingWail","floor":41},{"not_picked":["Backflip+1","Sucker Punch+1","Unload"],"picked":"Deflect","floor":42},{"not_picked":["Slice+1","Underhanded Strike","Flechettes"],"picked":"Dagger Throw+1","floor":48}],"player_experience":68285,"relics_obtained":[{"floor":9,"key":"Paper Crane"},{"floor":12,"key":"Pen Nib"},{"floor":26,"key":"Question Card"},{"floor":30,"key":"Omamori"},{"floor":43,"key":"InkBottle"}],"event_choices":[{"damage_healed":0,"gold_gain":0,"player_choice":"Take Wound","damage_taken":0,"relics_obtained":["Golden Idol"],"max_hp_gain":0,"max_hp_loss":0,"event_name":"Golden Idol","floor":2,"gold_loss":0,"cards_obtained":["Injury"]},{"damage_healed":0,"gold_gain":0,"player_choice":"Donut","damage_taken":0,"max_hp_gain":5,"max_hp_loss":0,"event_name":"Big Fish","floor":4,"gold_loss":0},{"damage_healed":0,"gold_gain":0,"player_choice":"Rummage","damage_taken":0,"relics_obtained":["WarpedTongs"],"max_hp_gain":0,"max_hp_loss":0,"event_name":"Accursed Blacksmith","floor":8,"gold_loss":0,"cards_obtained":["Pain"]},{"damage_healed":0,"gold_gain":75,"player_choice":"Gather Gold","damage_taken":11,"max_hp_gain":0,"max_hp_loss":0,"event_name":"World of Goop","floor":13,"gold_loss":0},{"damage_healed":0,"gold_gain":0,"player_choice":"Got Potions","damage_taken":0,"max_hp_gain":0,"max_hp_loss":0,"event_name":"Lab","floor":21,"gold_loss":0},{"damage_healed":0,"gold_gain":0,"player_choice":"Ignored","damage_taken":0,"max_hp_gain":0,"max_hp_loss":0,"event_name":"SecretPortal","floor":39,"gold_loss":0},{"damage_healed":0,"gold_gain":0,"player_choice":"Paid","damage_taken":0,"relics_obtained":["Red Mask"],"max_hp_gain":0,"max_hp_loss":0,"event_name":"Tomb of Lord Red Mask","floor":45,"gold_loss":12},{"damage_healed":0,"gold_gain":0,"player_choice":"1 cards matched","damage_taken":0,"max_hp_gain":0,"max_hp_loss":0,"event_name":"Match and Keep!","floor":47,"gold_loss":0,"cards_obtained":["Neutralize"]}],"is_beta":false,"boss_relics":[{"not_picked":["Velvet Choker","SacredBark"],"picked":"Astrolabe"},{"not_picked":["Empty Cage","HoveringKite"],"picked":"Ring of the Serpent"}],"items_purged_floors":[27],"is_endless":false,"potions_floor_spawned":[3,7,10,11,19,20,29,33,36,38,48],"killed_by":"Donu and Deca","ascension_level":0}}