{"host":"vvaf77k5q4hdboei","time":1608628906,"event":{"mods":["BaseMod","Block Reminder","Curses Come First","DeckTracker","Marisa????????","Minty Spire (QoL Compilation)","Quick Restart","Rare Cards Sparkle","Replay The Spire","StSLib","The Cursed","The Servant 0.9.4"],"gold_per_floor":[110,110,110,121,46,75,75,75,75,91,91,91,120,133,133,228,228,240,9,25,25,25,53,53,93,148,148,73,44,68,80,80,175,175,188,63,79,79,97,97,171,181,181,181,247,247,265,322,322,337],"floor_reached":51,"playtime":4922,"items_purged":["Strike_MRS","Strike_MRS","Strike_MRS"],"score":996,"play_id":"3ab924e5-f8f7-4096-85cd-02992e156095","local_time":"20201222072146","is_ascension_mode":false,"campfire_choices":[{"data":"UpSweep","floor":7,"key":"SMITH"},{"data":"UnstableBomb","floor":15,"key":"SMITH"},{"data":"MysteriousBeam","floor":24,"key":"SMITH"},{"data":"MilkyWay","floor":27,"key":"SMITH"},{"data":"UnstableBomb","floor":32,"key":"SMITH"},{"data":"DeepEcoloBomb","floor":40,"key":"SMITH"},{"floor":46,"key":"REST"},{"data":"SprinkleStarSeal","floor":49,"key":"SMITH"}],"circlet_count":0,"master_deck":["Strike_MRS","Defend_MRS","Defend_MRS","Defend_MRS","MasterSpark","UpSweep+1","6A","StarBarrage+1","MysteriousBeam+1","Singularity+1","Sunder","UnstableBomb+1","ReplayRNGCard+1","DeepEcoloBomb+1","UnstableBomb+1","MilkyWay+1","ReplayTheSpireMod:IOU","ReplayTheSpireMod:IOU","NonDirectionalLaser","SprinkleStarSeal+1","StarBarrage+1","ReplayTheSpireMod:IOU","BlazeAway+1","StarBarrage+1","StarBarrage+1","DarkMatter","Wraith","ReplayTheSpireMod:Splinters","DoubleSpark","OortCloud+1","UnstableBomb"],"relics":["NeowsBlessing","Iron Hammer","m_SpellCore","Regal Pillow","Question Card","Kunai","ReplayTheSpireMod:Shallot","Busted Crown","Membership Card","ReplayTheSpireMod:Ring of Challenge","Ring of Misfortune","Snack Pack","Replay:Wax Seal","TheAbacus","Pear","ReplayTheSpireMod:TigerMarble","Potion Belt","ReplayFunnel","Painkiller Herb","Replay:Bottled Eggs","Guide Book","InkBottle","White Beast Statue","Simple Rune"],"acts_visited":["Exordium","TheCity","TheBeyond"],"potions_floor_usage":[16,20,23,31,33,33,41,48,50,50],"damage_taken":[{"damage":0,"enemies":"Small Slimes","floor":1,"turns":1},{"damage":0,"enemies":"2 Louse","floor":4,"turns":1},{"damage":0,"enemies":"3 Sentries","floor":6,"turns":1},{"damage":0,"enemies":"Cultist","floor":10,"turns":2},{"damage":0,"enemies":"Gremlin Nob","floor":13,"turns":3},{"damage":3,"enemies":"2 Fungi Beasts","floor":14,"turns":3},{"damage":25,"enemies":"Hexaghost","floor":16,"turns":7},{"damage":0,"enemies":"Chosen","floor":18,"turns":4},{"damage":0,"enemies":"2 Thieves","floor":20,"turns":2},{"damage":23,"enemies":"Slavers","floor":23,"turns":7},{"damage":0,"enemies":"Replay:Snechameleon","floor":29,"turns":6},{"damage":7,"enemies":"Sentry and Sphere","floor":31,"turns":4},{"damage":0,"enemies":"Pondfish","floor":33,"turns":16},{"damage":3,"enemies":"3 Shapes","floor":35,"turns":5},{"damage":0,"enemies":"Orb Walker","floor":37,"turns":3},{"damage":0,"enemies":"Spire Growth","floor":39,"turns":4},{"damage":40,"enemies":"Reptomancer","floor":41,"turns":8},{"damage":15,"enemies":"Sphere and 2 Shapes","floor":42,"turns":4},{"damage":14,"enemies":"4 Shapes","floor":47,"turns":4},{"damage":11,"enemies":"Jaw Worm Horde","floor":48,"turns":12},{"damage":0,"enemies":"Replay:Hell Engine","floor":50,"turns":19}],"seed_played":"1242374775143703744","potions_obtained":[{"floor":6,"key":"Milkshake"},{"floor":10,"key":"Milkshake"},{"floor":14,"key":"Fire Potion"},{"floor":16,"key":"FearPotion"},{"floor":23,"key":"Reflective Coating"},{"floor":29,"key":"Strength Potion"},{"floor":37,"key":"Weak Potion"},{"floor":45,"key":"Dexterity Potion"},{"floor":45,"key":"Explosive Potion"},{"floor":47,"key":"Block Potion"},{"floor":48,"key":"GamblersBrew"}],"is_trial":false,"path_per_floor":["M","?","?","M","$","E","R","?","T","M","?","T","E","M","R","B",null,"M","$","M","?","$","E","R","$","T","R","?","E","T","M","R","B",null,"?","T","?","?","?","T","E","?","T","?","?","T","?","?","T","B",null],"character_chosen":"MARISA","items_purchased":["Membership Card","UnstableBomb","Replay:Wax Seal","TheAbacus","Pear","StarBarrage+1","Replay:Bottled Eggs","Guide Book"],"campfire_rested":1,"item_purchase_floors":[19,19,25,25,25,36,36,36],"current_hp_per_floor":[75,75,75,75,75,75,75,75,75,75,63,63,63,60,60,35,75,75,75,75,75,75,52,52,62,62,62,62,64,64,61,61,77,85,84,84,85,85,85,85,57,48,48,48,48,85,75,74,74,85],"gold":337,"neow_bonus":"THREE_ENEMY_KILL","is_daily":false,"chose_seed":false,"campfire_upgraded":7,"win_rate":0.0,"timestamp":1608628906,"path_taken":["M","?","?","?","$","E","R","?","T","M","?","?","E","M","R","BOSS","M","$","M","?","$","E","R","$","T","R","?","E","?","M","R","BOSS","?","T","?","?","?","T","E","?","T","?","?","T","?","?","T","BOSS"],"items_purchased_type":["Relic","Card","Relic","Relic","Relic","Card","Relic","Relic"],"build_version":"2020-12-13","purchased_purges":3,"victory":true,"max_hp_per_floor":[75,75,75,75,75,75,75,75,75,75,75,75,75,75,75,75,75,75,75,75,75,75,75,75,85,85,85,85,85,85,85,85,85,85,85,85,85,85,85,85,85,85,85,85,85,85,85,85,85,85],"card_choices":[{"not_picked":["PowerUp","EventHorizon"],"picked":"6A","floor":1},{"not_picked":["Occultation","Acceleration"],"picked":"StarBarrage","floor":4},{"not_picked":["AsteroidBelt","IllusionStar"],"picked":"MysteriousBeam","floor":6},{"not_picked":["IllusionStar","DoubleSpark"],"picked":"Singularity","floor":10},{"not_picked":["GrandCross","Replay:Spark Circuitry","Reboot"],"picked":"Sunder","floor":13},{"not_picked":["Beam Cell","IllusionStar","OrrerysSun"],"picked":"UnstableBomb","floor":14},{"not_picked":["Biased Cognition","FinalSpark","BigCrunch"],"picked":"ReplayRNGCard","floor":16},{"not_picked":["OrrerysSun"],"picked":"DeepEcoloBomb","floor":18},{"not_picked":["AsteroidBelt"],"picked":"MilkyWay","floor":20},{"not_picked":["DarkMatter","ManaConvection+1"],"picked":"SKIP","floor":23},{"not_picked":["ManaConvection","Acceleration"],"picked":"SKIP","floor":29},{"not_picked":["UnstableBomb"],"picked":"NonDirectionalLaser","floor":31},{"not_picked":["DarkSpark"],"picked":"SprinkleStarSeal","floor":35},{"not_picked":["MagicChant"],"picked":"BlazeAway+1","floor":37},{"not_picked":["SporeBomb"],"picked":"StarBarrage","floor":39},{"not_picked":["EarthLightRay"],"picked":"DarkMatter","floor":41},{"not_picked":["Occultation+1","GravityBeat"],"picked":"SKIP","floor":42},{"not_picked":["WitchLeyline+1"],"picked":"DoubleSpark","floor":45},{"not_picked":["GrandCross+1"],"picked":"OortCloud+1","floor":47},{"not_picked":["WitchOfGreed+1"],"picked":"UnstableBomb","floor":48}],"player_experience":4967,"relics_obtained":[{"floor":6,"key":"Iron Hammer"},{"floor":9,"key":"Regal Pillow"},{"floor":12,"key":"Kunai"},{"floor":13,"key":"ReplayTheSpireMod:Shallot"},{"floor":21,"key":"ReplayTheSpireMod:Ring of Challenge"},{"floor":21,"key":"Ring of Misfortune"},{"floor":23,"key":"Snack Pack"},{"floor":26,"key":"ReplayTheSpireMod:TigerMarble"},{"floor":29,"key":"Potion Belt"},{"floor":30,"key":"ReplayFunnel"},{"floor":41,"key":"InkBottle"},{"floor":43,"key":"White Beast Statue"},{"floor":45,"key":"Simple Rune"}],"event_choices":[{"damage_healed":0,"gold_gain":0,"player_choice":"Leave","damage_taken":0,"max_hp_gain":0,"max_hp_loss":0,"event_name":"The Cleric","floor":2,"gold_loss":0},{"damage_healed":0,"gold_gain":0,"player_choice":"Bought 0 Potions","damage_taken":0,"max_hp_gain":0,"max_hp_loss":0,"event_name":"The Woman in Blue","floor":3,"gold_loss":0},{"damage_healed":0,"gold_gain":0,"player_choice":"Success","damage_taken":12,"relics_obtained":["Question Card"],"max_hp_gain":0,"max_hp_loss":0,"event_name":"Scrap Ooze","floor":11,"gold_loss":0},{"cards_removed":["Defend_MRS"],"damage_healed":0,"gold_gain":0,"player_choice":"Gave Gold","damage_taken":0,"max_hp_gain":0,"max_hp_loss":0,"event_name":"Beggar","floor":28,"gold_loss":75},{"damage_healed":0,"gold_gain":0,"player_choice":"Copied","damage_taken":0,"max_hp_gain":0,"max_hp_loss":0,"event_name":"Duplicator","floor":38,"gold_loss":0,"cards_obtained":["StarBarrage"]},{"damage_healed":0,"gold_gain":0,"player_choice":"Ignored","damage_taken":0,"max_hp_gain":0,"max_hp_loss":0,"event_name":"OrinTheCat","floor":44,"gold_loss":0}],"is_beta":false,"boss_relics":[{"not_picked":["Velvet Choker","Replay:Wanted Poster"],"picked":"Busted Crown"},{"not_picked":["ChewingGum","Philosopher\u0027s Stone"],"picked":"Painkiller Herb"}],"items_purged_floors":[5,19,25],"is_endless":false,"potions_floor_spawned":[6,10,14,16,23,29,37,47,48],"ascension_level":0}}