{"host":"hi7fki77kkmhrce8","time":1608664448,"event":{"mods":["AchievementEnabler","Act Like it!","BaseMod","Beaked The Cultist","Colored Powertips","Downfall","Halation","Hallownest","Jedi Mod","Mad Scientist","Minty Spire (QoL Compilation)","Relic Stats","Replay The Spire","StSLib","SuperFastMode","The Blackbeard","The Construct","The Hierophant","The Necromancer","The Servant 0.9.4","The Witch"],"gold_per_floor":[118,133,151,170,170,170,200,200,227,264,288,300,329,354,366,378,378],"floor_reached":16,"playtime":615,"items_purged":[],"score":114,"play_id":"0a9d4209-65c1-44e9-bd4b-44db320f1fc7","local_time":"20201222141408","is_ascension_mode":false,"campfire_choices":[{"data":"Replay:Undeath\u0027s Touch","floor":6,"key":"SMITH"},{"data":"Seeing Red","floor":8,"key":"SMITH"},{"floor":12,"key":"REST"},{"data":"Perfected Strike","floor":15,"key":"SMITH"}],"circlet_count":0,"master_deck":["Strike_R","Strike_R","Strike_R","Strike_R","Strike_R","Defend_R","Defend_R","Defend_R","Defend_R","Bash","Whirlwind","ReplayTheSpireMod:LeadingStrike","Perfected Strike+1","Replay:Undeath\u0027s Touch+1","Seeing Red+1","Anger","Shrug It Off","Sword Boomerang","Rage"],"relics":["Burning Blood","NeowsBlessing","Oddly Smooth Stone","MawBank","Pet Ghost"],"acts_visited":["Exordium"],"potions_floor_usage":[10,10,16,16],"damage_taken":[{"damage":0,"enemies":"Cultist","floor":1,"turns":1},{"damage":0,"enemies":"Jaw Worm","floor":2,"turns":1},{"damage":0,"enemies":"2 Louse","floor":3,"turns":1},{"damage":27,"enemies":"Exordium Thugs","floor":4,"turns":6},{"damage":28,"enemies":"Gremlin Nob","floor":7,"turns":4},{"damage":16,"enemies":"Replay:BlueRogue","floor":10,"turns":5},{"damage":0,"enemies":"Large Slime","floor":11,"turns":2},{"damage":3,"enemies":"Red Slaver","floor":13,"turns":3},{"damage":0,"enemies":"3 Louse","floor":14,"turns":1},{"damage":67,"enemies":"Hexaghost","floor":16,"turns":14}],"seed_played":"-658139574957308553","potions_obtained":[{"floor":1,"key":"SteroidPotion"},{"floor":2,"key":"AttackPotion"},{"floor":4,"key":"Fire Potion"},{"floor":11,"key":"DuplicationPotion"},{"floor":14,"key":"sneckomod:MuddlingPotion"}],"is_trial":false,"path_per_floor":["M","M","M","M","?","R","E","R","T","E","M","R","M","M","R","B"],"character_chosen":"IRONCLAD","items_purchased":[],"campfire_rested":1,"item_purchase_floors":[],"current_hp_per_floor":[80,80,80,59,59,59,37,37,37,27,33,57,60,66,66,0,0],"gold":378,"neow_bonus":"THREE_ENEMY_KILL","is_daily":false,"chose_seed":false,"campfire_upgraded":3,"win_rate":0.0,"timestamp":1608664448,"path_taken":["M","M","?","M","?","R","E","R","T","E","M","R","M","?","R","BOSS"],"items_purchased_type":[],"build_version":"2020-12-13","purchased_purges":0,"victory":false,"max_hp_per_floor":[80,80,80,80,80,80,80,80,80,80,80,80,80,80,80,80,80],"relic_stats":{"counters":[10,38],"MawBank":84,"obtain_stats":[{"NeowsBlessing":0,"Oddly Smooth Stone":7,"MawBank":9,"Burning Blood":0,"Pet Ghost":10},{"NeowsBlessing":0,"Oddly Smooth Stone":5,"MawBank":5,"Burning Blood":0,"Pet Ghost":6},{"NeowsBlessing":0,"Oddly Smooth Stone":13,"MawBank":13,"Burning Blood":0,"Pet Ghost":18}],"Burning Blood":36},"card_choices":[{"not_picked":["Havoc","jedi:MakeshiftSword"],"picked":"Whirlwind","floor":1},{"not_picked":["jedi:MakeshiftSword","ReplayTheSpireMod:Limb From Limb"],"picked":"ReplayTheSpireMod:LeadingStrike","floor":2},{"not_picked":["Flame Barrier","Dark Embrace"],"picked":"Perfected Strike","floor":3},{"not_picked":["Thunderclap","ReplayReversal"],"picked":"Replay:Undeath\u0027s Touch","floor":4},{"not_picked":["Combust","Infernal Blade"],"picked":"Seeing Red","floor":7},{"not_picked":["Feel No Pain","jedi:suffering"],"picked":"Anger","floor":10},{"not_picked":["Armaments","jedi:MakeshiftSword"],"picked":"Shrug It Off","floor":11},{"not_picked":["Warcry","Clash"],"picked":"Sword Boomerang","floor":13},{"not_picked":["Heavy Blade","Sentinel"],"picked":"Rage","floor":14}],"player_experience":135855,"relics_obtained":[{"floor":7,"key":"Oddly Smooth Stone"},{"floor":9,"key":"MawBank"},{"floor":10,"key":"Pet Ghost"}],"event_choices":[{"damage_healed":0,"gold_gain":0,"player_choice":"Bought 0 Potions","damage_taken":0,"max_hp_gain":0,"max_hp_loss":0,"event_name":"The Woman in Blue","floor":5,"gold_loss":0}],"is_beta":false,"boss_relics":[],"items_purged_floors":[],"is_endless":false,"potions_floor_spawned":[1,2,4,11,14],"killed_by":"Hexaghost","ascension_level":0}}