{"host":"pijh7er38uumsf33","time":1608619558,"event":{"mods":["AchievementEnabler","Act Like it!","BaseMod","Clockwork Mod","Conspire","Data Control","Downfall","Infinite Spire","Minty Spire (QoL Compilation)","Quick Restart","Rare Cards Sparkle","Replay The Spire","StSLib","Uncapped"],"gold_per_floor":[99,119,135,463,463,504,504,554,612,612,637,791,641,652,668,772,772,772,791,806,58,82,114,114,114,446,6537,6576,6576,6576,6590,6606,6704,6704,6704,6719,6719,6735,6746,6765,6765,6796,6815,6815,5927,5927,5943,5963,5978,6075,6175,6175,6186,6198,6208,6228,5487,5564,5564,5579,5597,5697,5727,5742,5802,5820,5915,5915,5915,5929,5979,5993,6009,4999,5028,5178,5189,5217,5217,5237,5279,5299,5317,5420,5420,5420,5346,5396,5396,5409,4508,4543,4562,4577,3797,3817,3817,2879,2986,3004,3103,3103,3103,3121,3132,3145,3195,2144,2184,2212,2226,2226,2244,2278,2296,2328,2348,2451,2451,2451,2468,2618,2628,2678,2695,2720,2720,2720,2737,2757,1853,1880,1899,1912,2022,2022,2022,2039,2058,2162,2173,2223,2254,1971,1971,2086,1167,1206,1206,1223,1236,1236,1236],"floor_reached":152,"playtime":13778,"items_purged":["Clockwork:Strike","Clockwork:Strike","Doubt","Clockwork:Shield","Clockwork:Inspiration","Clockwork:Pluck","Clockwork:UnlimitedCogworks","sneckomod:Bewildered","Hallucinations","Parasite","Clockwork:LogisticRegression+1","Regret","Clockwork:SystemHardening+1","Clockwork:Enhance+1","Clockwork:Enhance","Clockwork:ZeroPointEnergy+1"],"score":3751,"play_id":"9a8ba10f-3f4e-49ee-a45e-a2c98ee8b2b8","local_time":"20201222074558","is_ascension_mode":false,"campfire_choices":[{"floor":1.0,"key":"RECALL"},{"data":"Clockwork:Tinker","floor":10.0,"key":"SMITH"},{"data":"Clockwork:Improve","floor":13.0,"key":"SMITH"},{"data":"Clockwork:PerfectForm","floor":18.0,"key":"SMITH"},{"data":"Clockwork:AssemblyLine","floor":25.0,"key":"SMITH"},{"data":"Clockwork:PerfectForm","floor":30.0,"key":"SMITH"},{"data":"Clockwork:PerfectForm","floor":35.0,"key":"SMITH"},{"data":"Clockwork:MechanicalMass","floor":44.0,"key":"SMITH"},{"data":"Clockwork:ElasticNanites","floor":46.0,"key":"SMITH"},{"data":"Clockwork:PerfectForm","floor":52.0,"key":"SMITH"},{"data":"Clockwork:ChargingBlade","floor":59.0,"key":"SMITH"},{"data":"Clockwork:HeadStart","floor":69.0,"key":"SMITH"},{"data":"Clockwork:EnthusiasticStrike","floor":79.0,"key":"SMITH"},{"data":"Clockwork:RevUp","floor":86.0,"key":"SMITH"},{"data":"Clockwork:EnthusiasticStrike+1","floor":97.0,"key":"SMITH"},{"data":"Clockwork:EnthusiasticStrike+2","floor":103,"key":"SMITH"},{"data":"Clockwork:EnthusiasticStrike+3","floor":120,"key":"SMITH"},{"data":"Panache+1","floor":128,"key":"SMITH"},{"data":"Clockwork:EnthusiasticStrike+4","floor":137,"key":"SMITH"},{"data":"Clockwork:EnthusiasticStrike+5","floor":145,"key":"SMITH"},{"data":"Clockwork:EnthusiasticStrike+6","floor":149,"key":"SMITH"}],"circlet_count":0,"master_deck":["Clockwork:Strike+1","Clockwork:Shield+1","Clockwork:Shield+1","Clockwork:Tinker+1","Clockwork:WarmUp","Clockwork:Improve+1","Clockwork:Redundancy","Clockwork:CogShield","Clockwork:ElasticNanites+1","Panache+2","Clockwork:ChargingBlade+1","Clockwork:AdaptiveCannon","Clockwork:Efficiency","Clockwork:AdaptiveShield","Clockwork:PerfectForm+1","Clockwork:EnthusiasticStrike+7","Clockwork:ForgeStrike+1","Clockwork:AdaptiveShield+1","Specialist","Clockwork:SnapKeep+1","Clockwork:PerfectForm+1","Clockwork:EnthusiasticStrike+1","Clockwork:PerfectForm+1","Clockwork:Improve+1","Clockwork:MechanicalMass+1","Clockwork:ElasticNanites+1","Clockwork:QuantumStrike+1","Clockwork:PerfectForm+1","Clockwork:HeadStart+1","Apotheosis+1","Clockwork:ElasticNanites+1","Clockwork:RevUp+1","Clockwork:PerfectForm+1","Clockwork:EnthusiasticStrike+1","expansioncontent:CaCaw+1","Clockwork:PerfectForm+1","Clockwork:RevUp+1","ReplayTheSpireMod:??????????????????????","Clockwork:EnthusiasticStrike+1","CurseOfTheBell"],"relics":["Clockwork:MomentumEngine","Lantern","Replay:Lucky Slots","Replay:Bottled Flurry","Incense Burner","InkBottle","WingedGreaves","Happy Flower","Replay:WaspNest","FossilizedHelix","downfall:HeartBlessingBlue","downfall:HeartBlessingRed","Orichalcum","Mirror","Blood Vial","Replay:Towering Pillar of Hats","Old Coin","infinitespire:Lucky Rock","infinitespire:Golems Mask","Orrery","Darkstone Periapt","Empty Cage","Coffee Dripper","Snack Pack","Eternal Feather","infinitespire:Bottled Soul","TheAbacus","Garlic","Replay:Wanted Poster","Bottled Tornado","Boot","Medical Kit","Sundial","downfall:CloakOfManyFaces","CultistMask","FaceOfCleric","NlothsMask","GremlinMask","SsserpentHead","conspire:RoyalGoblet","Strange Spoon","Golden Egg","conspire:TopHat","conspire:GlowingRock","Pantograph","Clockwork:BloodPhial","Kintsugi","conspire:InfiniteJournal","Durian","Frozen Egg 2","BargainBundle","Chameleon Ring","Molten Egg 2","Quantum Egg","Pondfish Scales","Clockwork:RubberBall","Calipers","Philosopher\u0027s Stone","Letter Opener","infinitespire:FocusingShard","DollysMirror","HornCleat","conspire:RunicOctahedron","Unceasing Top","Onion Ring","Pet Ghost","Gremlin Horn","Replay:Baseball","OrangePellets","Calling Bell","Thread and Needle","Replay:Bottled Eggs","infinitespire:Lychee Nut","Clockwork:QuicksilverHourglass","Bronze Scales","Pear","Guide Book","Regal Pillow","Clockwork:GoldenCog","Clockwork:CopperScales"],"acts_visited":["Exordium","TheCity","TheBeyond","Exordium","TheCity","TheBeyond","Exordium","TheCity","TheBeyond"],"potions_floor_usage":[101,101,101],"damage_taken":[{"damage":0.0,"enemies":"Cultist","floor":2.0,"turns":8.0},{"damage":5.0,"enemies":"2 Louse","floor":3.0,"turns":7.0},{"damage":0.0,"enemies":"downfall:FleeingMerchant","floor":4.0,"turns":1.0},{"damage":28.0,"enemies":"Lagavulin","floor":6.0,"turns":13.0},{"damage":38.0,"enemies":"conspire:MimicChest","floor":8.0,"turns":12.0},{"damage":42.0,"enemies":"3 Sentries","floor":9.0,"turns":12.0},{"damage":38.0,"enemies":"3 Sentries","floor":11.0,"turns":9.0},{"damage":7.0,"enemies":"conspire:RoseBush","floor":14.0,"turns":4.0},{"damage":0.0,"enemies":"Large Slime","floor":15.0,"turns":11.0},{"damage":12.0,"enemies":"downfall:Ironclad","floor":16.0,"turns":12.0},{"damage":20.0,"enemies":"Spheric Guardian","floor":19.0,"turns":7.0},{"damage":20.0,"enemies":"3 Byrds","floor":20.0,"turns":5.0},{"damage":12.0,"enemies":"Centurion and Healer","floor":22.0,"turns":7.0},{"damage":15.0,"enemies":"Book of Stabbing","floor":23.0,"turns":7.0},{"damage":15.0,"enemies":"Replay:Snechameleon","floor":26.0,"turns":8.0},{"damage":21.0,"enemies":"Nightmare","floor":28.0,"turns":10.0},{"damage":3.0,"enemies":"Snake Plant","floor":31.0,"turns":6.0},{"damage":0.0,"enemies":"conspire:HollyBat","floor":32.0,"turns":10.0},{"damage":23.0,"enemies":"downfall:Watcher","floor":33.0,"turns":8.0},{"damage":0.0,"enemies":"Orb Walker","floor":36.0,"turns":5.0},{"damage":27.0,"enemies":"3 Darklings","floor":38.0,"turns":7.0},{"damage":46.0,"enemies":"Sphere and 2 Shapes","floor":39.0,"turns":6.0},{"damage":0.0,"enemies":"Spire Growth","floor":40.0,"turns":5.0},{"damage":46.0,"enemies":"Reptomancer","floor":42.0,"turns":7.0},{"damage":0.0,"enemies":"Writhing Mass","floor":43.0,"turns":8.0},{"damage":0.0,"enemies":"Maw","floor":47.0,"turns":8.0},{"damage":0.0,"enemies":"3 Darklings","floor":48.0,"turns":8.0},{"damage":0.0,"enemies":"Spire Growth","floor":49.0,"turns":5.0},{"damage":45.0,"enemies":"downfall:Defect","floor":50.0,"turns":9.0},{"damage":0.0,"enemies":"Cultist","floor":53.0,"turns":3.0},{"damage":0.0,"enemies":"Small Slimes","floor":54.0,"turns":3.0},{"damage":0.0,"enemies":"2 Louse","floor":55.0,"turns":5.0},{"damage":0.0,"enemies":"Exordium Thugs","floor":56.0,"turns":5.0},{"damage":0.0,"enemies":"Blue Slaver","floor":60.0,"turns":3.0},{"damage":0.0,"enemies":"Large Slime","floor":61.0,"turns":5.0},{"damage":0.0,"enemies":"downfall:FaceTrader","floor":62.0,"turns":6.0},{"damage":0.0,"enemies":"Lagavulin","floor":63.0,"turns":9.0},{"damage":0.0,"enemies":"Red Slaver","floor":64.0,"turns":5.0},{"damage":0.0,"enemies":"Exordium Thugs","floor":65.0,"turns":5.0},{"damage":0.0,"enemies":"2 Fungi Beasts","floor":66.0,"turns":3.0},{"damage":0.0,"enemies":"The Guardian","floor":67.0,"turns":8.0},{"damage":0.0,"enemies":"Shell Parasite","floor":70.0,"turns":3.0},{"damage":0.0,"enemies":"Centurion and Healer","floor":72.0,"turns":6.0},{"damage":0.0,"enemies":"3 Cultists","floor":73.0,"turns":5.0},{"damage":78.0,"enemies":"Slavers","floor":75.0,"turns":7.0},{"damage":8.0,"enemies":"downfall:Silent","floor":76.0,"turns":7.0},{"damage":0.0,"enemies":"Chosen and Byrds","floor":77.0,"turns":6.0},{"damage":54.0,"enemies":"Gremlin Leader","floor":78.0,"turns":9.0},{"damage":28.0,"enemies":"Shelled Parasite and Fungi","floor":80.0,"turns":6.0},{"damage":54.0,"enemies":"Slavers","floor":81.0,"turns":5.0},{"damage":36.0,"enemies":"3 Cultists","floor":82.0,"turns":5.0},{"damage":0.0,"enemies":"Sentry and Sphere","floor":83.0,"turns":3.0},{"damage":0.0,"enemies":"Champ","floor":84.0,"turns":8.0},{"damage":12.0,"enemies":"3 Shapes","floor":87.0,"turns":6.0},{"damage":15.0,"enemies":"3 Darklings","floor":90.0,"turns":6.0},{"damage":0.0,"enemies":"Nemesis","floor":92.0,"turns":7.0},{"damage":0.0,"enemies":"Spire Growth","floor":93.0,"turns":6.0},{"damage":48.0,"enemies":"Writhing Mass","floor":94.0,"turns":6.0},{"damage":0.0,"enemies":"Maw","floor":96.0,"turns":8.0},{"damage":72.0,"enemies":"Mind Bloom Boss Battle","floor":99.0,"turns":6.0},{"damage":0.0,"enemies":"Spire Growth","floor":100.0,"turns":5.0},{"damage":118,"enemies":"infinitespire:MassOfShapes","floor":101,"turns":13},{"damage":0,"enemies":"Small Slimes","floor":104,"turns":2},{"damage":0,"enemies":"Jaw Worm","floor":105,"turns":3},{"damage":0,"enemies":"Cultist","floor":106,"turns":2},{"damage":0,"enemies":"Nightmare","floor":109,"turns":8},{"damage":0,"enemies":"Lagavulin","floor":110,"turns":6},{"damage":0,"enemies":"Lots of Slimes","floor":111,"turns":3},{"damage":0,"enemies":"Large Slime","floor":113,"turns":4},{"damage":0,"enemies":"Gremlin Nob","floor":114,"turns":2},{"damage":0,"enemies":"Exordium Thugs","floor":115,"turns":5},{"damage":0,"enemies":"Lagavulin","floor":116,"turns":5},{"damage":0,"enemies":"Exordium Wildlife","floor":117,"turns":3},{"damage":74,"enemies":"Hexaghost","floor":118,"turns":8},{"damage":0,"enemies":"Chosen","floor":121,"turns":5},{"damage":0,"enemies":"downfall:Silent","floor":122,"turns":6},{"damage":0,"enemies":"Shell Parasite","floor":123,"turns":4},{"damage":0,"enemies":"Snake Plant","floor":125,"turns":4},{"damage":68,"enemies":"Book of Stabbing","floor":126,"turns":6},{"damage":0,"enemies":"Cultist and Chosen","floor":129,"turns":6},{"damage":0,"enemies":"Snecko","floor":130,"turns":3},{"damage":0,"enemies":"Slavers","floor":132,"turns":4},{"damage":0,"enemies":"3 Cultists","floor":133,"turns":3},{"damage":0,"enemies":"Centurion and Healer","floor":134,"turns":4},{"damage":0,"enemies":"Automaton","floor":135,"turns":5},{"damage":0,"enemies":"3 Shapes","floor":138,"turns":3},{"damage":0,"enemies":"3 Darklings","floor":139,"turns":3},{"damage":0,"enemies":"2 Orb Walkers","floor":140,"turns":4},{"damage":0,"enemies":"Transient","floor":141,"turns":5},{"damage":0,"enemies":"R_Hoarder","floor":143,"turns":6},{"damage":0,"enemies":"Giant Head","floor":148,"turns":6},{"damage":0,"enemies":"Sphere and 2 Shapes","floor":150,"turns":2},{"damage":0,"enemies":"Jaw Worm Horde","floor":151,"turns":3},{"damage":240,"enemies":"infinitespire:LordOfFortification","floor":152,"turns":11}],"seed_played":"4563611715833969188","potions_obtained":[{"floor":2.0,"key":"Strength Potion"},{"floor":8.0,"key":"LiquidMemories"},{"floor":9.0,"key":"SkillPotion"},{"floor":22.0,"key":"AttackPotion"},{"floor":23.0,"key":"Energy Potion"},{"floor":36.0,"key":"Languid Potion"},{"floor":47.0,"key":"SteroidPotion"},{"floor":49.0,"key":"Elixir"},{"floor":75.0,"key":"Weak Potion"},{"floor":76.0,"key":"Fire Potion"},{"floor":80.0,"key":"Adrenaline Potion"},{"floor":82.0,"key":"Slimebound:ThreeZeroPotion"},{"floor":84.0,"key":"Block Potion"},{"floor":90.0,"key":"Dexterity Potion"},{"floor":94.0,"key":"Adrenaline Potion"},{"floor":101,"key":"Milkshake"},{"floor":104,"key":"Elixir"},{"floor":105,"key":"Strength Potion"}],"is_trial":false,"path_per_floor":["R","M","M","$","?","E","T","?","?","R","E","$","R","M","M","B",null,"R","M","M","$","M","E","T","R","E","$","NM","AVR","R","M","M","B",null,"R","M","?","M","M","M","T","E","M","R","$","R","M","M","M","B",null,"R","M","M","M","M","$","T","R","M","M","?","E","M","M","M","B",null,"R","M","?","M","M","$","E","?","M","E","R","M","E","M","M","B",null,"R","M","?","AVR","M","$","E","M","M","$","M","R","?","?","M","B",null,"R","M","M","M","?","$","NM","E","M","AVR","M","E","M","E","M","B",null,"R","M","?","M","?","M","E","AVR","R","M","M","$","E","M","M","B",null,"R","M","M","?","M","?","E","?","R","?","$","E","R","M","M","B"],"character_chosen":"CLOCKWORK","items_purchased":["Clockwork:ElasticNanites+1","Panache","Clockwork:ChargingBlade","Clockwork:Pluck","Lantern","Replay:Lucky Slots","Replay:Bottled Flurry","Clockwork:UnlimitedCogworks","Clockwork:Enhance","Replay:WaspNest","FossilizedHelix","Clockwork:AssemblyLine","Clockwork:EnthusiasticStrike+1","Clockwork:ForgeStrike","Clockwork:AdaptiveShield","Orichalcum","Mirror","Specialist","infinitespire:Lucky Rock","Clockwork:LiteraryArmor","Clockwork:EnthusiasticStrike","Clockwork:Enhance","infinitespire:Golems Mask","Orrery","Clockwork:ElasticNanites","infinitespire:Bottled Soul","TheAbacus","Garlic","Bottled Tornado","Boot","Medical Kit","Apotheosis","Clockwork:ElasticNanites","Strange Spoon","Golden Egg","conspire:TopHat","Durian","Frozen Egg 2","BargainBundle","Chameleon Ring","Molten Egg 2","Quantum Egg","Pondfish Scales","Clockwork:RubberBall","Letter Opener","infinitespire:FocusingShard","expansioncontent:CaCaw+1","DollysMirror","Gremlin Horn","Replay:Baseball","OrangePellets","Pear","Guide Book","Regal Pillow"],"campfire_rested":0,"item_purchase_floors":[4,4,4,4,4,4,4,12,12,12,12,21,21,21,21,21,21,21,27,27,27,27,27,27,45,45,45,45,57,57,57,74,74,74,74,74,91,91,91,95,95,98,98,98,108,108,108,108,131,131,131,147,147,147],"current_hp_per_floor":[85,85,80,80,80,953,953,915,873,873,835,835,95,88,88,76,95,95,75,55,55,43,28,28,28,15,15,97,97,97,92,94,72,95,95,95,95,68,24,26,26,57,67,88,88,101,101,101,101,62,101,101,101,101,101,101,101,101,101,101,101,101,102,103,104,105,106,106,106,107,107,108,109,109,34,39,44,102,113,86,41,14,21,63,130,130,121,127,127,119,124,135,142,100,100,113,134,134,73,82,109,147,147,148,149,150,156,156,157,158,159,159,160,161,162,163,164,97,165,165,166,167,168,168,169,104,104,128,137,146,146,155,166,173,176,182,182,183,184,138,139,129,140,158,158,158,168,169,169,170,171,0,0],"gold":1236,"neow_bonus":"THREE_CARDS","is_daily":false,"chose_seed":false,"campfire_upgraded":20,"win_rate":0.0,"timestamp":1608619558,"path_taken":["R","M","M","$","?","E","T","?","?","R","E","$","R","M","M","BOSS","R","M","M","$","M","E","T","R","E","$","NM","AVR","R","M","M","BOSS","R","M","?","M","?","M","T","E","M","R","$","R","M","M","M","BOSS","R","M","M","M","M","$","T","R","M","M","?","E","M","?","M","BOSS","R","M","?","M","M","$","E","?","M","E","R","M","E","M","M","BOSS","R","M","?","AVR","M","$","E","M","M","$","M","R","?","?","M","BOSS","R","M","M","M","?","$","NM","E","M","AVR","M","E","M","E","M","BOSS","R","M","?","M","?","M","E","AVR","R","M","M","$","E","M","M","BOSS","R","M","M","?","M","?","E","?","R","?","$","E","R","M","M","BOSS"],"items_purchased_type":["Card","Card","Card","Card","Relic","Relic","Relic","Card","Card","Relic","Relic","Card","Card","Card","Card","Relic","Relic","Card","Relic","Card","Card","Card","Relic","Relic","Card","Relic","Relic","Relic","Relic","Relic","Relic","Card","Card","Relic","Relic","Relic","Relic","Relic","Relic","Relic","Relic","Relic","Relic","Relic","Relic","Relic","Card","Relic","Relic","Relic","Relic","Relic","Relic","Relic"],"build_version":"2020-12-13","purchased_purges":16,"victory":false,"max_hp_per_floor":[85,85,85,85,85,85,85,85,85,85,85,85,95,95,95,95,95,95,95,95,95,95,95,95,95,95,95,95,95,95,95,95,95,95,95,95,95,95,95,95,95,95,101,101,101,101,101,101,101,101,101,101,101,101,101,101,101,101,101,101,101,101,102,103,104,105,106,106,106,107,107,108,109,109,110,111,112,113,113,114,115,116,117,118,130,130,131,137,137,138,143,144,145,146,143,144,144,144,145,146,147,147,147,148,149,150,156,156,157,158,159,159,160,161,162,163,164,165,165,165,166,167,168,168,169,170,170,170,171,172,172,173,174,175,176,182,182,183,184,138,139,139,140,158,158,158,168,169,169,170,171,171,171],"card_choices":[{"not_picked":["Clockwork:MechanicalBulk","Clockwork:PerfectedStrike"],"picked":"Clockwork:Improve","floor":0.0},{"not_picked":["Clockwork:Roundhouse","Clockwork:MechanicalMass"],"picked":"Clockwork:Redundancy","floor":2.0},{"not_picked":["Clockwork:RitualDaggerMk0","Clockwork:CogBarrier"],"picked":"Clockwork:CogShield","floor":3.0},{"not_picked":["Clockwork:MechanicalBulk","Clockwork:ReserveSystems"],"picked":"Clockwork:SystemHardening","floor":4.0},{"not_picked":["Clockwork:Redundancy","Clockwork:SystemHardening"],"picked":"Clockwork:AdaptiveCannon","floor":6.0},{"not_picked":["Clockwork:Scour","Clockwork:FalseStart"],"picked":"Clockwork:Efficiency","floor":8.0},{"not_picked":["Clockwork:SystemHardening","Clockwork:Friction"],"picked":"Clockwork:Inspiration","floor":9.0},{"not_picked":["Clockwork:ZeroPointEnergy","Clockwork:CogToss"],"picked":"Clockwork:AdaptiveShield","floor":11.0},{"not_picked":["Clockwork:SnapKeep","Clockwork:Redundancy","Clockwork:CogBarrier"],"picked":"SKIP","floor":14.0},{"not_picked":["Clockwork:Halt","Clockwork:Friction"],"picked":"Clockwork:LiteraryArmor","floor":15.0},{"not_picked":["Clockwork:Inspiration","Clockwork:TimeWalk"],"picked":"Clockwork:PerfectForm","floor":16.0},{"not_picked":["Clockwork:ChargingBlade","Clockwork:Minimalism","Clockwork:Redundancy"],"picked":"SKIP","floor":19.0},{"not_picked":["Clockwork:Redundancy","Clockwork:Friction+1","Clockwork:Halt"],"picked":"SKIP","floor":20.0},{"not_picked":["Clockwork:CogToss+1","Clockwork:StasisBreak"],"picked":"Clockwork:SnapKeep","floor":22.0},{"not_picked":["Clockwork:Strangle","Clockwork:Clone"],"picked":"Clockwork:LogisticRegression+1","floor":23.0},{"not_picked":["Clockwork:SearchingStrike","Clockwork:CraftCopperScales+1"],"picked":"Clockwork:PerfectForm","floor":26.0},{"not_picked":["Clockwork:ReserveSystems","Clockwork:Pluck","Clockwork:Enhance+1"],"picked":"SKIP","floor":28.0},{"not_picked":["Clockwork:QuantumStrike","Clockwork:SnapKeep","Clockwork:Roundhouse+1"],"picked":"SKIP","floor":31.0},{"not_picked":["Clockwork:SnapKeep","Clockwork:CogToss+1","Clockwork:PerfectedShield"],"picked":"SKIP","floor":32.0},{"not_picked":["Clockwork:Inspiration","Clockwork:Randomization"],"picked":"Clockwork:PerfectForm","floor":33.0},{"not_picked":["Clockwork:CraftVarja","Clockwork:ForgeStrike+1"],"picked":"Clockwork:Improve+1","floor":36.0},{"not_picked":["Clockwork:Minimalism+1","Clockwork:SnapKeep+1"],"picked":"Clockwork:LiteraryArmor+1","floor":38.0},{"not_picked":["Clockwork:Clone","Clockwork:ForgeStrike+1"],"picked":"Clockwork:MechanicalMass","floor":39.0},{"not_picked":["Clockwork:SearingStrike+1","Clockwork:HeadStart+1"],"picked":"Clockwork:ZeroPointEnergy","floor":40.0},{"not_picked":["Clockwork:CogShield+1","Clockwork:ReserveSystems"],"picked":"Clockwork:LogisticRegression+1","floor":42.0},{"not_picked":["Clockwork:OccamsRazor+1","Clockwork:ReserveSystems+1","Clockwork:Selectivity+1"],"picked":"SKIP","floor":43.0},{"not_picked":["Clockwork:TestingEnvironment","Clockwork:Redundancy+1"],"picked":"Clockwork:QuantumStrike+1","floor":47.0},{"not_picked":["Clockwork:ReserveSystems","Clockwork:Improve+1","Clockwork:Efficiency"],"picked":"SKIP","floor":48.0},{"not_picked":["Clockwork:Efficiency","Clockwork:SpringShield+1","Clockwork:Pluck"],"picked":"SKIP","floor":49.0},{"not_picked":["Clockwork:ZeroPointEnergy","Clockwork:Inspiration"],"picked":"Clockwork:PerfectForm","floor":50.0},{"not_picked":["Clockwork:Roundhouse","Clockwork:ReserveSystems","Clockwork:Minimalism"],"picked":"SKIP","floor":53.0},{"not_picked":["Clockwork:Friction","Clockwork:SystemHardening","Clockwork:ChargingBlade"],"picked":"SKIP","floor":54.0},{"not_picked":["Clockwork:MechanicalBulk","Clockwork:ReserveSystems","Clockwork:CogBarrier"],"picked":"SKIP","floor":55.0},{"not_picked":["Clockwork:Friction","Clockwork:CogToss","Clockwork:CogBarrier"],"picked":"SKIP","floor":56.0},{"not_picked":["Clockwork:ChargingBlade","Clockwork:TestingEnvironment"],"picked":"Clockwork:SmithsMallet","floor":60.0},{"not_picked":["Clockwork:Selectivity","Clockwork:PerfectedStrike","Clockwork:CraftVarja"],"picked":"SKIP","floor":61.0},{"not_picked":["Clockwork:ZeroPointEnergy","Clockwork:ChargingBlade","Clockwork:CogToss"],"picked":"SKIP","floor":63.0},{"not_picked":["Clockwork:ReserveSystems","Clockwork:AdaptiveCannon","Clockwork:Efficiency"],"picked":"SKIP","floor":64.0},{"not_picked":["Clockwork:AdaptiveCannon","Clockwork:FalseStart"],"picked":"Clockwork:HeadStart","floor":65.0},{"not_picked":["Clockwork:SpurOn","Clockwork:AdaptiveShield","Clockwork:AssemblyLine"],"picked":"SKIP","floor":66.0},{"not_picked":["Clockwork:Enhance","Clockwork:Improve","Clockwork:Roundhouse"],"picked":"SKIP","floor":70.0},{"not_picked":["Clockwork:CogShield+1","Clockwork:ChargingShield+1","Clockwork:ChargingBlade"],"picked":"SKIP","floor":72.0},{"not_picked":["Clockwork:SpringShield","Clockwork:SpurOn","Clockwork:RampUp+1"],"picked":"SKIP","floor":73.0},{"not_picked":["Clockwork:Enhance","Clockwork:CraftCopperScales"],"picked":"Clockwork:CraftBloodPhial","floor":75.0},{"not_picked":["Clockwork:CogBarrier","Clockwork:PerfectedStrike","Clockwork:PerfectedShield"],"picked":"SKIP","floor":77.0},{"not_picked":["Clockwork:KaliMa","Clockwork:LiteraryArmor+1","Clockwork:SystemHardening"],"picked":"SKIP","floor":78.0},{"not_picked":["Clockwork:Friction+1","Clockwork:SystemHardening","Clockwork:SpringShield+1"],"picked":"SKIP","floor":80.0},{"not_picked":["Clockwork:CogBarrier","Clockwork:StasisBreak+1","Clockwork:Scour"],"picked":"SKIP","floor":81.0},{"not_picked":["Clockwork:HoardingStrike","Clockwork:Minimalism","Clockwork:ElasticNanites"],"picked":"SKIP","floor":82.0},{"not_picked":["Clockwork:RitualDaggerMk0+1","Clockwork:HeadStart"],"picked":"Clockwork:RevUp","floor":83.0},{"not_picked":["Clockwork:SystemScan","Clockwork:MechanicalMass+1","Clockwork:ReserveSystems+1"],"picked":"SKIP","floor":87.0},{"not_picked":["Clockwork:QuantumStrike","Clockwork:TestingEnvironment+1","Clockwork:ChargingShield+1"],"picked":"SKIP","floor":90.0},{"not_picked":["Clockwork:LogisticRegression+1","Clockwork:QuantumStrike+1","Clockwork:TimeWalk"],"picked":"SKIP","floor":92.0},{"not_picked":["Clockwork:RitualDaggerMk0+1","Clockwork:OccamsRazor+1","Clockwork:Roundhouse"],"picked":"SKIP","floor":93.0},{"not_picked":["Clockwork:TestingEnvironment+1","Clockwork:CogToss+1","Clockwork:ChargingShield+1"],"picked":"SKIP","floor":94.0},{"not_picked":["Clockwork:AdaptiveShield+1","Clockwork:Roundhouse+1","Clockwork:HoardingStrike+1"],"picked":"SKIP","floor":96.0},{"not_picked":["Clockwork:RitualDaggerMk0+1","Clockwork:ChargingShield","Clockwork:Roundhouse+1"],"picked":"SKIP","floor":100.0},{"not_picked":["Clockwork:CogShield","Clockwork:CogToss+1","Clockwork:TimeOut"],"picked":"SKIP","floor":104},{"not_picked":["Clockwork:Efficiency+1","Clockwork:CogShield"],"picked":"Clockwork:PerfectForm+1","floor":105},{"not_picked":["Clockwork:Pluck+1","Clockwork:SnapKeep+1"],"picked":"Clockwork:EnthusiasticStrike+1","floor":106},{"not_picked":["Clockwork:Efficiency+1","Clockwork:HoardingStrike+1","Clockwork:AdaptiveCannon+1"],"picked":"SKIP","floor":109},{"not_picked":["Clockwork:SearchingStrike+1","Clockwork:AdaptiveShield","Clockwork:InertialShield"],"picked":"SKIP","floor":110},{"not_picked":["Clockwork:CogBarrier","Clockwork:Roundhouse+1","Clockwork:AdaptiveShield"],"picked":"SKIP","floor":111},{"not_picked":["Clockwork:Improve","Clockwork:SiegeStrike+1","Clockwork:CogBarrier"],"picked":"SKIP","floor":113},{"not_picked":["Clockwork:ForgeStrike+1","Clockwork:SearingStrike+1"],"picked":"Clockwork:SmithsMallet+1","floor":114},{"not_picked":["Clockwork:OccamsRazor+1","Clockwork:RitualDaggerMk0+1","Clockwork:Pluck+1"],"picked":"SKIP","floor":115},{"not_picked":["Clockwork:CogShield","Clockwork:Redundancy+1","Clockwork:AssemblyLine+1"],"picked":"SKIP","floor":116},{"not_picked":["Clockwork:AdaptiveShield","Clockwork:CraftMomentumEngine","Clockwork:Redundancy+1"],"picked":"SKIP","floor":117},{"not_picked":["Clockwork:Minimalism+1","Clockwork:CogShield","Clockwork:ForgeStrike+1"],"picked":"SKIP","floor":121},{"not_picked":["Clockwork:Pluck+1","Clockwork:SnapKeep+1"],"picked":"Clockwork:SmithsMallet+1","floor":122},{"not_picked":["Clockwork:Redundancy+1","Clockwork:Enhance","Clockwork:ChargingBlade+1"],"picked":"SKIP","floor":123},{"not_picked":["Clockwork:ChargingShield","Clockwork:ReserveSystems"],"picked":"Clockwork:RevUp+1","floor":125},{"not_picked":["Clockwork:Roundhouse+1","Clockwork:Efficiency+1","Clockwork:AdaptiveShield+1"],"picked":"SKIP","floor":126},{"not_picked":["Clockwork:MechanicalMass+1","Clockwork:CraftMomentumEngine","Clockwork:Redundancy+1"],"picked":"SKIP","floor":129},{"not_picked":["Clockwork:SystemHardening","Clockwork:Improve"],"picked":"Clockwork:EnthusiasticStrike+1","floor":130},{"not_picked":["Clockwork:SpurOn+1","Clockwork:SearchingStrike+1","Clockwork:AdaptiveCannon+1"],"picked":"SKIP","floor":132},{"not_picked":["Clockwork:Friction+1","Clockwork:CogShield","Clockwork:Improve+1"],"picked":"SKIP","floor":133},{"not_picked":["Clockwork:Redundancy+1","Clockwork:AdaptiveCannon+1","Clockwork:MechanicalBulk"],"picked":"SKIP","floor":134},{"not_picked":["Clockwork:AeonShield","Clockwork:KaliMa+1"],"picked":"Clockwork:CraftQuicksilverHourglass+1","floor":135},{"not_picked":["Clockwork:Pluck+1","Clockwork:PerfectedShield+1","Clockwork:Efficiency+1"],"picked":"SKIP","floor":138},{"not_picked":["Clockwork:SystemScan+1","Clockwork:LogisticRegression+1"],"picked":"Clockwork:SmithsMallet+1","floor":139},{"not_picked":["Clockwork:InertialShield","Clockwork:Enhance","Clockwork:SystemScan"],"picked":"SKIP","floor":141},{"not_picked":["Clockwork:TiltAWhirl+1","Clockwork:ChargingBlade+1","Clockwork:MechanicalBulk+1"],"picked":"SKIP","floor":143},{"not_picked":["Clockwork:HoardingStrike+1","Clockwork:CraftQuicksilverHourglass+1"],"picked":"Clockwork:CraftCopperScales+1","floor":148},{"not_picked":["Clockwork:AdaptiveShield","Clockwork:MechanicalBulk","Clockwork:AdaptiveCannon+1"],"picked":"SKIP","floor":150},{"not_picked":["Clockwork:SpurOn+1","Clockwork:CogBarrier+1","Clockwork:CogShield"],"picked":"SKIP","floor":151}],"player_experience":149376,"relics_obtained":[{"floor":6.0,"key":"Incense Burner"},{"floor":8.0,"key":"InkBottle"},{"floor":9.0,"key":"WingedGreaves"},{"floor":11.0,"key":"Happy Flower"},{"floor":23.0,"key":"Blood Vial"},{"floor":24.0,"key":"Replay:Towering Pillar of Hats"},{"floor":26.0,"key":"Old Coin"},{"floor":28.0,"key":"Darkstone Periapt"},{"floor":41.0,"key":"Snack Pack"},{"floor":42.0,"key":"Eternal Feather"},{"floor":58.0,"key":"Sundial"},{"floor":62.0,"key":"downfall:CloakOfManyFaces"},{"floor":76.0,"key":"conspire:GlowingRock"},{"floor":76.0,"key":"Pantograph"},{"floor":99.0,"key":"Calipers"},{"floor":122,"key":"Unceasing Top"},{"floor":122,"key":"Onion Ring"},{"floor":136,"key":"Thread and Needle"},{"floor":136,"key":"Replay:Bottled Eggs"},{"floor":140,"key":"infinitespire:Lychee Nut"},{"floor":146,"key":"Bronze Scales"}],"event_choices":[{"damage_healed":0.0,"max_hp_gain":0.0,"max_hp_loss":0.0,"gold_gain":0.0,"event_name":"NoteForYourself","player_choice":"Ignored","floor":37.0,"gold_loss":0.0,"damage_taken":0.0},{"damage_healed":0,"gold_gain":0,"player_choice":"Leave","damage_taken":0,"max_hp_gain":0,"max_hp_loss":0,"event_name":"conspire:Investor","floor":124,"gold_loss":0},{"damage_healed":0,"gold_gain":0,"player_choice":"Fight","damage_taken":0,"max_hp_gain":0,"max_hp_loss":0,"event_name":"Mysterious Sphere","floor":140,"gold_loss":0}],"is_beta":false,"boss_relics":[{"not_picked":["Clockwork:BootleggersToolkit","Ectoplasm","Ring of Chaos"]},{"not_picked":["ReplayTheSpireMod:SealedPack","SacredBark"],"picked":"Coffee Dripper"},{"not_picked":["Snecko Eye","Replay:Ancient Bell"],"picked":"Replay:Wanted Poster"},{"not_picked":["ReplayTheSpireMod:SealedPack","Snecko Eye"],"picked":"conspire:RoyalGoblet"},{"not_picked":["Ring of Chaos","Replay:Drink Me"],"picked":"Kintsugi"},{"not_picked":["infinitespire:Cupcake","Runic Pyramid"],"picked":"Philosopher\u0027s Stone"},{"not_picked":["Astrolabe","Replay:Bronze Core"],"picked":"conspire:RunicOctahedron"},{"not_picked":["infinitespire:Cupcake","SacredBark"],"picked":"Calling Bell"}],"items_purged_floors":[4,12,21,27,45,57,74,89,91,95,98,108,112,127,131,147],"is_endless":true,"potions_floor_spawned":[2,8,9,14,15,22,23,26,36,47,49,50,54,55,60,61,63,67,70,75,76,80,82,84,90,92,94,100,101,104,105,111,113,121,123,125,129,130,135,139,140,143,150,151],"killed_by":"infinitespire:LordOfFortification","ascension_level":0}}