{"host":"q1tlngmkbyqa4avn","time":1608602867,"event":{"mods":["BaseMod","Curses Come First","Infinite Spire","Minty Spire (QoL Compilation)","Rare Cards Sparkle","StSLib"],"gold_per_floor":[20,20,95,107,125,125,151,151,151,166,177,192,46,77,77,175,175,190,190,210,2,18,53,73,73,150,169,183,211,228,228,228,328,328,348,348,364,364,383,408,423,454,481,441,460,460,477,4,4,4],"floor_reached":51,"playtime":1729,"items_purged":["Defend_B","Parasite"],"score":1304,"play_id":"ced7e5b4-cdd6-43ce-9826-22d2d0d620a7","local_time":"20201221210747","is_ascension_mode":true,"campfire_choices":[{"data":"1","floor":6,"key":"LIFT"},{"data":"2","floor":8,"key":"LIFT"},{"floor":15,"key":"REST"},{"data":"Reprogram","floor":25,"key":"SMITH"},{"floor":32,"key":"REST"},{"data":"infinitespire:NeuralNetwork","floor":46,"key":"SMITH"},{"data":"3","floor":49,"key":"LIFT"}],"circlet_count":0,"master_deck":["Defend_B+1","Defend_B+1","Defend_B+1","Zap","Dualcast","Ball Lightning","Sunder","Beam Cell","Beam Cell+1","Steam","Glacier","Streamline+1","Hyperbeam+1","FTL+1","Rebound+1","Bite+1","Bite+1","Bite+1","Bite+1","Bite+1","Steam","BootSequence","Go for the Eyes+1","Steam+1","Reprogram+1","Stack+1","Conserve Battery+1","Beam Cell+1","Echo Form","Streamline+1","infinitespire:Gouge+1","infinitespire:NeuralNetwork+1","Hologram+1","Streamline+1","Steam+1","Conserve Battery","Finesse"],"relics":["Cracked Core","Girya","infinitespire:SolderingIron","Molten Egg 2","Darkstone Periapt","infinitespire:Lucky Rock","Nuclear Battery","Kunai","Matryoshka","Blue Candle","Busted Crown","Symbiotic Virus","Philosopher\u0027s Stone","Cables","Blood Vial","infinitespire:WardingShard","Juzu Bracelet","Mercury Hourglass"],"acts_visited":["Exordium","TheCity","TheBeyond"],"potions_floor_usage":[7,14,16,16,24,29,33,42,50,50],"damage_taken":[{"damage":2,"enemies":"Jaw Worm","floor":1,"turns":3},{"damage":7,"enemies":"2 Louse","floor":4,"turns":2},{"damage":0,"enemies":"Cultist","floor":5,"turns":2},{"damage":18,"enemies":"Lagavulin","floor":7,"turns":5},{"damage":13,"enemies":"Blue Slaver","floor":10,"turns":2},{"damage":3,"enemies":"2 Fungi Beasts","floor":11,"turns":2},{"damage":5,"enemies":"Lots of Slimes","floor":12,"turns":4},{"damage":0,"enemies":"Gremlin Nob","floor":14,"turns":2},{"damage":0,"enemies":"Slime Boss","floor":16,"turns":3},{"damage":12,"enemies":"Shell Parasite","floor":18,"turns":2},{"damage":5,"enemies":"2 Thieves","floor":20,"turns":2},{"damage":4,"enemies":"Centurion and Healer","floor":22,"turns":2},{"damage":6,"enemies":"Gremlin Leader","floor":23,"turns":4},{"damage":10,"enemies":"Shelled Parasite and Fungi","floor":24,"turns":3},{"damage":0,"enemies":"3 Cultists","floor":27,"turns":2},{"damage":0,"enemies":"Snecko","floor":28,"turns":4},{"damage":16,"enemies":"Slavers","floor":29,"turns":3},{"damage":15,"enemies":"Snake Plant","floor":30,"turns":4},{"damage":29,"enemies":"Collector","floor":33,"turns":8},{"damage":0,"enemies":"Orb Walker","floor":35,"turns":2},{"damage":1,"enemies":"3 Darklings","floor":37,"turns":3},{"damage":6,"enemies":"4 Shapes","floor":39,"turns":4},{"damage":32,"enemies":"Nemesis","floor":40,"turns":5},{"damage":0,"enemies":"Spire Growth","floor":41,"turns":4},{"damage":16,"enemies":"Giant Head","floor":42,"turns":6},{"damage":9,"enemies":"Writhing Mass","floor":45,"turns":3},{"damage":11,"enemies":"3 Darklings","floor":47,"turns":2},{"damage":40,"enemies":"Time Eater","floor":50,"turns":8}],"seed_played":"825088463865062878","potions_obtained":[{"floor":4,"key":"Energy Potion"},{"floor":5,"key":"EssenceOfSteel"},{"floor":7,"key":"GamblersBrew"},{"floor":11,"key":"GamblersBrew"},{"floor":24,"key":"LiquidMemories"},{"floor":30,"key":"PowerPotion"},{"floor":33,"key":"BlessingOfTheForge"},{"floor":35,"key":"DistilledChaos"},{"floor":37,"key":"SpeedPotion"},{"floor":39,"key":"Energy Potion"},{"floor":42,"key":"BlessingOfTheForge"},{"floor":44,"key":"infinitespire:BlackPotion"},{"floor":44,"key":"DistilledChaos"}],"is_trial":false,"path_per_floor":["M","?","?","M","M","R","E","R","T","M","M","M","$","E","R","B",null,"M","?","M","$","M","E","M","R","T","M","M","E","M","?","R","B",null,"M","AVR","M","?","M","E","M","E","T","?","M","R","M","$","R","B",null],"character_chosen":"DEFECT","items_purchased":["Hyperbeam+1","BootSequence","Block Potion","Go for the Eyes+1","Mercury Hourglass","Conserve Battery","Finesse"],"campfire_rested":2,"item_purchase_floors":[13,21,21,21,48,48,48],"current_hp_per_floor":[66,66,59,52,52,52,34,34,34,21,18,13,13,13,35,35,65,53,52,47,47,52,52,45,45,45,45,52,36,30,30,45,29,46,49,49,52,62,56,39,45,47,47,47,49,49,52,52,52,32],"gold":4,"neow_bonus":"ONE_RARE_RELIC","is_daily":false,"chose_seed":false,"campfire_upgraded":2,"win_rate":0.0,"timestamp":1608602867,"path_taken":["M","?","?","M","M","R","E","R","T","M","M","M","$","E","R","BOSS","M","?","M","$","M","E","M","R","T","M","M","E","M","?","R","BOSS","M","AVR","M","?","M","E","M","E","T","?","M","R","M","$","R","BOSS"],"items_purchased_type":["Card","Card","Potion","Card","Relic","Card","Card"],"build_version":"2020-12-13","purchased_purges":2,"victory":true,"max_hp_per_floor":[75,75,75,75,75,75,75,75,75,75,75,75,75,75,75,75,75,75,52,52,52,52,52,52,52,52,52,52,52,52,52,52,52,52,52,52,52,62,62,62,62,62,62,62,68,68,68,65,65,65],"card_choices":[{"not_picked":["Skim","Darkness"],"picked":"Ball Lightning","floor":1},{"not_picked":["Static Discharge","Steam"],"picked":"Sunder","floor":4},{"not_picked":["Leap","FTL"],"picked":"Beam Cell","floor":5},{"not_picked":["Storm","Hologram"],"picked":"Beam Cell+1","floor":7},{"not_picked":["Recycle","Compile Driver+1"],"picked":"Steam","floor":10},{"not_picked":["Lockon+1","Blizzard+1"],"picked":"Glacier","floor":11},{"not_picked":["Scrape+1","Coolheaded"],"picked":"Streamline+1","floor":12},{"not_picked":["Fusion","Barrage+1"],"picked":"FTL+1","floor":14},{"not_picked":["Biased Cognition","Amplify"],"picked":"Seek","floor":16},{"not_picked":["Turbo","Coolheaded"],"picked":"Rebound+1","floor":18},{"not_picked":["Sweeping Beam+1","Turbo"],"picked":"Steam","floor":20},{"not_picked":["Beam Cell+1","Compile Driver+1"],"picked":"Steam+1","floor":22},{"not_picked":["Capacitor","Thunder Strike+1","Coolheaded"],"picked":"SKIP","floor":23},{"not_picked":["Leap","Double Energy"],"picked":"Reprogram","floor":24},{"not_picked":["Coolheaded","Storm"],"picked":"Stack+1","floor":27},{"not_picked":["Redo","Steam","Doom and Gloom+1"],"picked":"SKIP","floor":28},{"not_picked":["Meteor Strike+1","Lockon+1"],"picked":"Conserve Battery+1","floor":29},{"not_picked":["Go for the Eyes+1","Turbo+1"],"picked":"Beam Cell+1","floor":30},{"not_picked":["Core Surge+1","Seek"],"picked":"Echo Form","floor":33},{"not_picked":[],"picked":"Streamline+1","floor":35},{"not_picked":[],"picked":"Hologram+1","floor":37},{"not_picked":["Ball Lightning+1"],"picked":"SKIP","floor":39},{"not_picked":[],"picked":"Streamline+1","floor":40},{"not_picked":["Force Field"],"picked":"SKIP","floor":41},{"not_picked":[],"picked":"Steam+1","floor":42},{"not_picked":["Compile Driver+1"],"picked":"SKIP","floor":45},{"not_picked":["Undo+1"],"picked":"SKIP","floor":47}],"player_experience":941917,"relics_obtained":[{"floor":2,"key":"infinitespire:SolderingIron"},{"floor":7,"key":"Molten Egg 2"},{"floor":9,"key":"Darkstone Periapt"},{"floor":14,"key":"infinitespire:Lucky Rock"},{"floor":23,"key":"Kunai"},{"floor":26,"key":"Matryoshka"},{"floor":29,"key":"Blue Candle"},{"floor":40,"key":"Cables"},{"floor":42,"key":"Blood Vial"},{"floor":43,"key":"infinitespire:WardingShard"},{"floor":43,"key":"Juzu Bracelet"}],"event_choices":[{"damage_healed":0,"gold_gain":75,"player_choice":"Touch","damage_taken":7,"max_hp_gain":0,"max_hp_loss":0,"event_name":"FaceTrader","floor":3,"gold_loss":0},{"damage_healed":0,"gold_gain":0,"player_choice":"Became a vampire","damage_taken":0,"max_hp_gain":0,"max_hp_loss":23,"event_name":"Vampires","floor":19,"gold_loss":0,"cards_obtained":["Bite","Bite","Bite","Bite","Bite"]},{"damage_healed":0,"gold_gain":0,"player_choice":"Simplicity","damage_taken":0,"max_hp_gain":0,"max_hp_loss":0,"event_name":"Back to Basics","floor":31,"gold_loss":0,"cards_upgraded":["Defend_B","Defend_B","Defend_B"]},{"cards_removed":["Seek"],"damage_healed":0,"gold_gain":0,"player_choice":"Offered Rare","damage_taken":0,"max_hp_gain":10,"max_hp_loss":0,"event_name":"Bonfire Elementals","floor":38,"gold_loss":0},{"damage_healed":0,"gold_gain":0,"player_choice":"Bought 3 Potions","damage_taken":0,"max_hp_gain":0,"max_hp_loss":0,"event_name":"The Woman in Blue","floor":44,"gold_loss":0}],"is_beta":false,"boss_relics":[{"not_picked":["Astrolabe","Cursed Key"],"picked":"Nuclear Battery"},{"not_picked":["SacredBark","FrozenCore"],"picked":"Busted Crown"}],"items_purged_floors":[21,48],"is_endless":false,"potions_floor_spawned":[4,5,7,11,24,30,33,35,37,39,42,45],"ascension_level":9}}