{"host":"fjaupvxe7fzqrf4j","time":1608628020,"event":{"mods":["BaseMod","Minty Spire (QoL Compilation)","StSLib"],"gold_per_floor":[113,113,182,182,33,64,97,125,125,152,152,182,214,229,229,307,307,318,133,150,150,200,233,267,297,349,383,411,443,477,258,258,332,332,342,342,342,395,395,424,424,451,451,483,515,567,567,596,596,596,596,596,596,145,172,172],"floor_reached":57,"playtime":2794,"items_purged":["Sweeping Beam"],"score":4140,"play_id":"c5444bfb-6383-4b28-a492-16b3c5787945","local_time":"20201222170700","daily_mods":["SealedDeck","Heirloom","Time Dilation","Flight","Elite Swarm"],"is_ascension_mode":true,"campfire_choices":[{"data":"Fission","floor":11.0,"key":"SMITH"},{"data":"Seek","floor":15.0,"key":"SMITH"},{"data":"Apotheosis","floor":32.0,"key":"SMITH"},{"floor":41.0,"key":"RECALL"},{"floor":49.0,"key":"REST"},{"data":"1","floor":53.0,"key":"LIFT"}],"circlet_count":0,"master_deck":["AscendersBane","Redo+1","Conserve Battery","Coolheaded+1","White Noise","Coolheaded+1","Recycle","Coolheaded+1","Ball Lightning","Streamline","Capacitor","Electrodynamics+1","Fission+1","Echo Form","Seek+1","Core Surge","Apotheosis+1","Turbo+1","Creative AI","Buffer","Biased Cognition+1","Core Surge"],"relics":["Cracked Core","TungstenRod","Gambling Chip","PreservedInsect","War Paint","White Beast Statue","Akabeko","HornCleat","Art of War","Inserter","Bottled Tornado","The Courier","Peace Pipe","Sundial","Frozen Egg 2","Orichalcum","Juzu Bracelet","Gremlin Horn","Nuclear Battery","Pen Nib","Bag of Preparation","Turnip","Girya","Cables","Mummified Hand","Oddly Smooth Stone","HandDrill","Anchor","Ornamental Fan","Unceasing Top"],"acts_visited":["Exordium","TheCity","TheBeyond","TheEnding"],"potions_floor_usage":[56,56],"damage_taken":[{"damage":0.0,"enemies":"Jaw Worm","floor":1.0,"turns":3.0},{"damage":5.0,"enemies":"Gremlin Nob","floor":6.0,"turns":3.0},{"damage":4.0,"enemies":"Lagavulin","floor":7.0,"turns":6.0},{"damage":3.0,"enemies":"3 Sentries","floor":8.0,"turns":5.0},{"damage":3.0,"enemies":"Lagavulin","floor":10.0,"turns":4.0},{"damage":13.0,"enemies":"Gremlin Nob","floor":12.0,"turns":3.0},{"damage":0.0,"enemies":"3 Sentries","floor":13.0,"turns":1.0},{"damage":0.0,"enemies":"2 Louse","floor":14.0,"turns":1.0},{"damage":0.0,"enemies":"Hexaghost","floor":16.0,"turns":7.0},{"damage":9.0,"enemies":"Chosen","floor":18.0,"turns":4.0},{"damage":7.0,"enemies":"Shell Parasite","floor":20.0,"turns":4.0},{"damage":3.0,"enemies":"Book of Stabbing","floor":23.0,"turns":2.0},{"damage":11.0,"enemies":"Slavers","floor":24.0,"turns":4.0},{"damage":8.0,"enemies":"Book of Stabbing","floor":25.0,"turns":4.0},{"damage":0.0,"enemies":"Gremlin Leader","floor":27.0,"turns":4.0},{"damage":0.0,"enemies":"Slavers","floor":28.0,"turns":1.0},{"damage":0.0,"enemies":"Gremlin Leader","floor":29.0,"turns":4.0},{"damage":0.0,"enemies":"Book of Stabbing","floor":30.0,"turns":4.0},{"damage":0.0,"enemies":"Automaton","floor":33.0,"turns":7.0},{"damage":0.0,"enemies":"Orb Walker","floor":35.0,"turns":2.0},{"damage":0.0,"enemies":"Giant Head","floor":40.0,"turns":4.0},{"damage":0.0,"enemies":"Nemesis","floor":42.0,"turns":3.0},{"damage":0.0,"enemies":"Reptomancer","floor":44.0,"turns":2.0},{"damage":0.0,"enemies":"Nemesis","floor":45.0,"turns":3.0},{"damage":0.0,"enemies":"2 Orb Walkers","floor":46.0,"turns":2.0},{"damage":0.0,"enemies":"Reptomancer","floor":48.0,"turns":2.0},{"damage":0.0,"enemies":"Donu and Deca","floor":50.0,"turns":5.0},{"damage":0.0,"enemies":"Awakened One","floor":51.0,"turns":6.0},{"damage":0,"enemies":"Shield and Spear","floor":55,"turns":2},{"damage":5,"enemies":"The Heart","floor":56,"turns":8}],"seed_played":"-3558241332111087322","potions_obtained":[{"floor":1.0,"key":"Block Potion"},{"floor":10.0,"key":"BlessingOfTheForge"},{"floor":13.0,"key":"PowerPotion"},{"floor":14.0,"key":"ColorlessPotion"},{"floor":28.0,"key":"FearPotion"},{"floor":35.0,"key":"DuplicationPotion"},{"floor":46.0,"key":"FocusPotion"}],"is_trial":true,"path_per_floor":["M","?","?","?","$","E","E","E","T","E","R","E","E","M","R","B",null,"M","$","M","$","?","E","E","E","T","E","E","E","E","$","R","B",null,"M","?","$","T","?","E","R","E","T","E","E","?","$","E","R","B","B",null,"R","$","E","B",null],"character_chosen":"DEFECT","items_purchased":["Capacitor","Apotheosis","Gremlin Horn","HandDrill","Anchor","Ornamental Fan"],"campfire_rested":1,"item_purchase_floors":[5,19,31,54,54,54],"current_hp_per_floor":[64,64,64,64,64,59,55,52,52,49,49,36,36,36,36,36,62,53,53,46,46,46,43,32,24,24,24,24,24,24,24,24,24,59,59,59,59,59,59,59,59,59,59,59,59,59,59,59,71,71,71,71,71,71,71,66],"gold":172,"neow_bonus":"","is_daily":false,"chose_seed":false,"campfire_upgraded":3,"win_rate":0.0,"timestamp":1608628020,"path_taken":["M","?","?","?","$","E","E","E","T","E","R","E","E","M","R","BOSS","M","?","?","$","?","E","E","E","T","E","E","E","E","$","R","BOSS","M","?","$","?","?","E","R","E","T","E","E","?","$","E","R","BOSS","BOSS","R","$","E","BOSS"],"items_purchased_type":["Card","Card","Relic","Relic","Relic","Relic"],"build_version":"2020-12-13","purchased_purges":1,"victory":true,"max_hp_per_floor":[71,71,71,71,71,71,71,71,71,71,71,71,71,71,71,71,71,71,71,71,71,71,71,71,71,71,71,71,71,71,71,71,71,71,71,71,71,71,71,71,71,71,71,71,71,71,71,71,71,71,71,71,71,71,71,71],"card_choices":[{"not_picked":["Gash","Stack","Genetic Algorithm"],"picked":"SKIP","floor":1.0},{"not_picked":["Reboot","Seek"],"picked":"Electrodynamics","floor":6.0},{"not_picked":["Meteor Strike","Reboot"],"picked":"Fission","floor":7.0},{"not_picked":["Core Surge","Hyperbeam"],"picked":"Echo Form","floor":8.0},{"not_picked":["Thunder Strike","Amplify","Buffer"],"picked":"SKIP","floor":10.0},{"not_picked":["Fission","Buffer"],"picked":"Seek","floor":12.0},{"not_picked":["Echo Form","All For One","Reboot"],"picked":"SKIP","floor":13.0},{"not_picked":["Leap","Conserve Battery","Auto Shields"],"picked":"SKIP","floor":14.0},{"not_picked":["Leap","Conserve Battery","Auto Shields"],"picked":"SKIP","floor":14.0},{"not_picked":["Meteor Strike","Amplify"],"picked":"Core Surge","floor":16.0},{"not_picked":["BootSequence","Steam Power","Steam"],"picked":"SKIP","floor":18.0},{"not_picked":["Conserve Battery","Cold Snap"],"picked":"Turbo+1","floor":20.0},{"not_picked":["Seek","Meteor Strike","All For One"],"picked":"SKIP","floor":23.0},{"not_picked":["Fission","Buffer"],"picked":"Creative AI","floor":24.0},{"not_picked":["Machine Learning","Electrodynamics","Seek"],"picked":"SKIP","floor":25.0},{"not_picked":["Thunder Strike","Echo Form"],"picked":"Buffer","floor":27.0},{"not_picked":["Hyperbeam","Thunder Strike","Reboot"],"picked":"SKIP","floor":28.0},{"not_picked":["Echo Form+1","Hyperbeam","Multi-Cast"],"picked":"SKIP","floor":29.0},{"not_picked":["Thunder Strike","Buffer+1","All For One"],"picked":"SKIP","floor":30.0},{"not_picked":["Compile Driver","Leap","Coolheaded"],"picked":"SKIP","floor":35.0},{"not_picked":["Multi-Cast","Echo Form+1"],"picked":"Biased Cognition+1","floor":40.0},{"not_picked":["Echo Form+1","Hyperbeam","Multi-Cast"],"picked":"SKIP","floor":42.0},{"not_picked":["Seek","Rainbow","Hyperbeam"],"picked":"SKIP","floor":44.0},{"not_picked":["Machine Learning+1","Echo Form+1","Buffer+1"],"picked":"SKIP","floor":45.0},{"not_picked":["Creative AI+1","Reboot"],"picked":"Core Surge","floor":48.0},{"not_picked":["Amplify","Machine Learning+1","Buffer+1"],"picked":"SKIP","floor":55}],"player_experience":240730,"relics_obtained":[{"floor":6.0,"key":"Gambling Chip"},{"floor":7.0,"key":"PreservedInsect"},{"floor":8.0,"key":"War Paint"},{"floor":9.0,"key":"White Beast Statue"},{"floor":10.0,"key":"Akabeko"},{"floor":12.0,"key":"HornCleat"},{"floor":13.0,"key":"Art of War"},{"floor":23.0,"key":"Bottled Tornado"},{"floor":24.0,"key":"The Courier"},{"floor":25.0,"key":"Peace Pipe"},{"floor":27.0,"key":"Sundial"},{"floor":28.0,"key":"Frozen Egg 2"},{"floor":29.0,"key":"Orichalcum"},{"floor":30.0,"key":"Juzu Bracelet"},{"floor":38.0,"key":"Pen Nib"},{"floor":40.0,"key":"Bag of Preparation"},{"floor":42.0,"key":"Turnip"},{"floor":43.0,"key":"Girya"},{"floor":44.0,"key":"Cables"},{"floor":45.0,"key":"Mummified Hand"},{"floor":48.0,"key":"Oddly Smooth Stone"},{"floor":55,"key":"Unceasing Top"}],"event_choices":[{"damage_healed":0.0,"max_hp_gain":0.0,"max_hp_loss":0.0,"gold_gain":0.0,"event_name":"Living Wall","player_choice":"Grow","floor":2.0,"gold_loss":0.0,"damage_taken":0.0,"cards_upgraded":["Coolheaded"]},{"damage_healed":0.0,"max_hp_gain":0.0,"max_hp_loss":0.0,"gold_gain":69.0,"event_name":"Golden Wing","player_choice":"Gained Gold","floor":3.0,"gold_loss":0.0,"damage_taken":0.0},{"damage_healed":0.0,"max_hp_gain":0.0,"max_hp_loss":0.0,"gold_gain":0.0,"event_name":"Upgrade Shrine","player_choice":"Upgraded","floor":4.0,"gold_loss":0.0,"damage_taken":0.0,"cards_upgraded":["Coolheaded"]},{"damage_healed":0.0,"max_hp_gain":0.0,"max_hp_loss":0.0,"gold_gain":50.0,"event_name":"Nest","player_choice":"Stole From Cult","floor":22.0,"gold_loss":0.0,"damage_taken":0.0},{"damage_healed":0.0,"max_hp_gain":0.0,"max_hp_loss":0.0,"gold_gain":0.0,"event_name":"Accursed Blacksmith","player_choice":"Forge","floor":36.0,"gold_loss":0.0,"damage_taken":0.0,"cards_upgraded":["Electrodynamics"]},{"damage_healed":0.0,"max_hp_gain":0.0,"max_hp_loss":0.0,"gold_gain":0.0,"event_name":"Tomb of Lord Red Mask","player_choice":"Ignored","floor":39.0,"gold_loss":0.0,"damage_taken":0.0},{"damage_healed":0.0,"max_hp_gain":0.0,"max_hp_loss":0.0,"gold_gain":0.0,"event_name":"Mysterious Sphere","player_choice":"Fight","floor":46.0,"gold_loss":0.0,"damage_taken":0.0}],"is_beta":false,"boss_relics":[{"not_picked":["Philosopher\u0027s Stone","Runic Dome"],"picked":"Inserter"},{"not_picked":["Astrolabe","Tiny House"],"picked":"Nuclear Battery"}],"items_purged_floors":[5],"is_endless":false,"potions_floor_spawned":[1,10,12,13,14,16,18,20,23,24,25,27,28,29,30,33,35,40,42,44,45,46,48,55],"ascension_level":20}}