{"host":"8xt6qtpg1rkermdd","time":1608680226,"event":{"mods":["AchievementEnabler","BaseMod","Downfall","Hermit","Hubris","Jorbs\u0027s Wanderer Trilogy","Marisa????????","Minty Spire (QoL Compilation)","Replay The Spire","StSLib","The Cursed","The Servant 0.9.4"],"gold_per_floor":[112,129,129,41,58,92,92,39,85,115,129,142,142,155,155,259,259,242,259,275,292,312,312,11,31,31,106,119,119,119],"floor_reached":29,"playtime":1675,"items_purged":[],"score":291,"play_id":"cea2b05c-1c21-4fdf-ad90-652129e8123b","local_time":"20201222173706","is_ascension_mode":false,"campfire_choices":[{"data":"Sweeping Beam","floor":7,"key":"SMITH"},{"floor":15,"key":"REST"},{"floor":23,"key":"REST"}],"circlet_count":0,"master_deck":["Strike_B","Strike_B","Defend_B","Defend_B","Defend_B","Defend_B","Zap","Dualcast","Sweeping Beam+1","Leap","Conserve Battery","Static Discharge","Sweeping Beam","Gash","Genetic Algorithm","FTL","ReplayGash","Streamline","Reboot","Beam Cell","Self Repair+1","Streamline+1","Loop+1","Steam","Conserve Battery","Scrape","Beam Cell+1","hubris:DuctTapeCard","Steam"],"relics":["Cracked Core","Strawberry","Toy Ornithopter","Replay:Ringing Soul","hubris:ToyBattleship","SlaversCollar","Membership Card","Replay:Baseball","hubris:DuctTape"],"acts_visited":["Exordium","TheCity"],"potions_floor_usage":[10,11,16,16,16,22,28,28],"damage_taken":[{"damage":1,"enemies":"2 Louse","floor":1,"turns":3},{"damage":6,"enemies":"Cultist","floor":2,"turns":3},{"damage":0,"enemies":"Small Slimes","floor":5,"turns":3},{"damage":28,"enemies":"3 Sentries","floor":6,"turns":5},{"damage":22,"enemies":"Gremlin Nob","floor":10,"turns":5},{"damage":25,"enemies":"Exordium Wildlife","floor":11,"turns":4},{"damage":0,"enemies":"Gremlin Gang","floor":12,"turns":3},{"damage":21,"enemies":"Large Slime","floor":14,"turns":5},{"damage":21,"enemies":"Slime Boss","floor":16,"turns":7},{"damage":15,"enemies":"2 Thieves","floor":18,"turns":4},{"damage":20,"enemies":"Spheric Guardian","floor":19,"turns":4},{"damage":58,"enemies":"Centurion and Healer","floor":20,"turns":11},{"damage":29,"enemies":"3 Cultists","floor":21,"turns":4},{"damage":18,"enemies":"Snake Plant","floor":22,"turns":4},{"damage":27,"enemies":"Shelled Parasite and Fungi","floor":25,"turns":6},{"damage":22,"enemies":"Centurion and Healer","floor":28,"turns":6},{"damage":31,"enemies":"Snecko","floor":29,"turns":4}],"seed_played":"1054293705364749022","potions_obtained":[{"floor":6,"key":"Weak Potion"},{"floor":10,"key":"Swift Potion"},{"floor":11,"key":"EntropicBrew"},{"floor":14,"key":"Energy Potion"},{"floor":18,"key":"LiquidMemories"},{"floor":19,"key":"SneckoOil"},{"floor":28,"key":"SneckoOil"}],"is_trial":false,"path_per_floor":["M","M","?","$","M","E","R","$","T","E","M","M","T","M","R","B",null,"M","M","M","M","M","R","$","M","T","?","M","M"],"character_chosen":"DEFECT","items_purchased":["Conserve Battery","Static Discharge","Gash","Membership Card","Conserve Battery","Replay:Baseball","Adrenaline Potion","Scrape"],"campfire_rested":2,"item_purchase_floors":[4,4,8,24,24,24,24,24],"current_hp_per_floor":[81,75,75,75,75,54,54,54,54,40,23,26,26,8,38,35,104,92,75,30,14,4,39,42,28,31,19,20,0,0],"gold":119,"neow_bonus":"TEN_PERCENT_HP_BONUS","is_daily":false,"chose_seed":false,"campfire_upgraded":1,"win_rate":0.0,"timestamp":1608680226,"path_taken":["M","M","?","$","M","E","R","?","T","E","M","M","?","M","R","BOSS","M","?","M","M","M","R","$","M","T","?","?","M"],"items_purchased_type":["Card","Card","Card","Relic","Card","Relic","Potion","Card"],"build_version":"2020-12-13","purchased_purges":0,"victory":false,"max_hp_per_floor":[82,82,82,82,82,89,89,89,89,92,95,98,98,101,101,104,104,107,110,113,116,119,119,122,125,128,128,131,131,131],"card_choices":[{"not_picked":["Barrage","Stack"],"picked":"Sweeping Beam","floor":1},{"not_picked":["Go for the Eyes","Stack"],"picked":"Leap","floor":2},{"not_picked":["Steam Power","Blizzard"],"picked":"Sweeping Beam","floor":5},{"not_picked":["Blizzard","ReplayTheSpireMod:System Scan","ReplayTheSpireMod:Reroute Power"],"picked":"SKIP","floor":6},{"not_picked":["Steam","Fission"],"picked":"Genetic Algorithm","floor":10},{"not_picked":["Genetic Algorithm","Coolheaded"],"picked":"FTL","floor":11},{"not_picked":["Go for the Eyes","Beam Cell"],"picked":"ReplayGash","floor":12},{"not_picked":["hubris:PowerSurge","Blizzard"],"picked":"Streamline","floor":14},{"not_picked":["Amplify","Rainbow"],"picked":"Reboot","floor":16},{"not_picked":["BasicCrystalCard","Coolheaded"],"picked":"Beam Cell","floor":18},{"not_picked":["FIFO Queue","Conserve Battery+1"],"picked":"Self Repair+1","floor":19},{"not_picked":["Coolheaded","ReplayGash"],"picked":"Streamline+1","floor":20},{"not_picked":["ReplayTheSpireMod:Reroute Power+1","Blizzard"],"picked":"Loop+1","floor":21},{"not_picked":["ReplayGash","Chaos"],"picked":"Steam","floor":22},{"not_picked":["Coolheaded+1","Amplify"],"picked":"Beam Cell+1","floor":25},{"not_picked":["Rip and Tear","Scrape"],"picked":"Steam","floor":28}],"player_experience":2119,"relics_obtained":[{"floor":6,"key":"Strawberry"},{"floor":9,"key":"Toy Ornithopter"},{"floor":10,"key":"Replay:Ringing Soul"},{"floor":13,"key":"hubris:ToyBattleship"},{"floor":26,"key":"hubris:DuctTape"}],"event_choices":[{"damage_healed":0,"gold_gain":0,"player_choice":"Bought 0 Potions","damage_taken":0,"max_hp_gain":0,"max_hp_loss":0,"event_name":"The Woman in Blue","floor":3,"gold_loss":0},{"damage_healed":0,"gold_gain":75,"player_choice":"Touch","damage_taken":12,"max_hp_gain":0,"max_hp_loss":0,"event_name":"FaceTrader","floor":27,"gold_loss":0}],"is_beta":false,"boss_relics":[{"not_picked":["hubris:HollowSoul","Philosopher\u0027s Stone"],"picked":"SlaversCollar"}],"items_purged_floors":[],"is_endless":false,"potions_floor_spawned":[6,10,11,14,18,19,28],"killed_by":"Snecko","ascension_level":0}}