{"host":"efbmiwe3kdtynlc6","time":1608638680,"event":{"mods":["BaseMod","Colored Map","Minty Spire (QoL Compilation)","Permanent Neow","Quick Restart","Rare Cards Sparkle","StSLib","SuperFastMode","UnlockEverythingMod","everything is the same but u backflip on backflip"],"gold_per_floor":[114,114,129,140,154,154,171,187,187,187,187,203,228,247,247,325,325,338,338,4,14,14,14,44,54,54,54,54,54,68,68,68,142,142,161,161,176,176,176],"floor_reached":38,"playtime":665,"items_purged":[],"score":796,"play_id":"6226a5a4-4bb2-4cfb-a5d2-d3f158384397","local_time":"20201222210440","is_ascension_mode":true,"campfire_choices":[{"data":"Fission","floor":6.0,"key":"SMITH"},{"data":"Defragment","floor":11.0,"key":"SMITH"},{"data":"Zap","floor":15.0,"key":"SMITH"},{"data":"Capacitor","floor":23.0,"key":"SMITH"},{"floor":29,"key":"REST"},{"floor":32,"key":"REST"}],"circlet_count":0,"master_deck":["AscendersBane","Defend_B","Defend_B","Defend_B","Defend_B","Zap+1","Dualcast","Fission+1","Ball Lightning","Sweeping Beam","Leap","Cold Snap","Beam Cell","Defragment+1","Capacitor+1","Sunder+1","Defragment+1","Coolheaded+1","Cold Snap","Redo+1","Biased Cognition","Biased Cognition+1","Hyperbeam+1","Hyperbeam+1","Turbo+1","Storm+1"],"relics":["Cracked Core","DataDisk","HornCleat","Cursed Key","Toxic Egg 2","Toy Ornithopter","Astrolabe"],"acts_visited":["Exordium","TheCity","TheBeyond"],"potions_floor_usage":[33,37],"damage_taken":[{"damage":1.0,"enemies":"Cultist","floor":1.0,"turns":3.0},{"damage":7.0,"enemies":"Jaw Worm","floor":3.0,"turns":3.0},{"damage":3.0,"enemies":"2 Louse","floor":4.0,"turns":2.0},{"damage":4.0,"enemies":"Red Slaver","floor":5.0,"turns":3.0},{"damage":3.0,"enemies":"Large Slime","floor":7.0,"turns":3.0},{"damage":1.0,"enemies":"Looter","floor":8.0,"turns":3.0},{"damage":0.0,"enemies":"Red Slaver","floor":12.0,"turns":4.0},{"damage":11.0,"enemies":"Gremlin Nob","floor":13.0,"turns":3.0},{"damage":0.0,"enemies":"3 Louse","floor":14.0,"turns":3.0},{"damage":4.0,"enemies":"Hexaghost","floor":16.0,"turns":6.0},{"damage":13.0,"enemies":"Chosen","floor":18.0,"turns":4.0},{"damage":15.0,"enemies":"Shell Parasite","floor":21.0,"turns":5.0},{"damage":23.0,"enemies":"Book of Stabbing","floor":24.0,"turns":5.0},{"damage":9.0,"enemies":"Centurion and Healer","floor":25.0,"turns":4.0},{"damage":19,"enemies":"Snake Plant","floor":30,"turns":4},{"damage":33,"enemies":"Champ","floor":33,"turns":14},{"damage":10,"enemies":"Orb Walker","floor":35,"turns":3},{"damage":10,"enemies":"3 Darklings","floor":37,"turns":3},{"damage":56,"enemies":"2 Orb Walkers","floor":38,"turns":3}],"seed_played":"9165337704727928433","potions_obtained":[{"floor":5.0,"key":"EssenceOfDarkness"},{"floor":7.0,"key":"SpeedPotion"},{"floor":16.0,"key":"Regen Potion"},{"floor":18.0,"key":"Weak Potion"},{"floor":21.0,"key":"Dexterity Potion"},{"floor":30,"key":"Explosive Potion"},{"floor":33,"key":"LiquidMemories"},{"floor":37,"key":"Strength Potion"}],"is_trial":false,"path_per_floor":["M","?","M","M","M","R","M","M","T","?","R","M","E","M","R","B",null,"M","?","$","M","$","R","E","M","T","?","?","R","M","T","R","B",null,"M","?","M","?"],"character_chosen":"DEFECT","items_purchased":["Toxic Egg 2","Coolheaded+1"],"campfire_rested":2,"item_purchase_floors":[20,20],"current_hp_per_floor":[63,56,49,46,42,42,39,38,38,38,38,38,27,27,27,23,59,46,46,46,45,45,45,22,13,13,13,13,34,15,15,36,8,55,45,45,40,0,0],"gold":176,"neow_bonus":"ONE_RANDOM_RARE_CARD","is_daily":false,"chose_seed":false,"campfire_upgraded":4,"win_rate":0.0,"timestamp":1608638680,"path_taken":["M","?","M","M","M","R","M","M","T","?","R","M","E","?","R","BOSS","M","?","$","?","?","R","E","M","T","?","?","R","M","?","R","BOSS","M","?","M","?"],"items_purchased_type":["Relic","Card"],"build_version":"2020-12-13","purchased_purges":0,"victory":false,"max_hp_per_floor":[71,71,71,71,71,71,71,71,71,71,71,71,71,71,71,71,71,71,71,71,71,71,71,71,71,71,71,71,71,71,71,71,71,71,71,67,67,67,67],"card_choices":[{"not_picked":["Redo","Streamline"],"picked":"Ball Lightning","floor":1.0},{"not_picked":["Steam","Stack"],"picked":"Sweeping Beam","floor":3.0},{"not_picked":["BootSequence","Rebound"],"picked":"Leap","floor":4.0},{"not_picked":["Force Field","Loop"],"picked":"Cold Snap","floor":5.0},{"not_picked":["Compile Driver","Go for the Eyes"],"picked":"Beam Cell","floor":7.0},{"not_picked":["Reprogram","Rip and Tear"],"picked":"Defragment","floor":8.0},{"not_picked":["Ball Lightning","Steam","Rainbow"],"picked":"SKIP","floor":12.0},{"not_picked":["Conserve Battery","Blizzard"],"picked":"Capacitor","floor":13.0},{"not_picked":["Double Energy","Recycle","Ball Lightning"],"picked":"SKIP","floor":14.0},{"not_picked":["Stack","Blizzard"],"picked":"Sunder+1","floor":18.0},{"not_picked":["Consume+1","Coolheaded+1","Rip and Tear"],"picked":"SKIP","floor":21.0},{"not_picked":["All For One","Hello World","Static Discharge"],"picked":"SKIP","floor":24.0},{"not_picked":["Gash","Compile Driver"],"picked":"Cold Snap","floor":25.0},{"not_picked":["Skim+1","Sweeping Beam"],"picked":"Redo+1","floor":30},{"not_picked":["Core Surge","Rainbow+1"],"picked":"Biased Cognition","floor":33},{"not_picked":["Hologram+1","Ball Lightning"],"picked":"Turbo+1","floor":35},{"not_picked":["Cold Snap","Barrage"],"picked":"Storm+1","floor":37}],"player_experience":323882,"relics_obtained":[{"floor":9.0,"key":"DataDisk"},{"floor":13.0,"key":"HornCleat"},{"floor":24.0,"key":"Toy Ornithopter"}],"event_choices":[{"cards_removed":["Strike_B"],"damage_healed":0.0,"max_hp_gain":0.0,"max_hp_loss":0.0,"gold_gain":0.0,"event_name":"Golden Wing","player_choice":"Card Removal","floor":2.0,"gold_loss":0.0,"damage_taken":7.0},{"damage_healed":0.0,"max_hp_gain":0.0,"max_hp_loss":0.0,"gold_gain":0.0,"event_name":"Lab","player_choice":"Got Potions","floor":10.0,"gold_loss":0.0,"damage_taken":0.0},{"damage_healed":0.0,"max_hp_gain":0.0,"max_hp_loss":0.0,"gold_gain":0.0,"event_name":"Duplicator","player_choice":"Copied","floor":19.0,"gold_loss":0.0,"damage_taken":0.0,"cards_obtained":["Defragment"]},{"damage_healed":0,"gold_gain":0,"player_choice":"Ignored","damage_taken":0,"max_hp_gain":0,"max_hp_loss":0,"event_name":"Vampires","floor":27,"gold_loss":0},{"damage_healed":0,"gold_gain":0,"player_choice":"Max HP","damage_taken":0,"max_hp_gain":0,"max_hp_loss":4,"event_name":"Winding Halls","floor":36,"gold_loss":0},{"damage_healed":0,"gold_gain":0,"player_choice":"Fight","damage_taken":0,"max_hp_gain":0,"max_hp_loss":0,"event_name":"Mysterious Sphere","floor":38,"gold_loss":0}],"is_beta":false,"boss_relics":[{"not_picked":["Busted Crown","Tiny House"],"picked":"Cursed Key"},{"not_picked":["SacredBark","Philosopher\u0027s Stone"],"picked":"Astrolabe"}],"items_purged_floors":[],"is_endless":false,"potions_floor_spawned":[5,7,12,16,18,21,30,33,37],"killed_by":"2 Orb Walkers","ascension_level":20}}