{"host":"wghdsg8ym2wc7ov9","time":1608616172,"event":{"mods":["AchievementEnabler","BaseMod","Better Altar","Better Note","Colored Map","Hermit","Highlight Path","Jorbs\u0027s Wanderer Trilogy","Minty Spire (QoL Compilation)","Random Character Button","Relic Stats","Shop Mod","StSLib","The Bug Knight","The Cursed","The Hierophant","The Servant 0.9.4"],"gold_per_floor":[109,122,132,143,110,139,139,173,173,189,189,189,204,216,216,313,313,332,431,89,89,99,99,131,131,154,154,166,2,2,29,29,127,127,138,138,138],"floor_reached":36,"playtime":3739,"items_purged":[],"score":433,"play_id":"153b9f3d-d067-4953-865f-d12a3828cbf8","local_time":"20201221214932","is_ascension_mode":true,"campfire_choices":[{"floor":7.0,"key":"REST"},{"floor":11.0,"key":"REST"},{"data":"TalkToTheHand","floor":15.0,"key":"SMITH"},{"floor":23,"key":"RECALL"},{"floor":30,"key":"REST"},{"floor":32,"key":"REST"}],"circlet_count":0,"master_deck":["Strike_P","Strike_P","Strike_P","Strike_P","Defend_P","Defend_P","Defend_P","Defend_P","Eruption","Vigilance","PathToVictory","Swivel","EmptyFist","Crescendo","FearNoEvil","FlurryOfBlows","FollowUp","Regret","TalkToTheHand+1","FearNoEvil","Devotion","ReachHeaven+1","Magnetism+1","BowlingBash","Halt","Wish","Pain","Decay","CutThroughFate+1","CarveReality+1","Brilliance","MasterReality","JustLucky+1"],"relics":["PureWater","Blue Candle","HollowMod:StagPassRelic","Pantograph","Shuriken","Cursed Key","Bag of Marbles","HollowMod:PaleOreRelic","Nunchaku","Membership Card","Sundial","Black Star"],"acts_visited":["Exordium","TheCity","TheBeyond"],"potions_floor_usage":[28,31,33,33,36],"damage_taken":[{"damage":0.0,"enemies":"Small Slimes","floor":1.0,"turns":3.0},{"damage":0.0,"enemies":"2 Louse","floor":2.0,"turns":2.0},{"damage":1.0,"enemies":"Jaw Worm","floor":3.0,"turns":5.0},{"damage":12.0,"enemies":"2 Fungi Beasts","floor":4.0,"turns":3.0},{"damage":22.0,"enemies":"Gremlin Nob","floor":6.0,"turns":4.0},{"damage":25.0,"enemies":"3 Sentries","floor":8.0,"turns":10.0},{"damage":6.0,"enemies":"Lots of Slimes","floor":10.0,"turns":3.0},{"damage":4.0,"enemies":"Gremlin Gang","floor":13.0,"turns":4.0},{"damage":0.0,"enemies":"Looter","floor":14.0,"turns":2.0},{"damage":20.0,"enemies":"Hexaghost","floor":16.0,"turns":6.0},{"damage":19,"enemies":"2 Thieves","floor":18,"turns":4},{"damage":10,"enemies":"Chosen","floor":22,"turns":2},{"damage":19,"enemies":"HollowMod:Nosk","floor":24,"turns":5},{"damage":7,"enemies":"Snake Plant","floor":28,"turns":2},{"damage":44,"enemies":"Gremlin Leader","floor":31,"turns":5},{"damage":31,"enemies":"Automaton","floor":33,"turns":6},{"damage":8,"enemies":"Orb Walker","floor":35,"turns":4},{"damage":84,"enemies":"2 Orb Walkers","floor":36,"turns":4}],"seed_played":"-7313031640709100089","potions_obtained":[{"floor":1.0,"key":"SteroidPotion"},{"floor":2.0,"key":"Regen Potion"},{"floor":3.0,"key":"SkillPotion"},{"floor":16.0,"key":"DuplicationPotion"},{"floor":22,"key":"BottledMiracle"},{"floor":24,"key":"SkillPotion"},{"floor":31,"key":"DistilledChaos"},{"floor":35,"key":"Dexterity Potion"}],"is_trial":false,"path_per_floor":["M","M","M","M","?","E","R","E","T","M","R","?","M","M","R","B",null,"M","?","$","?","M","R","E","?","T","T","M","$","R","E","R","B",null,"M","?"],"character_chosen":"WATCHER","items_purchased":["Magnetism","Bag of Marbles","Membership Card","CarveReality"],"campfire_rested":4,"item_purchase_floors":[20,20,29,29],"current_hp_per_floor":[79,79,78,66,66,44,67,42,42,36,59,59,55,55,55,59,79,60,60,60,60,50,50,31,31,31,31,24,24,47,15,38,32,79,71,0,0],"gold":138,"neow_bonus":"TEN_PERCENT_HP_BONUS","is_daily":false,"chose_seed":false,"campfire_upgraded":1,"win_rate":0.0,"timestamp":1608616172,"path_taken":["M","M","M","M","?","E","R","E","T","M","R","?","M","M","R","BOSS","M","?","$","?","M","R","E","?","T","?","M","$","R","E","R","BOSS","M","?"],"items_purchased_type":["Card","Relic","Relic","Card"],"build_version":"2020-12-13","purchased_purges":0,"victory":false,"max_hp_per_floor":[79,79,79,79,79,79,79,79,79,79,79,79,79,79,79,79,79,79,79,79,79,79,79,79,79,79,79,79,79,79,79,79,79,79,79,79,79],"relic_stats":{"Nunchaku":[5],"counters":[18,74],"Shuriken":[24],"Sundial":[0],"Blue Candle":[15],"Pantograph":49,"Black Star":0,"Cursed Key":2,"obtain_stats":[{"Nunchaku":27,"Shuriken":12,"Sundial":31,"Blue Candle":6,"Pantograph":9,"Bag of Marbles":20,"Black Star":34,"HollowMod:PaleOreRelic":24,"Membership Card":29,"PureWater":0,"HollowMod:StagPassRelic":8,"Cursed Key":17},{"Nunchaku":13,"Shuriken":7,"Sundial":15,"Blue Candle":5,"Pantograph":6,"Bag of Marbles":11,"Black Star":16,"HollowMod:PaleOreRelic":13,"Membership Card":14,"PureWater":0,"HollowMod:StagPassRelic":6,"Cursed Key":10},{"Nunchaku":53,"Shuriken":30,"Sundial":60,"Blue Candle":17,"Pantograph":27,"Bag of Marbles":46,"Black Star":66,"HollowMod:PaleOreRelic":53,"Membership Card":55,"PureWater":0,"HollowMod:StagPassRelic":27,"Cursed Key":42}]},"card_choices":[{"not_picked":["Conclude","Sanctity"],"picked":"PathToVictory","floor":1.0},{"not_picked":["BowlingBash","Sanctity"],"picked":"Swivel","floor":2.0},{"not_picked":["JustLucky","Prostrate"],"picked":"EmptyFist","floor":3.0},{"not_picked":["JustLucky","WreathOfFlame"],"picked":"Crescendo","floor":4.0},{"not_picked":["SignatureMove","SandsOfTime"],"picked":"FearNoEvil","floor":6.0},{"not_picked":["Blasphemy","Fasting2"],"picked":"FlurryOfBlows","floor":8.0},{"not_picked":["Evaluate","Wireheading"],"picked":"FollowUp","floor":10.0},{"not_picked":["EmptyBody","WreathOfFlame"],"picked":"TalkToTheHand","floor":13.0},{"not_picked":["ClearTheMind","WaveOfTheHand"],"picked":"FearNoEvil","floor":14.0},{"not_picked":["ConjureBlade","Vault"],"picked":"Devotion","floor":16.0},{"not_picked":["Study","Evaluate"],"picked":"ReachHeaven+1","floor":18},{"not_picked":["Prostrate+1","Study"],"picked":"BowlingBash","floor":22},{"not_picked":["Vengeance","BowlingBash+1"],"picked":"Halt","floor":24},{"not_picked":["Weave+1","EmptyFist"],"picked":"CutThroughFate+1","floor":28},{"not_picked":["SignatureMove+1","CrushJoints"],"picked":"Brilliance","floor":31},{"not_picked":["ConjureBlade","DeusExMachina"],"picked":"MasterReality","floor":33},{"not_picked":["Evaluate","SashWhip"],"picked":"JustLucky+1","floor":35}],"player_experience":501549,"relics_obtained":[{"floor":6.0,"key":"Blue Candle"},{"floor":8.0,"key":"HollowMod:StagPassRelic"},{"floor":9.0,"key":"Pantograph"},{"floor":24,"key":"HollowMod:PaleOreRelic"},{"floor":27,"key":"Nunchaku"},{"floor":31,"key":"Sundial"}],"event_choices":[{"damage_healed":0.0,"max_hp_gain":0.0,"max_hp_loss":0.0,"gold_gain":0.0,"event_name":"World of Goop","player_choice":"Left Gold","floor":5.0,"gold_loss":33.0,"damage_taken":0.0},{"damage_healed":0.0,"max_hp_gain":0.0,"max_hp_loss":0.0,"gold_gain":0.0,"event_name":"Big Fish","player_choice":"Box","floor":12.0,"gold_loss":0.0,"damage_taken":0.0,"relics_obtained":["Shuriken"],"cards_obtained":["Regret"]},{"damage_healed":0,"gold_gain":99,"player_choice":"Stole From Cult","damage_taken":0,"max_hp_gain":0,"max_hp_loss":0,"event_name":"Nest","floor":19,"gold_loss":0},{"damage_healed":0,"gold_gain":0,"player_choice":"Ignored","damage_taken":0,"max_hp_gain":0,"max_hp_loss":0,"event_name":"Vampires","floor":21,"gold_loss":0},{"damage_healed":0,"gold_gain":0,"player_choice":"Read","damage_taken":0,"max_hp_gain":0,"max_hp_loss":0,"event_name":"The Library","floor":25,"gold_loss":0,"cards_obtained":["Wish"]},{"damage_healed":0,"gold_gain":0,"player_choice":"Fight","damage_taken":0,"max_hp_gain":0,"max_hp_loss":0,"event_name":"Mysterious Sphere","floor":36,"gold_loss":0}],"is_beta":false,"boss_relics":[{"not_picked":["Tiny House","Snecko Eye"],"picked":"Cursed Key"},{"not_picked":["Coffee Dripper","Philosopher\u0027s Stone"],"picked":"Black Star"}],"items_purged_floors":[],"is_endless":false,"potions_floor_spawned":[1,2,3,16,22,24,31,35],"killed_by":"2 Orb Walkers","ascension_level":1}}