{"host":"ju66gn9zov5ov15o","time":1608673647,"event":{"mods":["2.2 Compatiblity","Act Like it!","BaseMod","Downfall","GifTheSpireLib","Minty Spire (QoL Compilation)","Pale of the Ancients","StSLib"],"gold_per_floor":[99,114,114,129,139,169,169,40,40,40,87,12,26,42,53,53,53,53],"floor_reached":16,"playtime":625,"items_purged":["Pain"],"score":102,"play_id":"9ec2d587-629a-40db-99eb-10c316feb660","local_time":"20201222224727","is_ascension_mode":false,"campfire_choices":[{"data":"expansioncontent:Corrupt","floor":1,"key":"SMITH"},{"floor":10,"key":"REST"},{"data":"champ:EnragedBash","floor":12,"key":"SMITH"}],"circlet_count":0,"master_deck":["champ:Strike","champ:Strike","champ:Strike","champ:Strike","champ:Defend","champ:Defend","champ:Defend","champ:Defend","champ:Execute","champ:Taunt","expansioncontent:Corrupt+1","champ:Shatter","champ:GutPunch","champ:BerserkersShout","champ:HeartStrike","champ:EnragedBash+1","champ:FanOfKnives","champ:Haymaker"],"relics":["champ:ChampionCrown","WarpedTongs","CaptainsWheel","Pear","The Courier","Toy Ornithopter","downfall:HeartBlessingGreen"],"acts_visited":["Exordium"],"potions_floor_usage":[8,14],"damage_taken":[{"damage":27,"enemies":"Small Slimes","floor":2,"turns":4},{"damage":6,"enemies":"Cultist","floor":4,"turns":3},{"damage":13,"enemies":"Jaw Worm","floor":5,"turns":2},{"damage":23,"enemies":"Gremlin Nob","floor":6,"turns":3},{"damage":20,"enemies":"downfall:FleeingMerchant","floor":8,"turns":4},{"damage":15,"enemies":"Gremlin Gang","floor":13,"turns":6},{"damage":12,"enemies":"Blue Slaver","floor":14,"turns":2},{"damage":19,"enemies":"Exordium Thugs","floor":15,"turns":4},{"damage":15,"enemies":"downfall:Silent","floor":16,"turns":4}],"seed_played":"-949826885531287420","potions_obtained":[{"floor":5,"key":"LiquidMemories"},{"floor":13,"key":"hexamod:EctoCoolerPotion"}],"is_trial":false,"path_per_floor":["R","M","?","M","M","E","T","$","?","R","T","R","M","M","M","B"],"character_chosen":"THE_CHAMP","items_purchased":["champ:EnragedBash"],"campfire_rested":1,"item_purchase_floors":[8],"current_hp_per_floor":[63,46,46,45,37,19,29,28,10,40,40,40,33,26,15,0,0,0],"gold":53,"neow_bonus":"RANDOM_COLORLESS_2","is_daily":false,"chose_seed":false,"campfire_upgraded":2,"win_rate":0.0,"timestamp":1608673647,"path_taken":["R","M","?","M","?","E","T","$","?","R","?","R","?","M","M","BOSS"],"items_purchased_type":["Card"],"build_version":"2020-12-13","purchased_purges":1,"victory":false,"max_hp_per_floor":[90,90,90,90,90,90,100,100,100,100,100,100,100,100,100,100,100,100],"card_choices":[{"not_picked":["Thinking Ahead","Apotheosis"],"picked":"expansioncontent:Corrupt","floor":0},{"not_picked":["champ:Encircle","champ:ViciousMockery"],"picked":"champ:Shatter","floor":2},{"not_picked":["champ:CrookedStrike","champ:FlashCut"],"picked":"champ:GutPunch","floor":4},{"not_picked":["champ:FanOfKnives","champ:Circumvent"],"picked":"champ:BerserkersShout","floor":5},{"not_picked":["champ:Devastate","champ:EndlessRage","champ:FlashCut"],"picked":"SKIP","floor":6},{"not_picked":["champ:SkillfulDodge","champ:BringItOn"],"picked":"champ:HeartStrike","floor":8},{"not_picked":["champ:TornadoPunch","champ:GladiatorsShout","champ:CrookedStrike"],"picked":"SKIP","floor":13},{"not_picked":["champ:EnGarde","champ:StanceDance"],"picked":"champ:FanOfKnives","floor":14},{"not_picked":["champ:GutPunch","champ:Backstep"],"picked":"champ:Haymaker","floor":15}],"player_experience":188775,"relics_obtained":[{"floor":6,"key":"CaptainsWheel"},{"floor":7,"key":"Pear"},{"floor":11,"key":"Toy Ornithopter"}],"event_choices":[{"damage_healed":0,"gold_gain":0,"player_choice":"Rummage","damage_taken":0,"relics_obtained":["WarpedTongs"],"max_hp_gain":0,"max_hp_loss":0,"event_name":"Accursed Blacksmith","floor":3,"gold_loss":0,"cards_obtained":["Pain"]},{"damage_healed":0,"gold_gain":0,"player_choice":"Success","damage_taken":18,"relics_obtained":["The Courier"],"max_hp_gain":0,"max_hp_loss":0,"event_name":"Scrap Ooze","floor":9,"gold_loss":0}],"is_beta":false,"boss_relics":[],"items_purged_floors":[8],"is_endless":false,"potions_floor_spawned":[5,13],"killed_by":"downfall:Silent","ascension_level":0}}