{"host":"627up2rvtmm0cf0r","time":1608635451,"event":{"mods":["ATMod(阿瑾Mod)","Act Like it!","BaseMod","CapriCore","Card Filter","Card Forge","DeckTracker","Dota2Spire","Friendly Minions","Highlight Path","Minty Spire (QoL Compilation)","MostiFishMod","Permanent Neow","Quick Restart","Relic Stats","Shop Mod","Spicy Shops","StSLib","SuperFastMode","TestMod","[地精首领爬塔]The Maniac","【遗物卡牌】REMEMod","篝火指南"],"gold_per_floor":[110,120,143,163,181,212,212,242,242,272,272,272,300,316,316,417,-983,-973,-973,-962,-942,-942,-942,-910,-910,-910,-883,-883,-858,-858,-858,-858,-761,-761,-746,-746,-736,-721,-721,-687,-637,-624,-552,-527,-127,-100,-100,-86,-86,-86,-86,-86,-86,-60,-60],"floor_reached":56,"playtime":1546,"items_purged":[],"score":2011,"play_id":"53f1796b-c6bc-4446-a509-cefd544ac06c","local_time":"20201222191051","is_ascension_mode":true,"campfire_choices":[{"floor":7.0,"key":"REST"},{"floor":11.0,"key":"REST"},{"data":"Eruption","floor":15.0,"key":"SMITH"},{"data":"AT_EssenceShift","floor":23,"key":"SMITH"},{"data":"MostiFishMod:Unraveling","floor":25,"key":"SMITH"},{"floor":28,"key":"RECALL"},{"data":"Defend_P","floor":30,"key":"SMITH"},{"data":"Defend_P","floor":32,"key":"SMITH"},{"data":"MostiFishMod:DustFall","floor":47,"key":"SMITH"},{"data":"Defend_P","floor":49,"key":"SMITH"},{"data":"Strike_P","floor":52,"key":"SMITH"}],"circlet_count":0,"master_deck":["Strike_P","Strike_P","Strike_P+1","Defend_P+1","Defend_P+1","Defend_P+1","Defend_P+1","Eruption+1","Vigilance+1","AT_EssenceShift+1","BattleHymn","MostiFishMod:Unraveling+1","REME_CRH+1","MostiFishMod:DustFall+1"],"relics":["PureWater","Hammer of Thor","Seething Fire","Anvil of the Gods","DaveBox","testmod-TestBox","testmod-ObsoleteBoomerang","ChiXiaoBlade","NeowsBlessing","Question Card","War Paint","testmod-EqualTreatment","Damaru","testmod-Antiphasic","Dota2Spire:MonkeyKingBar","ImportantClient","SynthV:MejaisSoulstealer","Nloth\u0027s Gift","Nunchaku","Pocketwatch","Mercury Hourglass","Lantern","Darkstone Periapt","ShadowXiaoBlade","Molten Egg 2","CombinedTypeHook","Sundial","testmod-AssaultLearning","Dota2Spire:UrnOfShadows","Mummified Hand"],"acts_visited":["Exordium","TheCity","TheBeyond","TheEnding"],"potions_floor_usage":[21,27,55,55],"damage_taken":[{"damage":0.0,"enemies":"Cultist","floor":1.0,"turns":1.0},{"damage":0.0,"enemies":"Small Slimes","floor":2.0,"turns":1.0},{"damage":0.0,"enemies":"Jaw Worm","floor":4.0,"turns":1.0},{"damage":40.0,"enemies":"Lots of Slimes","floor":5.0,"turns":4.0},{"damage":28.0,"enemies":"3 Sentries","floor":6.0,"turns":5.0},{"damage":16.0,"enemies":"Gremlin Nob","floor":8.0,"turns":4.0},{"damage":2.0,"enemies":"3 Sentries","floor":10.0,"turns":2.0},{"damage":16.0,"enemies":"Gremlin Nob","floor":13.0,"turns":3.0},{"damage":0.0,"enemies":"Exordium Wildlife","floor":14.0,"turns":3.0},{"damage":0,"enemies":"Slime Boss","floor":16,"turns":5},{"damage":0,"enemies":"Shell Parasite","floor":18,"turns":3},{"damage":0,"enemies":"Spheric Guardian","floor":20,"turns":2},{"damage":1,"enemies":"Snake Plant","floor":21,"turns":3},{"damage":0,"enemies":"Gremlin Leader","floor":24,"turns":3},{"damage":0,"enemies":"Slavers","floor":27,"turns":2},{"damage":0,"enemies":"Book of Stabbing","floor":29,"turns":3},{"damage":0,"enemies":"Automaton","floor":33,"turns":3},{"damage":0,"enemies":"3 Shapes","floor":35,"turns":2},{"damage":0,"enemies":"Orb Walker","floor":37,"turns":2},{"damage":0,"enemies":"Jaw Worm Horde","floor":38,"turns":1},{"damage":0,"enemies":"Giant Head","floor":40,"turns":1},{"damage":0,"enemies":"Mind Bloom Boss Battle","floor":41,"turns":2},{"damage":0,"enemies":"Sphere and 2 Shapes","floor":42,"turns":2},{"damage":0,"enemies":"Reptomancer","floor":44,"turns":1},{"damage":0,"enemies":"Nemesis","floor":46,"turns":2},{"damage":0,"enemies":"4 Shapes","floor":48,"turns":1},{"damage":0,"enemies":"Donu and Deca","floor":50,"turns":2},{"damage":0,"enemies":"Shield and Spear","floor":54,"turns":2},{"damage":43,"enemies":"The Heart","floor":55,"turns":3}],"seed_played":"7101227894741463925","potions_obtained":[{"floor":1.0,"key":"Ambrosia"},{"floor":5.0,"key":"Swift Potion"},{"floor":8.0,"key":"StancePotion"},{"floor":14.0,"key":"Swift Potion"},{"floor":24,"key":"Ancient Potion"},{"floor":35,"key":"Dexterity Potion"}],"is_trial":false,"path_per_floor":["M","M","T","M","M","E","R","E","T","E","R","?","E","M","R","B",null,"M","?","M","M","?","R","E","R","T","E","R","E","R","$","R","B",null,"M","?","M","M","?","E","?","M","T","E","?","E","R","M","R","B",null,"R","$","E","B",null],"character_chosen":"WATCHER","items_purchased":[],"campfire_rested":2,"item_purchase_floors":[],"current_hp_per_floor":[72,72,72,72,32,4,25,9,9,7,28,28,12,12,12,12,72,72,72,72,71,71,71,71,71,71,71,71,71,71,71,71,71,72,72,72,72,72,72,72,72,72,72,72,72,72,72,72,72,72,72,72,72,72,34],"gold":-60,"neow_bonus":"THREE_ENEMY_KILL","is_daily":false,"chose_seed":false,"campfire_upgraded":8,"win_rate":0.0,"timestamp":1608635451,"path_taken":["M","M","?","?","M","E","R","E","T","E","R","?","E","M","R","BOSS","M","?","?","M","?","R","E","R","T","E","R","E","R","$","R","BOSS","M","?","?","M","?","E","?","M","T","E","?","E","R","M","R","BOSS","R","$","E","BOSS"],"items_purchased_type":[],"build_version":"2020-12-13","purchased_purges":0,"victory":true,"max_hp_per_floor":[72,72,72,72,72,72,72,72,72,72,72,72,72,72,72,72,72,72,72,72,72,72,72,72,72,72,72,72,72,72,72,72,72,72,72,72,72,72,72,72,72,72,72,72,72,72,72,72,72,72,72,72,72,72,77],"relic_stats":{"Darkstone Periapt":0,"Nunchaku":[6],"counters":[29,69],"Sundial":[2],"Mummified Hand":[3],"Nloth\u0027s Gift":5,"War Paint":["Vigilance","Defend_P"],"Question Card":26,"obtain_stats":[{"Darkstone Periapt":29,"CombinedTypeHook":41,"Lantern":27,"AT_ATBox":0,"DaveBox":0,"testmod-EqualTreatment":6,"Hammer of Thor":0,"Nunchaku":22,"Sundial":43,"Mummified Hand":54,"testmod-ObsoleteBoomerang":0,"ImportantClient":16,"testmod-TestBox":0,"SynthV:MejaisSoulstealer":17,"Dota2Spire:UrnOfShadows":46,"NeowsBlessing":0,"Damaru":8,"ShadowXiaoBlade":34,"Seething Fire":0,"War Paint":3,"Question Card":1,"Mercury Hourglass":26,"testmod-Antiphasic":10,"Anvil of the Gods":0,"testmod-AssaultLearning":44,"ChiXiaoBlade":0,"Molten Egg 2":40,"Nloth\u0027s Gift":19,"PureWater":0,"Dota2Spire:MonkeyKingBar":13,"REME_ComplimentaryCards":0,"Pocketwatch":24},{"Darkstone Periapt":16,"CombinedTypeHook":22,"Lantern":15,"AT_ATBox":0,"DaveBox":0,"testmod-EqualTreatment":5,"Hammer of Thor":0,"Nunchaku":13,"Sundial":23,"Mummified Hand":28,"testmod-ObsoleteBoomerang":0,"ImportantClient":10,"testmod-TestBox":0,"SynthV:MejaisSoulstealer":10,"Dota2Spire:UrnOfShadows":25,"NeowsBlessing":0,"Damaru":6,"ShadowXiaoBlade":17,"Seething Fire":0,"War Paint":2,"Question Card":1,"Mercury Hourglass":14,"testmod-Antiphasic":7,"Anvil of the Gods":0,"testmod-AssaultLearning":24,"ChiXiaoBlade":0,"Molten Egg 2":21,"Nloth\u0027s Gift":11,"PureWater":0,"Dota2Spire:MonkeyKingBar":8,"REME_ComplimentaryCards":0,"Pocketwatch":14},{"Darkstone Periapt":45,"CombinedTypeHook":56,"Lantern":42,"AT_ATBox":0,"DaveBox":0,"testmod-EqualTreatment":12,"Hammer of Thor":0,"Nunchaku":37,"Sundial":58,"Mummified Hand":66,"testmod-ObsoleteBoomerang":0,"ImportantClient":29,"testmod-TestBox":0,"SynthV:MejaisSoulstealer":29,"Dota2Spire:UrnOfShadows":61,"NeowsBlessing":0,"Damaru":16,"ShadowXiaoBlade":48,"Seething Fire":0,"War Paint":2,"Question Card":1,"Mercury Hourglass":40,"testmod-Antiphasic":18,"Anvil of the Gods":0,"testmod-AssaultLearning":59,"ChiXiaoBlade":0,"Molten Egg 2":54,"Nloth\u0027s Gift":32,"PureWater":0,"Dota2Spire:MonkeyKingBar":21,"REME_ComplimentaryCards":0,"Pocketwatch":40}],"Pocketwatch":[3],"Mercury Hourglass":[142]},"card_choices":[{"not_picked":["Halt","Consecrate","Indignation"],"picked":"SKIP","floor":1.0},{"not_picked":["EmptyBody","MostiFishMod:LegendTransform","CutThroughFate","JustLucky"],"picked":"SKIP","floor":2.0},{"not_picked":["EmptyBody","MostiFishMod:LegendTransform","CutThroughFate","JustLucky"],"picked":"SKIP","floor":2.0},{"not_picked":["REME_Repentance","WaveOfTheHand","Protect","Prostrate"],"picked":"SKIP","floor":4.0},{"not_picked":["FollowUp","REME_Repentance","EmptyBody","MostiFishMod:Speedup"],"picked":"SKIP","floor":5.0},{"not_picked":["Conclude","Study","EmptyBody","MostiFishMod:Dust"],"picked":"SKIP","floor":6.0},{"not_picked":["Sanctity","AT_DivineConfetti","FearNoEvil","REME_MusicOfDeath"],"picked":"SKIP","floor":8.0},{"not_picked":["Crescendo","Halt","Prostrate","LikeWater"],"picked":"SKIP","floor":10.0},{"not_picked":["Tantrum","CutThroughFate","EmptyBody","Alpha"],"picked":"SKIP","floor":13.0},{"not_picked":["SandsOfTime","WheelKick","Halt","CrushJoints"],"picked":"SKIP","floor":14.0},{"not_picked":["MostiFishMod:UniPurple","AT_MachinaRedman","Brilliance"],"picked":"MostiFishMod:Unraveling","floor":16},{"not_picked":["EmptyBody","ForeignInfluence","SignatureMove","Pray"],"picked":"SKIP","floor":18},{"not_picked":["MostiFishMod:LegendTransform+1","ThirdEye","Nirvana+1","SignatureMove"],"picked":"SKIP","floor":20},{"not_picked":["BowlingBash","FollowUp","Meditate","AT_ChampionStep"],"picked":"SKIP","floor":21},{"not_picked":["Meditate","MostiFishMod:OutWit","Consecrate","Judgement"],"picked":"SKIP","floor":24},{"not_picked":["Meditate","MostiFishMod:OutWit","Consecrate","Judgement"],"picked":"SKIP","floor":24},{"not_picked":["Swivel","EmptyBody","Crescendo","MostiFishMod:Minus"],"picked":"SKIP","floor":27},{"not_picked":["MostiFishMod:CyberBuddha","Crescendo","JustLucky+1","PathToVictory+1"],"picked":"SKIP","floor":29},{"not_picked":["REME_WorshipGod","Vault","MostiFishMod:Pointsdynamics"],"picked":"REME_CRH","floor":33},{"not_picked":["AT_RealFormLess","SashWhip+1","FlyingSleeves+1","Meditate+1"],"picked":"SKIP","floor":35},{"not_picked":["WreathOfFlame+1","PathToVictory+1","EmptyBody+1"],"picked":"MostiFishMod:DustFall","floor":37},{"not_picked":["Halt","WindmillStrike+1","CrushJoints+1","CarveReality+1"],"picked":"SKIP","floor":38},{"not_picked":["TalkToTheHand+1","Evaluate+1","Vengeance+1","Prostrate+1"],"picked":"SKIP","floor":40},{"not_picked":["AT_SoftenMuscles+1","MostiFishMod:FlowState","Indignation+1","Protect"],"picked":"SKIP","floor":42},{"not_picked":["Halt+1","DevaForm","ThirdEye+1","Protect+1"],"picked":"SKIP","floor":44},{"not_picked":["MostiFishMod:StarLaLaLa","Crescendo","Wallop+1","FearNoEvil+1"],"picked":"SKIP","floor":46},{"not_picked":["Halt","Consecrate+1","ForeignInfluence+1","Alpha"],"picked":"SKIP","floor":48},{"not_picked":["Judgement","Weave+1","AT_RealFormLess+1","AT_ChampionStep+1"],"picked":"SKIP","floor":54},{"not_picked":["Judgement","Weave+1","AT_RealFormLess+1","AT_ChampionStep+1"],"picked":"SKIP","floor":54}],"player_experience":13355,"relics_obtained":[{"floor":1.0,"key":"Question Card"},{"floor":3.0,"key":"War Paint"},{"floor":6.0,"key":"testmod-EqualTreatment"},{"floor":8.0,"key":"Damaru"},{"floor":10.0,"key":"testmod-Antiphasic"},{"floor":13.0,"key":"Dota2Spire:MonkeyKingBar"},{"floor":16,"key":"ImportantClient"},{"floor":24,"key":"Pocketwatch"},{"floor":26,"key":"Mercury Hourglass"},{"floor":27,"key":"Lantern"},{"floor":29,"key":"Darkstone Periapt"},{"floor":40,"key":"Molten Egg 2"},{"floor":41,"key":"CombinedTypeHook"},{"floor":43,"key":"Sundial"},{"floor":44,"key":"testmod-AssaultLearning"},{"floor":46,"key":"Dota2Spire:UrnOfShadows"},{"floor":54,"key":"Mummified Hand"}],"event_choices":[{"damage_healed":0.0,"max_hp_gain":0.0,"max_hp_loss":0.0,"gold_gain":0.0,"event_name":"给自己的盒子","player_choice":"Ignored","floor":12.0,"gold_loss":0.0,"damage_taken":0.0},{"damage_healed":0,"gold_gain":0,"player_choice":"Traded Relic","damage_taken":0,"relics_obtained":["Nloth\u0027s Gift"],"max_hp_gain":0,"max_hp_loss":0,"event_name":"N\u0027loth","floor":19,"relics_lost":["AT_ATBox"],"gold_loss":0},{"damage_healed":0,"gold_gain":0,"player_choice":"Opened","damage_taken":0,"relics_obtained":["Nunchaku"],"max_hp_gain":0,"max_hp_loss":0,"event_name":"The Mausoleum","floor":22,"gold_loss":0},{"damage_healed":0,"gold_gain":0,"player_choice":"Upgraded","damage_taken":0,"max_hp_gain":0,"max_hp_loss":0,"event_name":"Upgrade Shrine","floor":36,"gold_loss":0,"cards_upgraded":["REME_CRH"]},{"cards_removed":["Strike_P"],"damage_healed":0,"gold_gain":0,"player_choice":"Removed Attack","damage_taken":0,"max_hp_gain":0,"max_hp_loss":0,"event_name":"Falling","floor":39,"gold_loss":0},{"damage_healed":0,"gold_gain":0,"player_choice":"Fight","damage_taken":0,"max_hp_gain":0,"max_hp_loss":0,"event_name":"MindBloom","floor":41,"gold_loss":0},{"damage_healed":0,"gold_gain":400,"player_choice":"Sell","damage_taken":0,"max_hp_gain":0,"max_hp_loss":0,"event_name":"恩洛斯的盘子","floor":45,"relics_lost":["REME_ComplimentaryCards"],"gold_loss":0}],"is_beta":false,"boss_relics":[{"not_picked":["AT_MortalBlade","BirthdayGift-Tetrahedron"],"picked":"SynthV:MejaisSoulstealer"},{"not_picked":["FixedStarFall","TimeKeys"],"picked":"ShadowXiaoBlade"}],"items_purged_floors":[],"is_endless":false,"potions_floor_spawned":[1,5,8,14,18,24,35,37,46],"ascension_level":2}}