{"host":"wgmqvkrq9e6a43rs","time":1608657444,"event":{"mods":["BaseMod","Beaked The Cultist","Colored Map","Minty Spire (QoL Compilation)","StSLib","SuperFastMode"],"gold_per_floor":[209,133,146,26,126,126,157,157,202,216,233,261,261,289,289,394,394,411,425,138,98,98,98,124,23,23,23,39,39,39,50,50,155,155,170,186,1185,1185,710,1035,1035,1049,1073,250,250,97,0,11,11,11],"floor_reached":51,"playtime":5942,"items_purged":["Normality","Normality"],"score":824,"play_id":"e153fc50-9c16-46b8-b821-dafb9506b233","local_time":"20201223021724","is_ascension_mode":false,"campfire_choices":[{"data":"beaked:WindBringer","floor":6,"key":"SMITH"},{"data":"beaked:VigorBurst","floor":8,"key":"SMITH"},{"data":"beaked:RuinSticks","floor":13,"key":"SMITH"},{"data":"beaked:Overpower","floor":15,"key":"SMITH"},{"floor":23,"key":"REST"},{"floor":27,"key":"REST"},{"floor":29,"key":"REST"},{"floor":32,"key":"REST"}],"circlet_count":0,"master_deck":["beaked:Strike_Y","beaked:Strike_Y","beaked:Strike_Y","beaked:Strike_Y","beaked:Strike_Y","beaked:Strike_Y","beaked:Defend_Y","beaked:Defend_Y","beaked:Defend_Y","beaked:Defend_Y","beaked:Ceremony","beaked:Ceremony+1","beaked:Brace+1","beaked:VigorBurst+1","beaked:WindBringer+1","beaked:Insight","beaked:RuinSticks+1","beaked:Overpower+1","beaked:Sacrifice","beaked:Daydream+1","Necronomicurse","beaked:Hexing","beaked:Flinch","beaked:CursingBlood","beaked:Cower","Thinking Ahead+1","Good Instincts+1","Injury","Metamorphosis","Parasite","beaked:CursingBlood"],"relics":["beaked:MendingPlumage","Mercury Hourglass","Juzu Bracelet","Odd Mushroom","Happy Flower","Fusion Hammer","Incense Burner","Necronomicon","Blue Candle","Dream Catcher","Darkstone Periapt","Cursed Key","Regal Pillow","Old Coin","War Paint","Ornamental Fan","Unceasing Top","Vajra","Red Mask"],"acts_visited":["Exordium","TheCity","TheBeyond"],"potions_floor_usage":[7,14,16,24,33,33,33,40,40,50,50,50],"damage_taken":[{"damage":12,"enemies":"Small Slimes","floor":1,"turns":5},{"damage":5,"enemies":"Cultist","floor":3,"turns":5},{"damage":5,"enemies":"3 Sentries","floor":7,"turns":6},{"damage":0,"enemies":"2 Louse","floor":10,"turns":2},{"damage":6,"enemies":"Red Slaver","floor":11,"turns":3},{"damage":18,"enemies":"The Mushroom Lair","floor":12,"turns":3},{"damage":17,"enemies":"Gremlin Nob","floor":14,"turns":5},{"damage":6,"enemies":"Slime Boss","floor":16,"turns":5},{"damage":5,"enemies":"Spheric Guardian","floor":18,"turns":3},{"damage":29,"enemies":"Shell Parasite","floor":19,"turns":4},{"damage":16,"enemies":"Gremlin Leader","floor":24,"turns":4},{"damage":1,"enemies":"3 Cultists","floor":28,"turns":4},{"damage":9,"enemies":"Snecko","floor":31,"turns":3},{"damage":54,"enemies":"Automaton","floor":33,"turns":7},{"damage":25,"enemies":"Orb Walker","floor":35,"turns":4},{"damage":21,"enemies":"3 Shapes","floor":36,"turns":5},{"damage":11,"enemies":"Reptomancer","floor":40,"turns":7},{"damage":12,"enemies":"Maw","floor":42,"turns":8},{"damage":22,"enemies":"Writhing Mass","floor":48,"turns":10},{"damage":46,"enemies":"Awakened One","floor":50,"turns":24}],"seed_played":"118831782811950837","potions_obtained":[{"floor":14,"key":"LiquidMemories"},{"floor":16,"key":"Dexterity Potion"},{"floor":19,"key":"AttackPotion"},{"floor":28,"key":"LiquidMemories"},{"floor":35,"key":"AttackPotion"},{"floor":36,"key":"Strength Potion"},{"floor":38,"key":"BlessingOfTheForge"},{"floor":38,"key":"beaked:MendingBrew"},{"floor":40,"key":"Dexterity Potion"},{"floor":42,"key":"Block Potion"}],"is_trial":false,"path_per_floor":["M","$","M","$","?","R","E","R","T","M","M","?","R","E","R","B",null,"M","M","$","?","?","R","E","$","T","R","M","R","?","M","R","B",null,"M","M","?","?","$","E","R","M","T","$","?","$","?","M","R","B",null],"character_chosen":"BEAKED_THE_CULTIST","items_purchased":["EssenceOfSteel","beaked:WindBringer","Weak Potion","Incense Burner","Block Potion","Explosive Potion","Regal Pillow","Thinking Ahead","Good Instincts","Metamorphosis","Ornamental Fan","Unceasing Top","Vajra"],"campfire_rested":4,"item_purchase_floors":[2,4,4,20,25,25,39,39,39,44,44,44,46],"current_hp_per_floor":[48,48,55,55,55,55,55,55,55,55,54,42,42,46,46,55,55,52,43,43,43,27,44,53,53,53,61,61,61,61,60,64,67,67,50,50,62,62,62,85,85,88,94,94,94,94,94,100,100,103],"gold":11,"neow_bonus":"HUNDRED_GOLD","is_daily":false,"chose_seed":false,"campfire_upgraded":4,"win_rate":0.0,"timestamp":1608657444,"path_taken":["M","$","M","$","?","R","E","R","T","M","M","?","R","E","R","BOSS","M","M","$","?","?","R","E","$","T","R","M","R","?","M","R","BOSS","M","M","?","?","?","E","R","M","T","$","?","$","?","M","R","BOSS"],"items_purchased_type":["Potion","Card","Potion","Relic","Potion","Potion","Relic","Card","Card","Card","Relic","Relic","Relic"],"build_version":"2020-12-13","purchased_purges":2,"victory":true,"max_hp_per_floor":[50,50,55,55,55,55,55,55,55,55,55,55,55,55,55,55,55,55,58,58,58,58,58,61,61,61,61,61,61,61,64,64,67,67,70,73,85,85,85,85,85,88,94,94,94,94,94,100,100,103],"card_choices":[{"not_picked":["beaked:Redirect","beaked:MachineSpirit"],"picked":"beaked:Brace","floor":1},{"not_picked":["beaked:Foresight","beaked:Redirect"],"picked":"beaked:VigorBurst","floor":3},{"not_picked":["beaked:Poke","beaked:Foresight"],"picked":"beaked:Insight","floor":7},{"not_picked":["beaked:Cower","beaked:FeelMyPain","beaked:Flinch"],"picked":"SKIP","floor":10},{"not_picked":["beaked:AwakenedForm","beaked:Evade","beaked:SacrificialDive"],"picked":"SKIP","floor":11},{"not_picked":["beaked:TuckingFeathers","beaked:Brace"],"picked":"beaked:RuinSticks","floor":12},{"not_picked":["beaked:Overpower","beaked:Mantra","beaked:Poke"],"picked":"SKIP","floor":14},{"not_picked":["beaked:Mantra","beaked:Poke"],"picked":"beaked:Overpower","floor":14},{"not_picked":["beaked:FakeOut","beaked:LiftOff"],"picked":"beaked:Sacrifice","floor":16},{"not_picked":["beaked:SurvivalInstinct","beaked:BarbedWire","beaked:Tradeoff"],"picked":"SKIP","floor":18},{"not_picked":["beaked:Windmill","beaked:BarbedWire"],"picked":"beaked:Daydream+1","floor":19},{"not_picked":["beaked:BounceBack","beaked:Sacrifice"],"picked":"beaked:Brace","floor":24},{"not_picked":["beaked:Insight","beaked:BounceBack"],"picked":"beaked:Hexing","floor":27},{"not_picked":["beaked:SurvivalInstinct","beaked:TuckingFeathers"],"picked":"beaked:Flinch","floor":28},{"not_picked":["beaked:SacrificialDive","beaked:FeelMyPain","beaked:Tradeoff"],"picked":"SKIP","floor":31},{"not_picked":["beaked:SacrificialDive","beaked:FeelMyPain","beaked:Tradeoff"],"picked":"SKIP","floor":31},{"not_picked":["beaked:Daydream","beaked:Pecker+1"],"picked":"beaked:CursingBlood","floor":32},{"not_picked":["beaked:Redirect","beaked:Replenish","beaked:Pecker"],"picked":"SKIP","floor":35},{"not_picked":["beaked:Insight+1","beaked:Tradeoff"],"picked":"beaked:Cower","floor":36},{"not_picked":["beaked:Pecker+1","beaked:Tradeoff","beaked:WarriorEssence"],"picked":"SKIP","floor":40},{"not_picked":["beaked:MachineSpirit+1","beaked:CheekyTricks","beaked:SurvivalInstinct+1"],"picked":"SKIP","floor":42},{"not_picked":["beaked:DigDeep","beaked:StickSmack"],"picked":"beaked:CursingBlood","floor":48}],"player_experience":1035691,"relics_obtained":[{"floor":7,"key":"Mercury Hourglass"},{"floor":9,"key":"Juzu Bracelet"},{"floor":12,"key":"Odd Mushroom"},{"floor":14,"key":"Happy Flower"},{"floor":22,"key":"Necronomicon"},{"floor":24,"key":"Blue Candle"},{"floor":26,"key":"Dream Catcher"},{"floor":40,"key":"Old Coin"},{"floor":43,"key":"War Paint"}],"event_choices":[{"damage_healed":0,"gold_gain":100,"player_choice":"Pray","damage_taken":0,"max_hp_gain":0,"max_hp_loss":0,"event_name":"Golden Shrine","floor":5,"gold_loss":0},{"damage_healed":0,"gold_gain":0,"player_choice":"Fought Mushrooms","damage_taken":0,"max_hp_gain":0,"max_hp_loss":0,"event_name":"Mushrooms","floor":12,"gold_loss":0},{"damage_healed":0,"gold_gain":0,"player_choice":"Upgraded Two","damage_taken":0,"max_hp_gain":0,"max_hp_loss":0,"event_name":"Designer","floor":21,"gold_loss":40,"cards_upgraded":["beaked:Ceremony","beaked:Brace"]},{"damage_healed":0,"gold_gain":0,"player_choice":"Obtained Book","damage_taken":16,"max_hp_gain":0,"max_hp_loss":0,"event_name":"Cursed Tome","floor":22,"gold_loss":0},{"cards_removed":["beaked:Brace"],"damage_healed":0,"gold_gain":0,"player_choice":"Gave Card","damage_taken":0,"relics_obtained":["Darkstone Periapt"],"max_hp_gain":0,"max_hp_loss":0,"event_name":"WeMeetAgain","floor":30,"gold_loss":0},{"damage_healed":0,"gold_gain":999,"player_choice":"Gold","damage_taken":0,"max_hp_gain":0,"max_hp_loss":0,"event_name":"MindBloom","floor":37,"gold_loss":0,"cards_obtained":["Normality","Normality"]},{"damage_healed":0,"gold_gain":0,"player_choice":"Got Potions","damage_taken":0,"max_hp_gain":0,"max_hp_loss":0,"event_name":"Lab","floor":38,"gold_loss":0},{"cards_removed":["beaked:Ceremony"],"damage_healed":0,"gold_gain":0,"player_choice":"Removed Power","damage_taken":0,"max_hp_gain":0,"max_hp_loss":0,"event_name":"Falling","floor":45,"gold_loss":0},{"damage_healed":0,"gold_gain":0,"player_choice":"Paid","damage_taken":0,"relics_obtained":["Red Mask"],"max_hp_gain":0,"max_hp_loss":0,"event_name":"Tomb of Lord Red Mask","floor":47,"gold_loss":97}],"is_beta":false,"boss_relics":[{"not_picked":["SacredBark","Busted Crown"],"picked":"Fusion Hammer"},{"not_picked":["Velvet Choker","Coffee Dripper"],"picked":"Cursed Key"}],"items_purged_floors":[39,44],"is_endless":false,"potions_floor_spawned":[14,16,19,28,35,36,40,42],"ascension_level":0}}