{"host":"a8svnhkzvql11ago","time":1608609444,"event":{"mods":["Act Like it!","BaseMod","Better Sensory Stone","Colored Powertips","Conspire","Exacting","Highlight Path","Hubris","Magitek Elite","Minty Spire (QoL Compilation)","Replay The Spire","Shop Mod","StSLib","Transform Curses","vexMod"],"gold_per_floor":[113,113,4,23,23,58,58,58,85,113,145,164,164,175,175,270,270,284,284,284],"floor_reached":19,"playtime":1556,"items_purged":["hubris:Envy"],"score":202,"play_id":"7d767a6d-be3f-46ea-b138-0371749d166e","local_time":"20201221225724","is_ascension_mode":false,"campfire_choices":[{"data":"Replay:ManipulateFuture","floor":8,"key":"SMITH"},{"floor":13,"key":"REST"},{"floor":15,"key":"REST"}],"circlet_count":0,"master_deck":["Strike_P+1","Strike_P+1","Strike_P","Strike_P","Defend_P","Defend_P","Defend_P","Defend_P","Eruption","Vigilance","InnerPeace","Swivel","Consecrate+1","Replay:BluntJabs","Replay:ManipulateFuture+1","Pray","Crescendo","Brilliance","MentalFortress","Replay:AllIn","CurseOfTheBell","BowlingBash"],"relics":["PureWater","NeowsBlessing","Gremlin Food","hubris:Icosahedron","MealTicket","hubris:CrystalStatue","Calling Bell","Vajra","Ornamental Fan","vexMod:HeadHunter"],"acts_visited":["Exordium","TheCity"],"potions_floor_usage":[10,16,19,19,19],"damage_taken":[{"damage":0,"enemies":"Small Slimes","floor":1,"turns":1},{"damage":0,"enemies":"Jaw Worm","floor":4,"turns":1},{"damage":0,"enemies":"3 Sentries","floor":6,"turns":1},{"damage":27,"enemies":"Gremlin Nob","floor":10,"turns":4},{"damage":4,"enemies":"conspire:RoseBush","floor":11,"turns":2},{"damage":2,"enemies":"Blue Slaver","floor":12,"turns":2},{"damage":13,"enemies":"Exordium Wildlife","floor":14,"turns":2},{"damage":29,"enemies":"Fading Forest","floor":16,"turns":11},{"damage":58,"enemies":"Shell Parasite","floor":18,"turns":5},{"damage":22,"enemies":"Masked Bandits","floor":19,"turns":2}],"seed_played":"806819679394409113","potions_obtained":[{"floor":1,"key":"Elixir"},{"floor":4,"key":"Reflective Coating"},{"floor":10,"key":"SpeedPotion"},{"floor":12,"key":"ColorlessPotion"},{"floor":18,"key":"PowerPotion"}],"is_trial":false,"path_per_floor":["M","?","$","M","$","E","?","R","T","E","M","M","R","M","R","B",null,"M","?"],"character_chosen":"WATCHER","items_purchased":["Consecrate+1"],"campfire_rested":2,"item_purchase_floors":[3],"current_hp_per_floor":[72,72,72,72,72,72,72,72,72,45,41,39,60,47,68,39,72,14,0,0],"gold":284,"neow_bonus":"THREE_ENEMY_KILL","is_daily":false,"chose_seed":false,"campfire_upgraded":1,"win_rate":0.0,"timestamp":1608609444,"path_taken":["M","?","$","M","?","E","?","R","T","E","?","M","R","M","R","BOSS","M","?"],"items_purchased_type":["Card"],"build_version":"2020-12-13","purchased_purges":1,"victory":false,"max_hp_per_floor":[72,72,72,72,72,72,72,72,72,72,72,72,72,72,72,72,72,72,72,72],"card_choices":[{"not_picked":["SignatureMove","Evaluate"],"picked":"InnerPeace","floor":1},{"not_picked":["Meditate","FearNoEvil"],"picked":"Replay:BluntJabs","floor":4},{"not_picked":["ReachHeaven","Sanctity"],"picked":"Replay:ManipulateFuture","floor":6},{"not_picked":["Consecrate","TalkToTheHand"],"picked":"Pray","floor":10},{"not_picked":["EmptyBody","Fasting2"],"picked":"Crescendo","floor":11},{"not_picked":["DeceiveReality","CarveReality"],"picked":"Brilliance","floor":12},{"not_picked":["Replay:BluntJabs","Replay:ManipulateFuture"],"picked":"MentalFortress","floor":14},{"not_picked":["Blasphemy","ConjureBlade"],"picked":"Replay:AllIn","floor":16},{"not_picked":["Evaluate","FlurryOfBlows+1"],"picked":"BowlingBash","floor":18}],"player_experience":158607,"relics_obtained":[{"floor":6,"key":"Gremlin Food"},{"floor":9,"key":"MealTicket"},{"floor":10,"key":"hubris:CrystalStatue"},{"floor":17,"key":"Vajra"},{"floor":17,"key":"Ornamental Fan"},{"floor":17,"key":"vexMod:HeadHunter"}],"event_choices":[{"damage_healed":0,"gold_gain":0,"player_choice":"2 cards matched","damage_taken":0,"max_hp_gain":0,"max_hp_loss":0,"event_name":"Match and Keep!","floor":2,"gold_loss":0,"cards_obtained":["Swivel","hubris:Envy"]},{"damage_healed":0,"gold_gain":0,"player_choice":"Fought Bandits","damage_taken":0,"max_hp_gain":0,"max_hp_loss":0,"event_name":"Masked Bandits","floor":19,"gold_loss":0}],"is_beta":false,"boss_relics":[{"not_picked":["Painkiller Herb","Replay:Wanted Poster"],"picked":"Calling Bell"}],"items_purged_floors":[3],"is_endless":false,"potions_floor_spawned":[1,4,10,12,18],"killed_by":"Masked Bandits","ascension_level":0}}