{"host":"rmsq46plbpwfbxcc","time":1608638921,"event":{"mods":["AchievementEnabler","BaseMod","Colored Map","DeckTracker","Minty Spire (QoL Compilation)","Permanent Neow","SuperFastMode"],"gold_per_floor":[113,125,140,9,109,109,140,160,183,210,220,220,220,237,237,315,315,332,346,346,346,346,346,379,379,452,452,452,452,481,65,65,138,138,150,164,164,175,190,190,223,269,269,304,304,37,37,56,56,56],"floor_reached":51,"playtime":1941,"items_purged":["Injury","Injury"],"score":1447,"play_id":"65998aa1-ecc8-4ca2-9086-23be424ffef4","local_time":"20201222210841","is_ascension_mode":true,"campfire_choices":[{"data":"Neutralize","floor":6.0,"key":"SMITH"},{"data":"Blade Dance","floor":12.0,"key":"SMITH"},{"floor":15.0,"key":"REST"},{"data":"Blade Dance","floor":23.0,"key":"SMITH"},{"data":"A Thousand Cuts","floor":28.0,"key":"SMITH"},{"floor":32,"key":"REST"},{"data":"After Image","floor":40,"key":"SMITH"},{"data":"Cloak And Dagger","floor":45,"key":"SMITH"},{"floor":47,"key":"REST"},{"data":"Footwork","floor":49,"key":"SMITH"}],"circlet_count":0,"master_deck":["AscendersBane","Survivor","Neutralize+1","Adrenaline","Blade Dance+1","Leg Sweep","Blur","A Thousand Cuts+1","Finisher+1","Terror","Malaise","Unload+1","Backstab","Backflip","Blade Dance+1","Footwork+1","Burst","Well Laid Plans","Phantasmal Killer","Well Laid Plans","Dash+1","Reflex+1","After Image+1","PiercingWail","PiercingWail","Bullet Time","Cloak And Dagger+1","Parasite","Adrenaline"],"relics":["Pandora\u0027s Box","Juzu Bracelet","Lantern","Mummified Hand","Cursed Key","Nloth\u0027s Gift","Bag of Preparation","Dream Catcher","CultistMask","InkBottle","Orichalcum","Ice Cream","WristBlade","Whetstone","Prayer Wheel","Shuriken","HornCleat","Vajra"],"acts_visited":["Exordium","TheCity","TheBeyond"],"potions_floor_usage":[44,50,50],"damage_taken":[{"damage":0.0,"enemies":"Jaw Worm","floor":1.0,"turns":3.0},{"damage":0.0,"enemies":"Cultist","floor":2.0,"turns":3.0},{"damage":7.0,"enemies":"Small Slimes","floor":3.0,"turns":3.0},{"damage":24.0,"enemies":"3 Sentries","floor":7.0,"turns":6.0},{"damage":2.0,"enemies":"Looter","floor":8.0,"turns":2.0},{"damage":0.0,"enemies":"Lagavulin","floor":10.0,"turns":5.0},{"damage":8.0,"enemies":"Exordium Thugs","floor":11.0,"turns":2.0},{"damage":0.0,"enemies":"Gremlin Gang","floor":14.0,"turns":2.0},{"damage":16.0,"enemies":"The Guardian","floor":16.0,"turns":10.0},{"damage":0.0,"enemies":"2 Thieves","floor":18.0,"turns":4.0},{"damage":0.0,"enemies":"Spheric Guardian","floor":19.0,"turns":3.0},{"damage":19.0,"enemies":"Book of Stabbing","floor":24.0,"turns":5.0},{"damage":6.0,"enemies":"Slavers","floor":30.0,"turns":4.0},{"damage":28,"enemies":"Champ","floor":33,"turns":6},{"damage":1,"enemies":"3 Shapes","floor":35,"turns":1},{"damage":2,"enemies":"3 Darklings","floor":36,"turns":3},{"damage":2,"enemies":"Spire Growth","floor":38,"turns":3},{"damage":0,"enemies":"Sphere and 2 Shapes","floor":39,"turns":3},{"damage":3,"enemies":"Nemesis","floor":41,"turns":3},{"damage":2,"enemies":"2 Orb Walkers","floor":42,"turns":4},{"damage":9,"enemies":"Reptomancer","floor":44,"turns":6},{"damage":0,"enemies":"Writhing Mass","floor":48,"turns":2},{"damage":0,"enemies":"Time Eater","floor":50,"turns":8}],"seed_played":"-9020478219581902823","potions_obtained":[{"floor":1.0,"key":"Energy Potion"},{"floor":7.0,"key":"ColorlessPotion"},{"floor":10.0,"key":"Energy Potion"},{"floor":14.0,"key":"SmokeBomb"},{"floor":16.0,"key":"SkillPotion"},{"floor":24.0,"key":"BlessingOfTheForge"},{"floor":33,"key":"Energy Potion"},{"floor":35,"key":"Poison Potion"},{"floor":42,"key":"SkillPotion"},{"floor":48,"key":"CultistPotion"}],"is_trial":false,"path_per_floor":["M","M","M","$","?","R","E","M","T","E","M","R","T","M","R","B",null,"M","M","?","?","T","R","E","?","T","?","R","?","E","$","R","B",null,"M","M","?","M","M","R","E","?","T","E","R","$","R","M","R","B",null],"character_chosen":"THE_SILENT","items_purchased":["Backstab","Backflip","Ice Cream","Vajra"],"campfire_rested":3,"item_purchase_floors":[4,4,31,46],"current_hp_per_floor":[59,59,52,52,52,52,28,26,26,26,18,18,18,18,37,21,55,55,55,55,51,51,51,32,32,32,32,32,14,8,8,29,1,54,53,51,51,49,49,49,46,44,44,35,35,35,56,56,56,56],"gold":56,"neow_bonus":"BOSS_RELIC","is_daily":false,"chose_seed":false,"campfire_upgraded":7,"win_rate":0.0,"timestamp":1608638921,"path_taken":["M","M","M","$","?","R","E","?","T","E","M","R","?","M","R","BOSS","M","M","?","?","?","R","E","?","T","?","R","?","E","?","R","BOSS","M","M","?","M","M","R","E","?","T","E","R","$","R","M","R","BOSS"],"items_purchased_type":["Card","Card","Relic","Relic"],"build_version":"2020-12-13","purchased_purges":2,"victory":true,"max_hp_per_floor":[66,66,66,66,66,66,66,66,66,66,66,66,66,66,66,66,66,66,66,66,66,66,66,66,66,66,66,66,71,71,71,71,71,71,71,71,71,71,71,71,71,71,71,71,71,71,71,71,71,71],"card_choices":[{"not_picked":["Prepared","Slice","Flying Knee"],"picked":"SKIP","floor":1.0},{"not_picked":["Finisher","Deadly Poison","Expertise"],"picked":"SKIP","floor":2.0},{"not_picked":["Outmaneuver","Deadly Poison","Underhanded Strike"],"picked":"SKIP","floor":3.0},{"not_picked":["Bane","Crippling Poison"],"picked":"Blade Dance","floor":7.0},{"not_picked":["Sucker Punch","Crippling Poison","Poisoned Stab"],"picked":"SKIP","floor":8.0},{"not_picked":["Acrobatics","Reflex","Dagger Throw"],"picked":"SKIP","floor":10.0},{"not_picked":["Sucker Punch","Slice"],"picked":"Footwork","floor":11.0},{"not_picked":["Blade Dance","Distraction","Sucker Punch"],"picked":"SKIP","floor":14.0},{"not_picked":["Corpse Explosion","Phantasmal Killer"],"picked":"Burst","floor":16.0},{"not_picked":["Dodge and Roll","Skewer","Underhanded Strike"],"picked":"SKIP","floor":18.0},{"not_picked":["All Out Attack","Bouncing Flask"],"picked":"Well Laid Plans","floor":19.0},{"not_picked":["Reflex","Grand Finale"],"picked":"Phantasmal Killer","floor":24.0},{"not_picked":["Caltrops","Distraction"],"picked":"Dash+1","floor":30.0},{"not_picked":["Skewer","Eviscerate"],"picked":"Reflex+1","floor":32},{"not_picked":["Adrenaline","Corpse Explosion"],"picked":"After Image","floor":33},{"not_picked":["Flechettes","Slice"],"picked":"PiercingWail","floor":35},{"not_picked":["Dagger Spray+1","Bane"],"picked":"PiercingWail","floor":36},{"not_picked":["Deflect+1","Underhanded Strike+1"],"picked":"Bullet Time","floor":38},{"not_picked":["Leg Sweep","PiercingWail+1"],"picked":"Cloak And Dagger","floor":39},{"not_picked":["Well Laid Plans","Eviscerate+1","Burst"],"picked":"SKIP","floor":41},{"not_picked":["All Out Attack","Calculated Gamble"],"picked":"Adrenaline","floor":44},{"not_picked":["Tactician","Underhanded Strike","Flying Knee"],"picked":"SKIP","floor":48},{"not_picked":["Venomology","Poisoned Stab","Deadly Poison"],"picked":"SKIP","floor":48}],"player_experience":1356733,"relics_obtained":[{"floor":7.0,"key":"Oddly Smooth Stone"},{"floor":9.0,"key":"Juzu Bracelet"},{"floor":10.0,"key":"Lantern"},{"floor":13.0,"key":"Mummified Hand"},{"floor":22.0,"key":"Bag of Preparation"},{"floor":24.0,"key":"Dream Catcher"},{"floor":26.0,"key":"InkBottle"},{"floor":30.0,"key":"Orichalcum"},{"floor":41,"key":"Whetstone"},{"floor":42,"key":"Prayer Wheel"},{"floor":43,"key":"Shuriken"},{"floor":44,"key":"HornCleat"}],"event_choices":[{"damage_healed":0.0,"max_hp_gain":0.0,"max_hp_loss":0.0,"gold_gain":100.0,"event_name":"Wheel of Change","player_choice":"Gold","floor":5.0,"gold_loss":0.0,"damage_taken":0.0},{"damage_healed":0.0,"max_hp_gain":0.0,"max_hp_loss":0.0,"gold_gain":0.0,"event_name":"N\u0027loth","player_choice":"Traded Relic","floor":20.0,"relics_lost":["Oddly Smooth Stone"],"gold_loss":0.0,"damage_taken":0.0,"relics_obtained":["Nloth\u0027s Gift"]},{"damage_healed":0.0,"max_hp_gain":0.0,"max_hp_loss":0.0,"gold_gain":0.0,"event_name":"The Woman in Blue","player_choice":"Bought 0 Potions","floor":21.0,"gold_loss":0.0,"damage_taken":0.0},{"damage_healed":0.0,"max_hp_gain":0.0,"max_hp_loss":0.0,"gold_gain":0.0,"event_name":"FaceTrader","player_choice":"Trade","floor":25.0,"gold_loss":0.0,"damage_taken":0.0,"relics_obtained":["CultistMask"]},{"damage_healed":0.0,"max_hp_gain":0.0,"max_hp_loss":0.0,"gold_gain":0.0,"cards_transformed":["Normality","Wraith Form v2"],"event_name":"Drug Dealer","player_choice":"Became Test Subject","floor":27.0,"gold_loss":0.0,"damage_taken":0.0,"cards_obtained":["Injury","Well Laid Plans"]},{"damage_healed":0.0,"max_hp_gain":5.0,"max_hp_loss":0.0,"gold_gain":0.0,"event_name":"Forgotten Altar","player_choice":"Shed Blood","floor":29.0,"gold_loss":0.0,"damage_taken":23.0},{"damage_healed":0,"gold_gain":0,"player_choice":"Ignored","damage_taken":0,"max_hp_gain":0,"max_hp_loss":0,"event_name":"Tomb of Lord Red Mask","floor":37,"gold_loss":0},{"damage_healed":0,"gold_gain":0,"player_choice":"Fight","damage_taken":0,"max_hp_gain":0,"max_hp_loss":0,"event_name":"Mysterious Sphere","floor":42,"gold_loss":0}],"is_beta":false,"boss_relics":[{"not_picked":["Sozu","Black Star"],"picked":"Cursed Key"},{"not_picked":["Runic Pyramid","Velvet Choker"],"picked":"WristBlade"}],"items_purged_floors":[31,46],"is_endless":false,"potions_floor_spawned":[1,7,10,14,16,24,33,35,42,48],"ascension_level":16}}