{"host":"a1kj1kkwgoo3jtle","time":1608641892,"event":{"mods":["2.2 Compatiblity","AchievementEnabler","AlwaysNeverKeys","BaseMod","Better Synergies","Better Third Choice","Colored Powertips","Communication Mod","Custom Start","Downfall","Faster Ascension Climbing","Filter the Spire","Friendly Minions","GifTheSpireLib","Gremlin Skip","Highlight Path","HololiveMod","Infinite Spire","Luminous","Minty Spire (QoL Compilation)","Quick Restart","Reimu??????","Relic Stats","Remilia??????","Replay The Spire","Reworked Bosses","Shade Mod","StSLib","The Alterego","The Druid","The Exalted","The Runesmith","The Servant 0.9.4","TheSwordswoman","Wandering Minibosses","WarShipGirlsR/????R mod","Yuri Mod"],"gold_per_floor":[119,119,138,138,20,54,54,84,84,98,38,56,56,75,75,170,170,180,199,215,215,215,215,246,246,246,246,264,277,277,304,304,409,409,427,440,440,440],"floor_reached":37,"playtime":4123,"items_purged":[],"score":854,"play_id":"d7d0efb8-aab6-47c7-b887-094ec8ddcb34","local_time":"20201222145812","daily_mods":["Draft","Vintage","Heirloom","Uncertain Future"],"is_ascension_mode":true,"campfire_choices":[{"data":"theDruid:IronClaw","floor":7,"key":"SMITH"},{"data":"theDruid:FaerieFire","floor":13,"key":"SMITH"},{"floor":15,"key":"REST"},{"floor":23,"key":"REST"},{"data":"theDruid:BristlingDefense","floor":25,"key":"SMITH"},{"data":"theDruid:Resourcefulness","floor":32,"key":"SMITH"}],"circlet_count":0,"master_deck":["AscendersBane","theDruid:Guidance","theDruid:ThornStrike","theDruid:IronClaw","theDruid:Resupply","theDruid:TwilightsCall","theDruid:Slingshot","theDruid:IronClaw","theDruid:Resupply","theDruid:ForestsSoul","theDruid:FaerieFire+1","theDruid:Resourcefulness+1","theDruid:Fortitude+1","theDruid:ForestGuard","theDruid:Resupply","theDruid:ExposingSlash","theDruid:FeralPlants","theDruid:ThornStrike","theDruid:IronClaw+1","theDruid:ForestGuard","theDruid:ForestGuard","theDruid:ForestGuard","theDruid:Rabid","infinitespire:Punishment","theDruid:BristlingDefense+1","Pot Of Greed","Pot Of Greed","Pot Of Greed","theDruid:Pathfinder","theDruid:ApexPredator"],"relics":["theDruid:CrownOfTheWilds","Calipers","Blue Candle","Bromod:ArcaneTempo","ReplayTheSpireMod:TigerMarble","Onion Ring","infinitespire:Golems Mask","Replay:Wax Seal","Bromod:ArcaneNullifier","PreservedInsect","Ring of Chaos","Matryoshka","Bromod:ArcaneTrickery","GreatHeart","Bromod:ArcaneAegis","Grinning Jar","Replay:Bottled Snecko","Bromod:ArcaneMomentum","Replay:Bottled Flurry","SacredBark","ScarletDevilRocket","BranchBurnRelic","Bromod:ArcaneBarrier","Gremlin Horn","Garlic"],"acts_visited":["Exordium","TheCity","TheBeyond"],"potions_floor_usage":[6,19,20,35,36,37],"damage_taken":[{"damage":0,"enemies":"Cultist","floor":1,"turns":3},{"damage":1,"enemies":"Small Slimes","floor":3,"turns":4},{"damage":14,"enemies":"Gremlin Nob","floor":6,"turns":4},{"damage":0,"enemies":"3 Sentries","floor":8,"turns":5},{"damage":4,"enemies":"Jaw Worm","floor":10,"turns":4},{"damage":1,"enemies":"2 Fungi Beasts","floor":12,"turns":4},{"damage":5,"enemies":"3 Louse","floor":14,"turns":4},{"damage":0,"enemies":"Fading Forest","floor":16,"turns":11},{"damage":12,"enemies":"Shell Parasite","floor":18,"turns":6},{"damage":30,"enemies":"2 Thieves","floor":19,"turns":4},{"damage":0,"enemies":"Sentry and Sphere","floor":20,"turns":4},{"damage":5,"enemies":"Nightmare","floor":24,"turns":6},{"damage":0,"enemies":"Cultist and Chosen","floor":28,"turns":3},{"damage":0,"enemies":"Snecko","floor":29,"turns":3},{"damage":0,"enemies":"Gremlin Leader","floor":31,"turns":2},{"damage":13,"enemies":"bossMod:newChamp","floor":33,"turns":12},{"damage":1,"enemies":"Orb Walker","floor":35,"turns":2},{"damage":3,"enemies":"3 Darklings","floor":36,"turns":4},{"damage":0,"enemies":"Maw","floor":37,"turns":4}],"seed_played":"6882616676396866227","potions_obtained":[{"floor":1,"key":"EssenceOfSteel"},{"floor":6,"key":"FearPotion"},{"floor":14,"key":"FearPotion"},{"floor":16,"key":"GrandPatriotsElixir:ReiMu"},{"floor":28,"key":"Energy Potion"},{"floor":29,"key":"Fire Potion"},{"floor":35,"key":"SteroidPotion"},{"floor":36,"key":"Block Potion"}],"is_trial":true,"path_per_floor":["M","?","M","?","$","E","R","E","T","M","$","M","R","M","R","B",null,"M","M","M","?","?","R","NM","R","T","?","M","M","AVR","E","R","B",null,"M","M","M"],"character_chosen":"DRUID","items_purchased":["theDruid:FeralPlants","theDruid:ThornStrike","theDruid:ForestGuard"],"campfire_rested":2,"item_purchase_floors":[5,5,11],"current_hp_per_floor":[68,73,72,72,72,58,58,58,58,54,54,53,53,48,72,80,80,68,38,38,38,38,62,57,57,57,57,57,57,57,57,57,59,75,74,71,71,71],"gold":440,"neow_bonus":"","is_daily":false,"chose_seed":false,"campfire_upgraded":4,"win_rate":0.0,"timestamp":1608641892,"path_taken":["M","?","M","?","$","E","R","E","T","M","?","M","R","M","R","BOSS","M","M","M","?","?","R","NM","R","T","?","M","M","AVR","E","R","BOSS","M","M","M"],"items_purchased_type":["Card","Card","Card"],"build_version":"2020-12-13","purchased_purges":0,"victory":false,"max_hp_per_floor":[75,80,80,80,80,80,80,80,80,80,80,80,80,80,80,80,80,80,80,80,80,80,80,80,80,80,80,80,80,80,80,80,80,80,80,80,80,80],"relic_stats":{"Gremlin Horn":[2,2],"counters":[19,89],"Blue Candle":[15],"PreservedInsect":111,"obtain_stats":[{"Calipers":0,"ScarletDevilRocket":31,"Bromod:ArcaneNullifier":12,"Gremlin Horn":35,"SacredBark":30,"Bromod:ArcaneAegis":24,"theDruid:CrownOfTheWilds":0,"BranchBurnRelic":32,"Matryoshka":18,"Bromod:ArcaneTrickery":19,"Bromod:ArcaneTempo":3,"infinitespire:Golems Mask":9,"GreatHeart":22,"Replay:Bottled Flurry":29,"Replay:Bottled Snecko":26,"Replay:Wax Seal":10,"Blue Candle":1,"Dead Branch":30,"PreservedInsect":14,"Ring of Chaos":17,"Bromod:ArcaneMomentum":28,"Onion Ring":8,"Bromod:ArcaneBarrier":34,"ReplayTheSpireMod:TigerMarble":6,"Garlic":36,"Grinning Jar":26},{"Calipers":0,"ScarletDevilRocket":15,"Bromod:ArcaneNullifier":6,"Gremlin Horn":17,"SacredBark":14,"Bromod:ArcaneAegis":12,"theDruid:CrownOfTheWilds":0,"BranchBurnRelic":15,"Matryoshka":9,"Bromod:ArcaneTrickery":10,"Bromod:ArcaneTempo":2,"infinitespire:Golems Mask":4,"GreatHeart":11,"Replay:Bottled Flurry":14,"Replay:Bottled Snecko":12,"Replay:Wax Seal":5,"Blue Candle":1,"Dead Branch":14,"PreservedInsect":7,"Ring of Chaos":8,"Bromod:ArcaneMomentum":13,"Onion Ring":4,"Bromod:ArcaneBarrier":16,"ReplayTheSpireMod:TigerMarble":3,"Garlic":18,"Grinning Jar":12},{"Calipers":0,"ScarletDevilRocket":67,"Bromod:ArcaneNullifier":24,"Gremlin Horn":81,"SacredBark":65,"Bromod:ArcaneAegis":59,"theDruid:CrownOfTheWilds":0,"BranchBurnRelic":67,"Matryoshka":45,"Bromod:ArcaneTrickery":49,"Bromod:ArcaneTempo":7,"infinitespire:Golems Mask":16,"GreatHeart":53,"Replay:Bottled Flurry":65,"Replay:Bottled Snecko":59,"Replay:Wax Seal":20,"Blue Candle":3,"Dead Branch":65,"PreservedInsect":28,"Ring of Chaos":39,"Bromod:ArcaneMomentum":62,"Onion Ring":16,"Bromod:ArcaneBarrier":79,"ReplayTheSpireMod:TigerMarble":11,"Garlic":85,"Grinning Jar":59}]},"card_choices":[{"not_picked":["theDruid:Entangle","theDruid:ThickHide"],"picked":"theDruid:Guidance","floor":0},{"not_picked":["theDruid:BagofTricks","theDruid:LunarScythe"],"picked":"theDruid:ThornStrike","floor":0},{"not_picked":["theDruid:TakeShelter","theDruid:Pathfinder"],"picked":"theDruid:IronClaw","floor":0},{"not_picked":["theDruid:FelineGrace","theDruid:BlessedStrike"],"picked":"theDruid:Resupply","floor":0},{"not_picked":["theDruid:ThornStrike","theDruid:Slingshot"],"picked":"theDruid:TwilightsCall","floor":0},{"not_picked":["theDruid:PlagueClaw","theDruid:Eclipse"],"picked":"theDruid:Slingshot","floor":0},{"not_picked":["theDruid:ViralBites","theDruid:Entangle"],"picked":"theDruid:IronClaw","floor":0},{"not_picked":["theDruid:LunarScythe","theDruid:Entangle"],"picked":"theDruid:Resupply","floor":0},{"not_picked":["theDruid:Slingshot","theDruid:Recoil"],"picked":"theDruid:ForestsSoul","floor":0},{"not_picked":["theDruid:RockSlide","theDruid:BlessedStrike"],"picked":"theDruid:FaerieFire","floor":0},{"not_picked":["theDruid:LunarScythe","theDruid:Swipe"],"picked":"theDruid:Resourcefulness","floor":0},{"not_picked":["theDruid:AstralShield","theDruid:PlagueClaw"],"picked":"theDruid:Fortitude","floor":0},{"not_picked":["theDruid:Starburst","theDruid:TakeShelter"],"picked":"theDruid:ForestGuard","floor":0},{"not_picked":["theDruid:ForestsSoul","theDruid:Eclipse"],"picked":"theDruid:Resupply","floor":0},{"not_picked":["theDruid:TwilightsCall","theDruid:ForestsSoul"],"picked":"theDruid:ExposingSlash","floor":0},{"not_picked":["theDruid:FaerieFire","theDruid:Untamed"],"picked":"theDruid:IronClaw","floor":6},{"not_picked":["theDruid:Eclipse","theDruid:Swipe"],"picked":"theDruid:ForestGuard","floor":8},{"not_picked":["theDruid:TearOpen","theDruid:CelestialSurge"],"picked":"theDruid:Rabid","floor":16},{"not_picked":["ReplayTheSpireMod:Book of Names","infinitespire:Menacing"],"picked":"infinitespire:Punishment","floor":24},{"not_picked":["theDruid:ExposingSlash","theDruid:ThickHide+1"],"picked":"theDruid:BristlingDefense","floor":24},{"not_picked":["theDruid:Untamed","theDruid:ForestGuard"],"picked":"theDruid:Pathfinder","floor":31},{"not_picked":["theDruid:WildFrenzy","theDruid:HerbalismKit"],"picked":"theDruid:ApexPredator","floor":33}],"player_experience":63364,"relics_obtained":[{"floor":1,"key":"Blue Candle"},{"floor":3,"key":"Bromod:ArcaneTempo"},{"floor":6,"key":"ReplayTheSpireMod:TigerMarble"},{"floor":8,"key":"Onion Ring"},{"floor":9,"key":"infinitespire:Golems Mask"},{"floor":10,"key":"Replay:Wax Seal"},{"floor":12,"key":"Bromod:ArcaneNullifier"},{"floor":14,"key":"PreservedInsect"},{"floor":18,"key":"Matryoshka"},{"floor":19,"key":"Bromod:ArcaneTrickery"},{"floor":24,"key":"Bromod:ArcaneAegis"},{"floor":26,"key":"Grinning Jar"},{"floor":26,"key":"Replay:Bottled Snecko"},{"floor":28,"key":"Bromod:ArcaneMomentum"},{"floor":29,"key":"Replay:Bottled Flurry"},{"floor":31,"key":"ScarletDevilRocket"},{"floor":35,"key":"Gremlin Horn"},{"floor":36,"key":"Garlic"}],"event_choices":[{"damage_healed":0,"gold_gain":0,"player_choice":"Donut","damage_taken":0,"max_hp_gain":5,"max_hp_loss":0,"event_name":"Big Fish","floor":2,"gold_loss":0},{"damage_healed":0,"gold_gain":0,"player_choice":"Ignored","damage_taken":0,"max_hp_gain":0,"max_hp_loss":0,"event_name":"Cursed Tome","floor":21,"gold_loss":0},{"cards_removed":["Pride"],"damage_healed":0,"gold_gain":0,"player_choice":"Elegance","damage_taken":0,"max_hp_gain":0,"max_hp_loss":0,"event_name":"betterThird:BetterWriting","floor":27,"gold_loss":0}],"is_beta":false,"boss_relics":[{"not_picked":["Hololive_ChaosS","Replay:Grab Bag"],"picked":"Ring of Chaos"},{"not_picked":["RedLine:ReiMu","expansioncontent:StudyCardRelic"],"picked":"Bromod:ArcaneBarrier"}],"items_purged_floors":[],"is_endless":true,"potions_floor_spawned":[1,6,14,16,18,28,29,35,36],"killed_by":"Maw","ascension_level":10}}