{"host":"nsu382cuivk29rjh","time":1608621011,"event":{"mods":["BaseMod","Downfall","Minty Spire (QoL Compilation)","StSLib"],"gold_per_floor":[99,119,129,17,37,47,122,122,155,5,5,0,0,25,38,38,38,38],"floor_reached":16,"playtime":832,"items_purged":["Guardian:Strike_Guardian"],"score":121,"play_id":"cd1f5d7d-b71e-4994-8726-c8f0831a682b","local_time":"20201222151011","is_ascension_mode":true,"campfire_choices":[{"floor":1,"key":"RECALL"},{"data":"Guardian:Suspension","floor":10,"key":"SMITH"}],"circlet_count":0,"master_deck":["Guardian:Strike_Guardian","Guardian:Strike_Guardian","Guardian:Defend_Guardian","Guardian:Defend_Guardian","Guardian:Defend_Guardian","Guardian:Defend_Guardian","Guardian:CurlUp","Guardian:TwinSlam","Guardian:FloatingOrbs","Guardian:VentSteam","Guardian:MultiBeam","Guardian:Suspension+1","Guardian:Harden","Guardian:TimeCapacitor","Guardian:Gem_Red","Guardian:GuardianWhirl","Guardian:FastForward","Guardian:Gem_Yellow"],"relics":["Runic Dome","Eternal Feather","Toy Ornithopter","downfall:HeartBlessingGreen","downfall:HeartBlessingRed","Oddly Smooth Stone"],"acts_visited":[],"potions_floor_usage":[9,14],"damage_taken":[{"damage":1,"enemies":"Jaw Worm","floor":2,"turns":3},{"damage":0,"enemies":"Small Slimes","floor":3,"turns":3},{"damage":0,"enemies":"downfall:FleeingMerchant","floor":4,"turns":4},{"damage":1,"enemies":"Cultist","floor":5,"turns":3},{"damage":29,"enemies":"Exordium Thugs","floor":6,"turns":5},{"damage":6,"enemies":"Lagavulin","floor":9,"turns":8},{"damage":15,"enemies":"downfall:FleeingMerchant","floor":12,"turns":4},{"damage":8,"enemies":"downfall:FleeingMerchant","floor":13,"turns":4},{"damage":1,"enemies":"3 Sentries","floor":14,"turns":3},{"damage":0,"enemies":"2 Fungi Beasts","floor":15,"turns":3},{"damage":60,"enemies":"downfall:Defect","floor":16,"turns":6}],"seed_played":"8499062715444287656","potions_obtained":[{"floor":3,"key":"Swift Potion"},{"floor":5,"key":"Fire Potion"},{"floor":6,"key":"Block Potion"},{"floor":15,"key":"EssenceOfSteel"}],"is_trial":false,"path_per_floor":["R","M","M","$","M","M","T","?","E","R","?","$","$","E","M","B"],"character_chosen":"GUARDIAN","items_purchased":["Guardian:Suspension"],"campfire_rested":0,"item_purchase_floors":[4],"current_hp_per_floor":[80,79,79,79,78,49,49,75,69,78,78,63,55,59,59,0,0,0],"gold":38,"neow_bonus":"BOSS_RELIC","is_daily":false,"chose_seed":false,"campfire_upgraded":1,"win_rate":0.0,"timestamp":1608621011,"path_taken":["R","M","M","$","M","M","T","?","E","R","?","?","$","E","M","BOSS"],"items_purchased_type":["Card"],"build_version":"2020-12-13","purchased_purges":1,"victory":false,"max_hp_per_floor":[80,80,80,80,80,80,80,80,80,80,80,80,80,80,80,80,80,80],"card_choices":[{"not_picked":["Guardian:CrystalBeam","Guardian:WalkerClaw"],"picked":"Guardian:FloatingOrbs","floor":2},{"not_picked":["Guardian:Planning","Guardian:PrimingBeam"],"picked":"Guardian:VentSteam","floor":3},{"not_picked":["Guardian:WalkerClaw","Guardian:RevengeProtocol"],"picked":"Guardian:MultiBeam","floor":4},{"not_picked":["Guardian:Suspension","Guardian:Gem_Lightblue"],"picked":"Guardian:Gem_Green","floor":5},{"not_picked":["Guardian:Reroute","Guardian:Planning"],"picked":"Guardian:Harden","floor":6},{"not_picked":["Guardian:TemporalStrike","Guardian:Gem_Green"],"picked":"Guardian:TimeCapacitor","floor":9},{"not_picked":["Guardian:TemporalShield","Guardian:ShieldCharger"],"picked":"Guardian:Gem_Red","floor":12},{"not_picked":["Guardian:TemporalShield","Guardian:WalkerClaw"],"picked":"Guardian:GuardianWhirl","floor":13},{"not_picked":["Guardian:RollAttack","Guardian:TemporalShield"],"picked":"Guardian:FastForward","floor":14},{"not_picked":["Guardian:Harden","Guardian:CrystalBeam"],"picked":"Guardian:Gem_Yellow","floor":15}],"player_experience":1115735,"relics_obtained":[{"floor":7,"key":"Eternal Feather"},{"floor":9,"key":"Toy Ornithopter"},{"floor":14,"key":"Oddly Smooth Stone"}],"event_choices":[{"damage_healed":26,"gold_gain":0,"player_choice":"Banana","damage_taken":0,"max_hp_gain":0,"max_hp_loss":0,"event_name":"Big Fish","floor":8,"gold_loss":0}],"is_beta":false,"boss_relics":[],"items_purged_floors":[4],"is_endless":false,"potions_floor_spawned":[3,5,6,15],"killed_by":"downfall:Defect","ascension_level":2}}