{"host":"m3qxensetu6036ua","time":1608639772,"event":{"mods":["2.2 Compatiblity","AchievementEnabler","BaseMod","Better Altar","Better Match","Better Sensory Stone","Better Skull","Better Third Choice","Better Vampires","Block Reminder","Colored Powertips","Displayed Cursed Tome","GungeonMod","Hubris","Jedi Mod","Minty Spire (QoL Compilation)","MostiFishMod","Rare Cards Sparkle","Remove Card Discount Mod","Replay The Spire","Spicy Shops","StSLib","The Bug Knight"],"gold_per_floor":[113,113,113,132,132,165,165,340,413,425,67,92,111,222,222,317,317,335,335,129,146,146,146,175,175,226,257,268,268,296,311,311,414,414,431,480,480],"floor_reached":36,"playtime":2745,"items_purged":["Doubt","DemoMod:SniperShot"],"score":425,"play_id":"e9895321-946c-40d1-94f7-76843674eb11","local_time":"20201222132252","is_ascension_mode":false,"campfire_choices":[{"data":"DemoMod:ManualReload","floor":7,"key":"SMITH"},{"data":"DemoMod:GunslingerForm","floor":15,"key":"SMITH"},{"data":"DemoMod:MegaHand","floor":23,"key":"SMITH"},{"floor":25,"key":"REST"},{"data":"DemoMod:Roll","floor":29,"key":"SMITH"},{"floor":32,"key":"RECALL"}],"circlet_count":0,"master_deck":["DemoMod:Strike_Huntress","DemoMod:Strike_Huntress","DemoMod:Strike_Huntress","DemoMod:Defend_Huntress","DemoMod:Defend_Huntress","DemoMod:Defend_Huntress","DemoMod:Defend_Huntress","DemoMod:Roll+1","DemoMod:ManualReload+1","DemoMod:RustySidearm","DemoMod:CrossBow","DemoMod:GunslingerForm+1","DemoMod:DarkMarker","DemoMod:MegaHand+1","DemoMod:Gungine","DemoMod:MachoBrace","DemoMod:CombinedRifle+1","DemoMod:StickyCrossBow","DemoMod:PotionOfGunFriendShip+1","DemoMod:Elimentaler"],"relics":["DemoMod:Dog","DaveBox","NeowsBlessing","Question Card","hubris:Icosahedron","Replay:Baseball","Odd Mushroom","SynthV","ImportantClient","BloodWine","Replay:WaspNest","DemoMod:RedGuonStone","Strawberry","Red Mask","Anchor","MetatronsCube","jedi:matchstick"],"acts_visited":["Exordium","TheCity","TheBeyond"],"potions_floor_usage":[16,27,30,33,33,33],"damage_taken":[{"damage":0,"enemies":"Cultist","floor":1,"turns":1},{"damage":0,"enemies":"2 Louse","floor":4,"turns":1},{"damage":0,"enemies":"3 Sentries","floor":6,"turns":1},{"damage":3,"enemies":"Small Slimes","floor":10,"turns":5},{"damage":0,"enemies":"The Mushroom Lair","floor":12,"turns":4},{"damage":0,"enemies":"3 Louse","floor":13,"turns":1},{"damage":0,"enemies":"Exordium Wildlife","floor":14,"turns":4},{"damage":56,"enemies":"Hexaghost","floor":16,"turns":16},{"damage":5,"enemies":"Chosen","floor":18,"turns":4},{"damage":5,"enemies":"2 Thieves","floor":21,"turns":4},{"damage":16,"enemies":"Replay:Snechameleon","floor":24,"turns":4},{"damage":0,"enemies":"Masked Bandits","floor":27,"turns":2},{"damage":0,"enemies":"Cultist and Chosen","floor":28,"turns":5},{"damage":10,"enemies":"Gremlin Leader","floor":30,"turns":3},{"damage":6,"enemies":"Snake Plant","floor":31,"turns":2},{"damage":55,"enemies":"Champ","floor":33,"turns":9},{"damage":3,"enemies":"3 Shapes","floor":35,"turns":2},{"damage":13,"enemies":"2 Orb Walkers","floor":36,"turns":3}],"seed_played":"6059278272634733937","potions_obtained":[{"floor":4,"key":"LifebloodPotion"},{"floor":6,"key":"Swift Potion"},{"floor":13,"key":"DemoMod:LeadSkinPotion"},{"floor":18,"key":"PowerPotion"},{"floor":21,"key":"FearPotion"},{"floor":27,"key":"Weak Potion"},{"floor":31,"key":"Fire Potion"},{"floor":35,"key":"Energy Potion"},{"floor":36,"key":"Elixir"}],"is_trial":false,"path_per_floor":["M","?","?","M","?","E","R","?","T","M","$","?","M","M","R","B",null,"M","?","$","M","?","R","E","R","T","?","M","R","E","M","R","B",null,"M","?"],"character_chosen":"HUNTRESS","items_purchased":["DemoMod:GunslingerForm","DemoMod:DarkMarker","Replay:WaspNest"],"campfire_rested":1,"item_purchase_floors":[11,11,20],"current_hp_per_floor":[70,70,70,70,70,70,70,70,70,67,67,67,67,67,67,11,70,66,66,66,61,61,61,45,66,73,73,73,73,63,57,57,26,77,74,61,61],"gold":480,"neow_bonus":"THREE_ENEMY_KILL","is_daily":false,"chose_seed":false,"campfire_upgraded":4,"win_rate":0.0,"timestamp":1608639772,"path_taken":["M","?","?","M","?","E","R","?","T","?","?","?","M","M","R","BOSS","M","?","$","M","?","R","E","R","T","?","?","R","E","M","R","BOSS","M","?"],"items_purchased_type":["Card","Card","Relic"],"build_version":"2020-12-13","purchased_purges":2,"victory":false,"max_hp_per_floor":[70,70,70,70,70,70,70,70,70,70,70,70,70,70,70,70,70,70,70,70,70,70,70,70,70,77,77,77,77,77,77,77,77,77,77,77,77],"card_choices":[{"not_picked":["DemoMod:TeaPot","DemoMod:FastSwitch","DemoMod:HardPowerCard"],"picked":"SKIP","floor":1},{"not_picked":["DemoMod:Ejector","DemoMod:DoubleSwitch","DemoMod:JK47","DemoMod:AC15"],"picked":"SKIP","floor":4},{"not_picked":["DemoMod:GunstockTap","DemoMod:Unmoved","DemoMod:FeignSurrender","DemoMod:Polaris"],"picked":"SKIP","floor":6},{"not_picked":["DemoMod:SAA","DemoMod:Casey","DemoMod:AC15","DemoMod:FeignSurrender"],"picked":"SKIP","floor":10},{"not_picked":["DemoMod:EasyReloadBullets","DemoMod:SkilledReload","DemoMod:HardPowerCard"],"picked":"DemoMod:MegaHand","floor":13},{"not_picked":["DemoMod:DarkMarker","DemoMod:Purify","DemoMod:FastSwitch","DemoMod:BoxingGlove"],"picked":"SKIP","floor":14},{"not_picked":["DemoMod:FightSabre","DemoMod:Desperate","DemoMod:ThirdPartyController"],"picked":"DemoMod:Gungine","floor":16},{"not_picked":["DemoMod:Polaris","DemoMod:Purify+1","DemoMod:Camera"],"picked":"DemoMod:MachoBrace","floor":18},{"not_picked":["DemoMod:TeaPot","DemoMod:FastSwitch","DemoMod:BattleInHaste","DemoMod:Casey"],"picked":"SKIP","floor":21},{"not_picked":["DemoMod:DirectionalPad","DemoMod:Unity+1","DemoMod:FastSwitch"],"picked":"DemoMod:CombinedRifle+1","floor":24},{"not_picked":["DemoMod:Ejector","DemoMod:MachoBrace+1","DemoMod:Evolver"],"picked":"DemoMod:StickyCrossBow","floor":27},{"not_picked":["DemoMod:BoxingGlove","DemoMod:DoubleSwitch","DemoMod:Ejector"],"picked":"DemoMod:PotionOfGunFriendShip+1","floor":28},{"not_picked":["DemoMod:Ejector+1","DemoMod:MachoBrace","DemoMod:Unmoved","DemoMod:DirectionalPad"],"picked":"SKIP","floor":30},{"not_picked":["DemoMod:HungryBullets","DemoMod:HighKaliber","DemoMod:BoxingGlove+1","DemoMod:Unmoved"],"picked":"SKIP","floor":31},{"not_picked":["DemoMod:BSG","DemoMod:BlankBullets","DemoMod:BalloonGun"],"picked":"DemoMod:Elimentaler","floor":33},{"not_picked":["DemoMod:JK47+1","DemoMod:StrategicReserve+1","DemoMod:SniperShot","DemoMod:BoxingGlove"],"picked":"SKIP","floor":35}],"player_experience":167702,"relics_obtained":[{"floor":1,"key":"Question Card"},{"floor":6,"key":"Replay:Baseball"},{"floor":12,"key":"Odd Mushroom"},{"floor":16,"key":"ImportantClient"},{"floor":24,"key":"DemoMod:RedGuonStone"},{"floor":26,"key":"Strawberry"},{"floor":27,"key":"Red Mask"},{"floor":30,"key":"Anchor"},{"floor":36,"key":"jedi:matchstick"}],"event_choices":[{"damage_healed":0,"gold_gain":0,"player_choice":"Leave","damage_taken":0,"max_hp_gain":0,"max_hp_loss":0,"event_name":"The Cleric","floor":2,"gold_loss":0},{"damage_healed":0,"gold_gain":175,"player_choice":"AGREE","damage_taken":165,"max_hp_gain":0,"max_hp_loss":0,"event_name":"betterThird:BetterSerpent","floor":8,"gold_loss":0},{"damage_healed":0,"gold_gain":0,"player_choice":"Fought Mushrooms","damage_taken":0,"max_hp_gain":0,"max_hp_loss":0,"event_name":"Mushrooms","floor":12,"gold_loss":0},{"damage_healed":0,"gold_gain":0,"player_choice":"Fought Bandits","damage_taken":0,"max_hp_gain":0,"max_hp_loss":0,"event_name":"Masked Bandits","floor":27,"gold_loss":0},{"damage_healed":0,"gold_gain":0,"player_choice":"Fight","damage_taken":0,"max_hp_gain":0,"max_hp_loss":0,"event_name":"Mysterious Sphere","floor":36,"gold_loss":0}],"is_beta":false,"boss_relics":[{"not_picked":["BirthdayGift-Icosahedron","hubris:CrackedHourglass"],"picked":"BloodWine"},{"not_picked":["ChiXiaoBlade","Honey Jar"],"picked":"MetatronsCube"}],"items_purged_floors":[11,20],"is_endless":false,"potions_floor_spawned":[4,6,13,14,18,21,24,27,31,35,36],"killed_by":"2 Orb Walkers","ascension_level":0}}