{"host":"dr74i48rjaqsqifn","time":1608648340,"event":{"mods":["Aspiration","Astrologer","BaseMod","Beaked The Cultist","Challenge The Spire","Colored Powertips","Conspire","Downfall","Energized Spire","Halation","Hubris","Hunter ??","Infinite Spire","Mad Scientist","Marisa????????","Minty Spire (QoL Compilation)","Prisma Mod","Replay The Spire","StSLib","Synergy Search","The Administrix","The Animator","The Bug Knight","The Construct","The Cursed","The Disciple","The Elementalist","The Factory","The Gatherer","The Hierophant","The Jungle","The Mystic","The Necromancer","The Runesmith","vexMod"],"gold_per_floor":[115,128,128,8,58,58,78,90,136,152,152,252,264,275,275,275,275],"floor_reached":16,"playtime":1290,"items_purged":[],"score":94,"play_id":"4f505c17-a9b6-449c-92b9-0a076627ccc6","local_time":"20201222214540","is_ascension_mode":false,"campfire_choices":[{"floor":6,"key":"RECALL"},{"floor":15,"key":"REST"}],"circlet_count":0,"master_deck":["Strike_R","Strike_R","Strike_R","Strike_R","Strike_R","Defend_R","Defend_R","Defend_R","Defend_R","Bash","Warcry","Uppercut","Power Through+1","Metallicize","Anger","conspire:ExplosiveBarrier","Flex","Double Tap","Clash"],"relics":["Burning Blood","halation:EternalFortune","Lantern","infinitespire:Broken Mirror"],"acts_visited":["Exordium"],"potions_floor_usage":[16],"damage_taken":[{"damage":9,"enemies":"2 Louse","floor":1,"turns":3},{"damage":8,"enemies":"Small Slimes","floor":2,"turns":3},{"damage":0,"enemies":"Cultist","floor":7,"turns":4},{"damage":13,"enemies":"Blue Slaver","floor":8,"turns":4},{"damage":14,"enemies":"Lots of Slimes","floor":10,"turns":5},{"damage":15,"enemies":"2 Fungi Beasts","floor":13,"turns":4},{"damage":25,"enemies":"Gremlin Gang","floor":14,"turns":4},{"damage":76,"enemies":"The Guardian","floor":16,"turns":11}],"seed_played":"650759070626132309","potions_obtained":[{"floor":2,"key":"LiquidMemories"},{"floor":7,"key":"sneckomod:MuddlingPotion"},{"floor":13,"key":"Elixir"}],"is_trial":false,"path_per_floor":["M","M","?","$","?","R","M","M","T","M","?","?","M","M","R","B"],"character_chosen":"IRONCLAD","items_purchased":["Power Through+1","Metallicize"],"campfire_rested":1,"item_purchase_floors":[4,4],"current_hp_per_floor":[85,83,86,86,86,86,91,84,84,76,76,76,67,48,75,0,0],"gold":275,"neow_bonus":"TEN_PERCENT_HP_BONUS","is_daily":false,"chose_seed":false,"campfire_upgraded":0,"win_rate":0.0,"timestamp":1608648340,"path_taken":["M","M","?","$","?","R","M","M","T","M","?","?","?","M","R","BOSS"],"items_purchased_type":["Card","Card"],"build_version":"2020-12-13","purchased_purges":0,"victory":false,"max_hp_per_floor":[88,88,91,91,91,91,91,91,91,91,91,91,91,91,91,91,91],"card_choices":[{"not_picked":["Body Slam","True Grit"],"picked":"Warcry","floor":1},{"not_picked":["Body Slam","Hemokinesis"],"picked":"Uppercut","floor":2},{"not_picked":["Body Slam","Clothesline"],"picked":"Anger","floor":7},{"not_picked":["Anger","Shrug It Off"],"picked":"conspire:ExplosiveBarrier","floor":8},{"not_picked":["ReplayTheSpireMod:Strike From Hell","ReplayTheSpireMod:Stacked"],"picked":"Flex","floor":10},{"not_picked":["Dark Embrace","Perfected Strike"],"picked":"Double Tap","floor":13},{"not_picked":["Replay:Undeath\u0027s Touch","Battle Trance"],"picked":"Clash","floor":14}],"player_experience":157903,"relics_obtained":[{"floor":9,"key":"Lantern"},{"floor":11,"key":"infinitespire:Broken Mirror"}],"event_choices":[{"damage_healed":0,"gold_gain":100,"player_choice":"Pray","damage_taken":0,"max_hp_gain":0,"max_hp_loss":0,"event_name":"Golden Shrine","floor":12,"gold_loss":0}],"is_beta":false,"boss_relics":[],"items_purged_floors":[],"is_endless":false,"potions_floor_spawned":[2,7,13],"killed_by":"The Guardian","ascension_level":0}}