{"host":"6to0pdz5g3mubtyg","time":1608672005,"event":{"mods":["Act Like it!","Aspiration","BaseMod","BetterRewards","Colored Map","Energized Spire","Hallownest","Highlight Path","Infinite Spire","Jorbs\u0027s Wanderer Trilogy","Minty Spire (QoL Compilation)","Shade Mod","StSLib","The Animator","The Blue Laboratory","The Bug Knight"],"gold_per_floor":[131,131,131,150,150,177,32,58,58,58,58],"floor_reached":10,"playtime":434,"items_purged":["stsjorbsmod:Defend_Wanderer"],"score":104,"play_id":"666faa51-0ad7-4983-bd1c-631557c666c3","local_time":"20201222142005","is_ascension_mode":true,"campfire_choices":[],"circlet_count":0,"master_deck":["stsjorbsmod:ForbiddenGrimoire+1","stsjorbsmod:Strike_Wanderer","stsjorbsmod:Strike_Wanderer","stsjorbsmod:Strike_Wanderer","stsjorbsmod:Defend_Wanderer","stsjorbsmod:Defend_Wanderer","stsjorbsmod:Defend_Wanderer","stsjorbsmod:FreshAdventure","stsjorbsmod:EyeOfTheStorm","stsjorbsmod:SmithingStrike","infinitespire:Execution","stsjorbsmod:TinyHut","stsjorbsmod:WanderingMind","stsjorbsmod:Prestidigitation"],"relics":["animator:LivingPicture","NeowsBlessing","infinitespire:Cubic Diamond","Bag of Marbles","Shovel","Matryoshka"],"acts_visited":["Exordium"],"potions_floor_usage":[],"damage_taken":[{"damage":0.0,"enemies":"2 Louse","floor":1.0,"turns":1.0},{"damage":0.0,"enemies":"Small Slimes","floor":4.0,"turns":1.0},{"damage":0.0,"enemies":"Lagavulin","floor":6.0,"turns":1.0},{"damage":43.0,"enemies":"3 Sentries","floor":8.0,"turns":9.0},{"damage":0,"enemies":"Gremlin Nob","floor":10,"turns":3}],"seed_played":"-7083655220931383298","potions_obtained":[{"floor":4.0,"key":"SpeedPotion"},{"floor":6.0,"key":"blueLaboratory:HeartbeatPotion"}],"is_trial":false,"path_per_floor":["M","?","?","M","?","E","$","E","T","E"],"character_chosen":"WANDERER","items_purchased":["stsjorbsmod:Patron"],"campfire_rested":0,"item_purchase_floors":[7],"current_hp_per_floor":[68,68,52,52,45,45,45,2,2,2,2],"gold":58,"neow_bonus":"THREE_ENEMY_KILL","is_daily":false,"chose_seed":false,"campfire_upgraded":0,"win_rate":0.0,"timestamp":1608672005,"path_taken":["M","?","?","M","?","E","$","E","T","E"],"items_purchased_type":["Card"],"build_version":"2020-12-13","purchased_purges":1,"victory":false,"max_hp_per_floor":[68,68,68,68,68,68,68,68,68,68,68],"card_choices":[{"not_picked":["stsjorbsmod:ChatteringStrike","stsjorbsmod:Hurt"],"picked":"stsjorbsmod:SmithingStrike","floor":1.0},{"not_picked":["infinitespire:UltimateForm","infinitespire:Fortify"],"picked":"infinitespire:Execution","floor":3.0},{"not_picked":["stsjorbsmod:WeightOfMemory","stsjorbsmod:Channel"],"picked":"stsjorbsmod:TinyHut","floor":4.0},{"not_picked":["stsjorbsmod:Hibernate","stsjorbsmod:Hurt"],"picked":"stsjorbsmod:WanderingMind","floor":6.0},{"not_picked":["stsjorbsmod:Firebolt","stsjorbsmod:Withdraw"],"picked":"stsjorbsmod:Prestidigitation","floor":8.0}],"player_experience":212079,"relics_obtained":[{"floor":6.0,"key":"Bag of Marbles"},{"floor":8.0,"key":"Shovel"},{"floor":9.0,"key":"Matryoshka"}],"event_choices":[{"cards_removed":["stsjorbsmod:Strike_Wanderer"],"damage_healed":0.0,"max_hp_gain":0.0,"max_hp_loss":0.0,"gold_gain":0.0,"event_name":"Golden Wing","player_choice":"Card Removal","floor":5.0,"gold_loss":0.0,"damage_taken":7.0}],"is_beta":false,"boss_relics":[],"items_purged_floors":[7],"is_endless":false,"potions_floor_spawned":[4,6],"killed_by":"Gremlin Nob","ascension_level":1}}