{"host":"6wux4armhsntp4yb","time":1608653155,"event":{"mods":["BaseMod","Colored Map","DeckTracker","Minty Spire (QoL Compilation)","Relic Stats"],"gold_per_floor":[16,26,26,44,59,59,122,147,222,253,253,303,343,379,391,496,508,543,605,636,698,760,772,812,824,836,848,910,957,985,1061,1073,1159,1171,1193,1255,1277,1339,1369,1416,1428,1467,1504,1516,1553,1577,1091,1141,1141,1141,1141],"floor_reached":50,"playtime":3354,"items_purged":["Strike_G"],"score":1501,"play_id":"6e48a677-bf3e-44ea-8d66-17feecc14327","local_time":"20201223010555","is_ascension_mode":true,"campfire_choices":[{"data":"Skewer","floor":6.0,"key":"SMITH"},{"data":"Neutralize","floor":11.0,"key":"SMITH"},{"data":"Tools of the Trade","floor":15.0,"key":"SMITH"},{"data":"RitualDagger","floor":23,"key":"SMITH"},{"data":"Bullet Time","floor":25,"key":"SMITH"},{"data":"Well Laid Plans","floor":32,"key":"SMITH"},{"data":"Terror","floor":41,"key":"SMITH"},{"data":"Infinite Blades","floor":44,"key":"SMITH"},{"floor":49,"key":"RECALL"}],"circlet_count":0,"master_deck":["AscendersBane","Strike_G","Strike_G","Defend_G","Defend_G","Defend_G","Defend_G","Defend_G","Survivor","Terror+1","Unload","Skewer+1","Tools of the Trade+1","Caltrops","Backstab","Infinite Blades+1","Bullet Time+1","RitualDagger+1","PiercingWail+1","Well Laid Plans+1","Corpse Explosion+1","Storm of Steel+1","Master of Strategy+1","Violence+1","Trip+1","Backflip+1","Prepared+1","Leg Sweep+1","Infinite Blades","Reflex+1","Pain"],"relics":["Ring of the Snake","SsserpentHead","PreservedInsect","Eternal Feather","Dead Branch","Bloody Idol","MawBank","Philosopher\u0027s Stone","Ancient Tea Set","Toxic Egg 2","Paper Crane","Singing Bowl","HoveringKite","Bag of Marbles","Torii","Potion Belt","Happy Flower","WarpedTongs"],"acts_visited":["Exordium","TheCity","TheBeyond"],"potions_floor_usage":[37,40,40,45,50,50,50],"damage_taken":[{"damage":4.0,"enemies":"Small Slimes","floor":1.0,"turns":3.0},{"damage":0.0,"enemies":"Cultist","floor":2.0,"turns":3.0},{"damage":0.0,"enemies":"2 Louse","floor":4.0,"turns":2.0},{"damage":3.0,"enemies":"Looter","floor":5.0,"turns":3.0},{"damage":0.0,"enemies":"Exordium Wildlife","floor":7.0,"turns":3.0},{"damage":30.0,"enemies":"3 Sentries","floor":8.0,"turns":8.0},{"damage":0.0,"enemies":"Gremlin Nob","floor":10.0,"turns":2.0},{"damage":0.0,"enemies":"Lagavulin","floor":13.0,"turns":4.0},{"damage":3.0,"enemies":"Blue Slaver","floor":14.0,"turns":2.0},{"damage":26.0,"enemies":"The Guardian","floor":16.0,"turns":10.0},{"damage":14.0,"enemies":"Spheric Guardian","floor":18.0,"turns":4.0},{"damage":5.0,"enemies":"2 Thieves","floor":20.0,"turns":3.0},{"damage":12,"enemies":"Slavers","floor":24,"turns":6},{"damage":0,"enemies":"Gremlin Leader","floor":29,"turns":5},{"damage":19,"enemies":"Snecko","floor":30,"turns":5},{"damage":15,"enemies":"Shelled Parasite and Fungi","floor":31,"turns":4},{"damage":54,"enemies":"Champ","floor":33,"turns":11},{"damage":0,"enemies":"3 Shapes","floor":35,"turns":1},{"damage":37,"enemies":"3 Darklings","floor":37,"turns":3},{"damage":25,"enemies":"Maw","floor":39,"turns":6},{"damage":0,"enemies":"Nemesis","floor":40,"turns":1},{"damage":1,"enemies":"Giant Head","floor":42,"turns":2},{"damage":1,"enemies":"Reptomancer","floor":45,"turns":3},{"damage":0,"enemies":"Spire Growth","floor":46,"turns":2},{"damage":68,"enemies":"Time Eater","floor":50,"turns":6}],"seed_played":"3070096751565099533","potions_obtained":[{"floor":2.0,"key":"SteroidPotion"},{"floor":4.0,"key":"Fire Potion"},{"floor":10.0,"key":"DistilledChaos"},{"floor":24,"key":"SteroidPotion"},{"floor":29,"key":"Fire Potion"},{"floor":39,"key":"Fire Potion"},{"floor":40,"key":"PowerPotion"},{"floor":42,"key":"AttackPotion"},{"floor":45,"key":"CunningPotion"}],"is_trial":false,"path_per_floor":["M","M","?","M","M","R","M","E","T","E","R","?","E","M","R","B",null,"M","?","M","?","$","R","E","R","T","$","T","E","M","M","R","B",null,"M","?","M","?","M","E","R","E","T","R","E","M","$","?","R","B"],"character_chosen":"THE_SILENT","items_purchased":["Infinite Blades","Happy Flower","Reflex+1","Energy Potion","Block Potion"],"campfire_rested":0,"item_purchase_floors":[47,47,47,47,47],"current_hp_per_floor":[55,55,55,55,52,52,52,22,22,22,31,31,31,28,37,11,48,34,34,44,48,58,60,53,60,60,60,60,60,46,46,60,11,49,61,62,32,32,17,27,47,58,66,66,68,68,68,68,68,0,0],"gold":1141,"neow_bonus":"TRANSFORM_TWO_CARDS","is_daily":false,"chose_seed":false,"campfire_upgraded":8,"win_rate":0.0,"timestamp":1608653155,"path_taken":["M","M","?","M","M","R","?","E","T","E","R","?","E","M","R","BOSS","M","?","M","?","?","R","E","R","T","$","?","E","M","?","R","BOSS","M","?","M","?","M","E","R","E","T","R","E","M","$","?","R","BOSS"],"items_purchased_type":["Card","Relic","Card","Potion","Potion"],"build_version":"2020-12-13","purchased_purges":1,"victory":false,"max_hp_per_floor":[66,66,66,66,66,66,66,66,66,66,66,60,60,60,60,60,60,60,60,60,60,60,60,60,60,60,60,60,60,60,60,60,60,60,62,62,64,64,64,64,64,66,66,66,68,68,68,68,68,68,68],"relic_stats":{"Singing Bowl":8,"Torii":2,"Happy Flower":[2],"counters":[25,102],"Dead Branch":[188],"HoveringKite":[21],"Eternal Feather":54,"PreservedInsect":384,"MawBank":408,"WarpedTongs":[6],"SsserpentHead":500,"Bloody Idol":142,"obtain_stats":[{"Potion Belt":45,"Singing Bowl":29,"Torii":42,"Happy Flower":47,"Golden Idol":12,"Dead Branch":10,"HoveringKite":34,"Eternal Feather":9,"PreservedInsect":8,"Paper Crane":28,"MawBank":13,"Ancient Tea Set":24,"WarpedTongs":48,"SsserpentHead":3,"Bloody Idol":19,"Philosopher\u0027s Stone":17,"Bag of Marbles":40,"Toxic Egg 2":26,"Ring of the Snake":0},{"Potion Belt":23,"Singing Bowl":14,"Torii":22,"Happy Flower":24,"Golden Idol":7,"Dead Branch":7,"HoveringKite":17,"Eternal Feather":6,"PreservedInsect":6,"Paper Crane":13,"MawBank":8,"Ancient Tea Set":13,"WarpedTongs":24,"SsserpentHead":2,"Bloody Idol":11,"Philosopher\u0027s Stone":10,"Bag of Marbles":21,"Toxic Egg 2":13,"Ring of the Snake":0},{"Potion Belt":94,"Singing Bowl":58,"Torii":91,"Happy Flower":96,"Golden Idol":24,"Dead Branch":24,"HoveringKite":78,"Eternal Feather":22,"PreservedInsect":22,"Paper Crane":53,"MawBank":28,"Ancient Tea Set":53,"WarpedTongs":96,"SsserpentHead":6,"Bloody Idol":44,"Philosopher\u0027s Stone":40,"Bag of Marbles":89,"Toxic Egg 2":53,"Ring of the Snake":0}],"Ring of the Snake":[50]},"card_choices":[{"not_picked":["Flying Knee","Terror"],"picked":"Skewer","floor":1.0},{"not_picked":["Outmaneuver","Acrobatics","Poisoned Stab"],"picked":"SKIP","floor":2.0},{"not_picked":["Deflect","Expertise","Cloak And Dagger"],"picked":"SKIP","floor":4.0},{"not_picked":["Deflect","Expertise","Cloak And Dagger"],"picked":"SKIP","floor":4.0},{"not_picked":["Crippling Poison","Underhanded Strike"],"picked":"Tools of the Trade","floor":5.0},{"not_picked":["Expertise","Cloak And Dagger"],"picked":"Caltrops","floor":7.0},{"not_picked":["Distraction","Underhanded Strike"],"picked":"Backstab","floor":8.0},{"not_picked":["Flying Knee","Cloak And Dagger"],"picked":"Infinite Blades","floor":10.0},{"not_picked":["Outmaneuver","Prepared","Setup"],"picked":"SKIP","floor":13.0},{"not_picked":["Acrobatics","Underhanded Strike","Dagger Spray"],"picked":"SKIP","floor":14.0},{"not_picked":["Doppelganger","Unload"],"picked":"Bullet Time","floor":16.0},{"not_picked":["Quick Slash","Flying Knee","Bane"],"picked":"SKIP","floor":18.0},{"not_picked":["Underhanded Strike","Deadly Poison","Distraction"],"picked":"SKIP","floor":20.0},{"not_picked":["Slice","Deadly Poison","Concentrate"],"picked":"SKIP","floor":24},{"not_picked":["Quick Slash","Dodge and Roll+1"],"picked":"PiercingWail+1","floor":29},{"not_picked":["Footwork","Flying Knee"],"picked":"Well Laid Plans","floor":30},{"not_picked":["Backflip+1","Deflect+1"],"picked":"Corpse Explosion+1","floor":31},{"not_picked":["Grand Finale","Unload"],"picked":"Storm of Steel+1","floor":33},{"not_picked":["Quick Slash+1","Flechettes","Dagger Throw"],"picked":"Singing Bowl","floor":35},{"not_picked":["Outmaneuver+1","Dagger Spray+1","Eviscerate"],"picked":"Singing Bowl","floor":37},{"not_picked":["Magnetism","PanicButton+1"],"picked":"Master of Strategy+1","floor":38},{"not_picked":["Flash of Steel","Forethought+1"],"picked":"Violence+1","floor":38},{"not_picked":["Panacea+1","Metamorphosis+1"],"picked":"Trip+1","floor":38},{"not_picked":["Bouncing Flask+1","Quick Slash"],"picked":"Backflip+1","floor":39},{"not_picked":["Acrobatics+1","Eviscerate"],"picked":"Prepared+1","floor":40},{"not_picked":["Bouncing Flask+1","Poisoned Stab","Dagger Throw"],"picked":"Singing Bowl","floor":42},{"not_picked":["Deflect+1","Outmaneuver+1","Bouncing Flask+1"],"picked":"Singing Bowl","floor":45},{"not_picked":["Acrobatics+1","Slice"],"picked":"Leg Sweep+1","floor":46}],"player_experience":5683386,"relics_obtained":[{"floor":8.0,"key":"PreservedInsect"},{"floor":9.0,"key":"Eternal Feather"},{"floor":10.0,"key":"Dead Branch"},{"floor":13.0,"key":"MawBank"},{"floor":24,"key":"Ancient Tea Set"},{"floor":26,"key":"Toxic Egg 2"},{"floor":28,"key":"Paper Crane"},{"floor":29,"key":"Singing Bowl"},{"floor":40,"key":"Bag of Marbles"},{"floor":42,"key":"Torii"},{"floor":45,"key":"Potion Belt"}],"event_choices":[{"damage_healed":0.0,"max_hp_gain":0.0,"max_hp_loss":0.0,"gold_gain":0.0,"event_name":"FaceTrader","player_choice":"Trade","floor":3.0,"gold_loss":0.0,"damage_taken":0.0,"relics_obtained":["SsserpentHead"]},{"damage_healed":0.0,"max_hp_gain":0.0,"max_hp_loss":6.0,"gold_gain":0.0,"event_name":"Golden Idol","player_choice":"Lose Max HP","floor":12.0,"gold_loss":0.0,"damage_taken":0.0,"relics_obtained":["Golden Idol"]},{"damage_healed":0.0,"max_hp_gain":0.0,"max_hp_loss":0.0,"gold_gain":0.0,"event_name":"Forgotten Altar","player_choice":"Gave Idol","floor":19.0,"relics_lost":["Golden Idol"],"gold_loss":0.0,"damage_taken":0.0,"relics_obtained":["Bloody Idol"]},{"damage_healed":0.0,"max_hp_gain":0.0,"max_hp_loss":0.0,"gold_gain":0.0,"event_name":"Nest","player_choice":"Joined the Cult","floor":21.0,"gold_loss":0.0,"damage_taken":6.0,"cards_obtained":["RitualDagger"]},{"cards_removed":["Neutralize"],"damage_healed":0,"gold_gain":0,"player_choice":"Removed Attack","damage_taken":0,"max_hp_gain":0,"max_hp_loss":0,"event_name":"Falling","floor":36,"gold_loss":0},{"damage_healed":0,"gold_gain":0,"player_choice":"Memory 3","damage_taken":10,"max_hp_gain":0,"max_hp_loss":0,"event_name":"SensoryStone","floor":38,"gold_loss":0},{"damage_healed":0,"gold_gain":0,"player_choice":"Rummage","damage_taken":0,"relics_obtained":["WarpedTongs"],"max_hp_gain":0,"max_hp_loss":0,"event_name":"Accursed Blacksmith","floor":48,"gold_loss":0,"cards_obtained":["Pain"]}],"is_beta":false,"boss_relics":[{"not_picked":["SacredBark","Ring of the Serpent"],"picked":"Philosopher\u0027s Stone"},{"not_picked":["Black Star","Snecko Eye"],"picked":"HoveringKite"}],"items_purged_floors":[47],"is_endless":false,"potions_floor_spawned":[2,4,5,10,24,29,33,39,40,42,45],"killed_by":"Time Eater","ascension_level":20}}