{"host":"k5dhp0bkccqfauyu","time":1608641317,"event":{"mods":["BaseMod","Better Note","Better Skull","Better Vampires","Colored Map","Colored Powertips","DeckTracker","Minty Spire (QoL Compilation)","Permanent Neow","StSLib","SuperFastMode"],"gold_per_floor":[109,124,140,140,24,24,54,54,54,87,87,103,103,46,46,125,125,136,186,186,186],"floor_reached":20,"playtime":520,"items_purged":["Regret"],"score":360,"play_id":"b4e74092-e2ae-46f3-8545-bde5f76f58d7","local_time":"20201222234837","is_ascension_mode":true,"campfire_choices":[{"data":"Loop","floor":6,"key":"SMITH"},{"data":"Doom and Gloom","floor":8,"key":"SMITH"},{"data":"Dualcast","floor":13,"key":"SMITH"},{"floor":15,"key":"REST"}],"circlet_count":0,"master_deck":["AscendersBane","Strike_B","Strike_B","Strike_B","Strike_B","Defend_B","Defend_B","Defend_B","Defend_B","Zap","Dualcast+1","White Noise","Loop+1","White Noise","Capacitor+1","Doom and Gloom+1","Cold Snap+1","Sweeping Beam+1","Ball Lightning+1","Multi-Cast","Storm"],"relics":["Runic Dome","Ornamental Fan","Gambling Chip","Art of War","Molten Egg 2","Black Star"],"acts_visited":["Exordium","TheCity"],"potions_floor_usage":[7,16],"damage_taken":[{"damage":0,"enemies":"Cultist","floor":1,"turns":3},{"damage":14,"enemies":"Jaw Worm","floor":2,"turns":4},{"damage":2,"enemies":"2 Louse","floor":3,"turns":3},{"damage":13,"enemies":"3 Sentries","floor":7,"turns":12},{"damage":20,"enemies":"Lagavulin","floor":10,"turns":6},{"damage":9,"enemies":"Red Slaver","floor":12,"turns":4},{"damage":2,"enemies":"Hexaghost","floor":16,"turns":8},{"damage":39,"enemies":"2 Thieves","floor":18,"turns":5},{"damage":14,"enemies":"3 Byrds","floor":20,"turns":1}],"seed_played":"8134981225882039647","potions_obtained":[{"floor":2,"key":"LiquidBronze"},{"floor":12,"key":"BlessingOfTheForge"},{"floor":16,"key":"BlessingOfTheForge"}],"is_trial":false,"path_per_floor":["M","M","M","?","$","R","E","R","T","E","?","M","R","$","R","B",null,"M","?","M"],"character_chosen":"DEFECT","items_purchased":["Capacitor","Ball Lightning+1"],"campfire_rested":1,"item_purchase_floors":[5,14],"current_hp_per_floor":[64,50,48,48,48,48,35,35,35,15,15,6,6,6,27,25,60,21,14,0,0],"gold":186,"neow_bonus":"BOSS_RELIC","is_daily":false,"chose_seed":false,"campfire_upgraded":3,"win_rate":0.0,"timestamp":1608641317,"path_taken":["M","M","M","?","$","R","E","R","T","E","?","M","R","$","R","BOSS","M","?","?"],"items_purchased_type":["Card","Card"],"build_version":"2020-12-13","purchased_purges":1,"victory":false,"max_hp_per_floor":[71,71,71,71,71,71,71,71,71,71,71,71,71,71,71,71,71,71,71,71,71],"card_choices":[{"not_picked":["Redo","Conserve Battery"],"picked":"White Noise","floor":1},{"not_picked":["Leap","Recycle"],"picked":"Loop","floor":2},{"not_picked":["Leap","BootSequence"],"picked":"White Noise","floor":3},{"not_picked":["Leap","Gash"],"picked":"Doom and Gloom","floor":7},{"not_picked":["Conserve Battery","Rip and Tear+1"],"picked":"Cold Snap+1","floor":10},{"not_picked":["Redo","Lockon+1"],"picked":"Sweeping Beam+1","floor":12},{"not_picked":["All For One+1","Machine Learning"],"picked":"Multi-Cast","floor":16},{"not_picked":["Hello World","Melter+1"],"picked":"Storm","floor":18}],"player_experience":1812837,"relics_obtained":[{"floor":7,"key":"Gambling Chip"},{"floor":9,"key":"Art of War"},{"floor":10,"key":"Molten Egg 2"}],"event_choices":[{"damage_healed":0,"gold_gain":0,"player_choice":"Box","damage_taken":0,"relics_obtained":["Ornamental Fan"],"max_hp_gain":0,"max_hp_loss":0,"event_name":"Big Fish","floor":4,"gold_loss":0,"cards_obtained":["Regret"]},{"damage_healed":0,"gold_gain":0,"player_choice":"Forge","damage_taken":0,"max_hp_gain":0,"max_hp_loss":0,"event_name":"Accursed Blacksmith","floor":11,"gold_loss":0,"cards_upgraded":["Capacitor"]},{"damage_healed":0,"gold_gain":50,"player_choice":"Touch","damage_taken":7,"max_hp_gain":0,"max_hp_loss":0,"event_name":"FaceTrader","floor":19,"gold_loss":0}],"is_beta":false,"boss_relics":[{"not_picked":["Philosopher\u0027s Stone","Calling Bell"],"picked":"Black Star"}],"items_purged_floors":[5],"is_endless":false,"potions_floor_spawned":[2,12,16],"killed_by":"3 Byrds","ascension_level":20}}