{"host":"8g24zuco0epbjwbo","time":1608676054,"event":{"mods":["BaseMod","Downfall","Minty Spire (QoL Compilation)","Relic Stats","StSLib"],"gold_per_floor":[199,219,234,234,234,234,234,234],"floor_reached":6,"playtime":172,"items_purged":[],"score":36,"play_id":"175f535d-9f7f-4139-bc4e-6bc6cf8346f6","local_time":"20201222172734","is_ascension_mode":true,"campfire_choices":[{"floor":1,"key":"RECALL"}],"circlet_count":0,"master_deck":["champ:Strike","champ:Strike","champ:Strike","champ:Strike","champ:Defend","champ:Defend","champ:Defend","champ:Defend","champ:Execute","champ:Taunt","champ:SwordSigil","champ:CalledShot","Regret"],"relics":["champ:ChampionCrown","Art of War","Dream Catcher"],"acts_visited":["Exordium"],"potions_floor_usage":[],"damage_taken":[{"damage":15,"enemies":"Small Slimes","floor":2,"turns":5},{"damage":5,"enemies":"Jaw Worm","floor":3,"turns":4},{"damage":99,"enemies":"Gremlin Nob","floor":6,"turns":6}],"seed_played":"-5594414476649346529","potions_obtained":[{"floor":2,"key":"Fire Potion"},{"floor":3,"key":"SmokeBomb"}],"is_trial":false,"path_per_floor":["R","M","M","?","?","E"],"character_chosen":"THE_CHAMP","items_purchased":[],"campfire_rested":0,"item_purchase_floors":[],"current_hp_per_floor":[90,85,85,85,78,0,0,0],"gold":234,"neow_bonus":"HUNDRED_GOLD","is_daily":false,"chose_seed":false,"campfire_upgraded":0,"win_rate":0.0,"timestamp":1608676054,"path_taken":["R","M","M","?","?","E"],"items_purchased_type":[],"build_version":"2020-12-13","purchased_purges":0,"victory":false,"max_hp_per_floor":[90,90,90,90,90,90,90,90],"relic_stats":{"Dream Catcher":0,"counters":[3,15],"Art of War":[0],"obtain_stats":[{"Dream Catcher":5,"champ:ChampionCrown":0,"Art of War":4},{"Dream Catcher":2,"champ:ChampionCrown":0,"Art of War":2},{"Dream Catcher":9,"champ:ChampionCrown":0,"Art of War":9}]},"card_choices":[{"not_picked":["champ:Backstep","champ:BerserkersShout"],"picked":"champ:SwordSigil","floor":2},{"not_picked":["champ:StanceDance","champ:RapidStrikes"],"picked":"champ:CalledShot","floor":3}],"player_experience":432547,"relics_obtained":[],"event_choices":[{"damage_healed":0,"gold_gain":0,"player_choice":"Box","damage_taken":0,"relics_obtained":["Art of War"],"max_hp_gain":0,"max_hp_loss":0,"event_name":"Big Fish","floor":4,"gold_loss":0,"cards_obtained":["Regret"]},{"damage_healed":0,"gold_gain":0,"player_choice":"Success","damage_taken":7,"relics_obtained":["Dream Catcher"],"max_hp_gain":0,"max_hp_loss":0,"event_name":"Scrap Ooze","floor":5,"gold_loss":0}],"is_beta":false,"boss_relics":[],"items_purged_floors":[],"is_endless":false,"potions_floor_spawned":[2,3],"killed_by":"Gremlin Nob","ascension_level":1}}