{"host":"n23juj4d9qam5hh1","time":1608668406,"event":{"mods":["BaseMod","Better Note","BetterRewards","Infinite Spire","Minty Spire (QoL Compilation)","Relic Stats","StSLib"],"gold_per_floor":[213,225,35,48,58,58,77,77,104,104,104,117,148,166,166,262,262,278,291,301,319,319,319,349,349,401,401,419,430,197,230,230,325,325,338,338,355,191,204,204,224,224,250,262,274,296,308,320,332,344,344],"floor_reached":50,"playtime":1684,"items_purged":["Strike_R","Strike_R"],"score":564,"play_id":"173de8b0-bf28-4459-b373-b6db6ea0c361","local_time":"20201222152006","is_ascension_mode":true,"campfire_choices":[{"data":"Spot Weakness","floor":6,"key":"SMITH"},{"data":"infinitespire:Oblivion","floor":10,"key":"SMITH"},{"data":"Whirlwind","floor":15,"key":"SMITH"},{"floor":23,"key":"REST"},{"data":"Feel No Pain","floor":25,"key":"SMITH"},{"data":"Demon Form","floor":27,"key":"SMITH"},{"floor":32,"key":"REST"},{"data":"Fire Breathing","floor":40,"key":"SMITH"},{"data":"Fire Breathing","floor":42,"key":"SMITH"},{"data":"Reaper","floor":47,"key":"SMITH"},{"data":"Ghostly Armor","floor":49,"key":"SMITH"}],"circlet_count":0,"master_deck":["Strike_R","Strike_R","Defend_R","Defend_R","Defend_R","Defend_R","Bash","Spot Weakness+1","Sword Boomerang","Ghostly Armor+1","Demon Form+1","Shrug It Off","Uppercut","infinitespire:Oblivion+1","Whirlwind+1","Reaper+1","Feel No Pain+1","infinitespire:Oblivion+1","Battle Trance","Immolate+1","Fire Breathing+1","Twin Strike+1","Fire Breathing+1","Pummel+1"],"relics":["Burning Blood","Membership Card","PreservedInsect","Bag of Marbles","infinitespire:Cupcake","Strawberry","Boot","DollysMirror","Molten Egg 2","Ice Cream","Empty Cage","Black Blood","Juzu Bracelet","MawBank"],"acts_visited":["Exordium","TheCity","TheBeyond"],"potions_floor_usage":[14,19,19,24,41,41,48],"damage_taken":[{"damage":6,"enemies":"Cultist","floor":1,"turns":4},{"damage":4,"enemies":"Jaw Worm","floor":2,"turns":5},{"damage":0,"enemies":"Small Slimes","floor":4,"turns":4},{"damage":7,"enemies":"2 Fungi Beasts","floor":5,"turns":4},{"damage":5,"enemies":"Exordium Wildlife","floor":7,"turns":4},{"damage":4,"enemies":"Lots of Slimes","floor":12,"turns":3},{"damage":0,"enemies":"Gremlin Nob","floor":13,"turns":2},{"damage":7,"enemies":"Looter","floor":14,"turns":3},{"damage":20,"enemies":"Hexaghost","floor":16,"turns":7},{"damage":0,"enemies":"3 Byrds","floor":18,"turns":4},{"damage":2,"enemies":"Chosen","floor":19,"turns":4},{"damage":33,"enemies":"Shelled Parasite and Fungi","floor":20,"turns":5},{"damage":12,"enemies":"Chosen and Byrds","floor":21,"turns":3},{"damage":12,"enemies":"Slavers","floor":24,"turns":3},{"damage":10,"enemies":"Snake Plant","floor":28,"turns":3},{"damage":12,"enemies":"Cultist and Chosen","floor":29,"turns":3},{"damage":20,"enemies":"Nightmare","floor":31,"turns":4},{"damage":63,"enemies":"Champ","floor":33,"turns":7},{"damage":10,"enemies":"3 Shapes","floor":35,"turns":4},{"damage":8,"enemies":"Orb Walker","floor":37,"turns":2},{"damage":0,"enemies":"3 Darklings","floor":39,"turns":3},{"damage":28,"enemies":"Writhing Mass","floor":41,"turns":4},{"damage":41,"enemies":"Transient","floor":46,"turns":5},{"damage":0,"enemies":"Sphere and 2 Shapes","floor":48,"turns":1},{"damage":107,"enemies":"Time Eater","floor":50,"turns":9}],"seed_played":"5176683527619308079","potions_obtained":[{"floor":4,"key":"Energy Potion"},{"floor":12,"key":"SpeedPotion"},{"floor":13,"key":"Weak Potion"},{"floor":14,"key":"HeartOfIron"},{"floor":21,"key":"Strength Potion"},{"floor":28,"key":"SmokeBomb"},{"floor":29,"key":"ElixirPotion"},{"floor":35,"key":"AttackPotion"},{"floor":37,"key":"Fire Potion"},{"floor":41,"key":"Dexterity Potion"}],"is_trial":false,"path_per_floor":["M","M","$","M","M","R","M","?","T","R","?","M","E","M","R","B",null,"M","M","M","M","?","R","E","R","T","R","M","M","$","NM","R","B",null,"M","AVR","M","$","M","R","M","R","T","?","?","M","R","M","R","B"],"character_chosen":"IRONCLAD","items_purchased":["Membership Card","Ghostly Armor","DollysMirror","Molten Egg 2","Fire Breathing","Juzu Bracelet"],"campfire_rested":2,"item_purchase_floors":[3,3,30,30,38,38],"current_hp_per_floor":[80,80,80,80,79,79,80,61,61,61,80,80,80,79,79,65,80,80,80,53,47,47,71,72,72,72,72,68,62,62,48,74,29,84,80,80,84,84,84,84,80,80,80,80,80,76,76,80,80,0,0],"gold":344,"neow_bonus":"HUNDRED_GOLD","is_daily":false,"chose_seed":false,"campfire_upgraded":9,"win_rate":0.0,"timestamp":1608668406,"path_taken":["M","M","$","M","M","R","M","?","T","R","?","M","E","M","R","BOSS","M","M","M","M","?","R","E","R","T","R","M","M","$","NM","R","BOSS","M","AVR","M","$","M","R","M","R","T","?","?","M","R","M","R","BOSS"],"items_purchased_type":["Relic","Card","Relic","Relic","Card","Relic"],"build_version":"2020-12-13","purchased_purges":2,"victory":false,"max_hp_per_floor":[80,80,80,80,80,80,80,80,80,80,80,80,80,80,80,80,80,80,80,80,80,80,80,87,87,87,87,87,87,87,87,87,87,84,84,84,84,84,84,84,84,84,84,80,80,80,80,80,80,80,80],"relic_stats":{"counters":[25,100],"Black Blood":140,"PreservedInsect":112,"Juzu Bracelet":0,"Boot":[6],"MawBank":84,"obtain_stats":[{"Ice Cream":31,"Black Blood":36,"PreservedInsect":9,"Juzu Bracelet":38,"Boot":26,"Empty Cage":34,"MawBank":43,"Burning Blood":0,"DollysMirror":30,"Strawberry":24,"Molten Egg 2":30,"Bag of Marbles":13,"Membership Card":3,"infinitespire:Cupcake":17},{"Ice Cream":17,"Black Blood":19,"PreservedInsect":5,"Juzu Bracelet":20,"Boot":14,"Empty Cage":18,"MawBank":22,"Burning Blood":0,"DollysMirror":16,"Strawberry":14,"Molten Egg 2":16,"Bag of Marbles":7,"Membership Card":2,"infinitespire:Cupcake":9},{"Ice Cream":65,"Black Blood":76,"PreservedInsect":21,"Juzu Bracelet":78,"Boot":55,"Empty Cage":72,"MawBank":85,"Burning Blood":0,"DollysMirror":61,"Strawberry":55,"Molten Egg 2":61,"Bag of Marbles":26,"Membership Card":9,"infinitespire:Cupcake":36}],"Burning Blood":140},"card_choices":[{"not_picked":["Thunderclap","True Grit"],"picked":"Spot Weakness","floor":1},{"not_picked":["Cleave","Warcry"],"picked":"Sword Boomerang","floor":2},{"not_picked":["Havoc","Body Slam"],"picked":"Demon Form","floor":4},{"not_picked":["Pummel","Rampage"],"picked":"Shrug It Off","floor":5},{"not_picked":["Hemokinesis","Pummel"],"picked":"Uppercut","floor":7},{"not_picked":["infinitespire:Starlight","infinitespire:Menacing"],"picked":"infinitespire:Oblivion","floor":8},{"not_picked":["Clash","Thunderclap"],"picked":"Whirlwind","floor":12},{"not_picked":["Second Wind","Exhume","Cleave"],"picked":"SKIP","floor":13},{"not_picked":["Evolve","Armaments","Sword Boomerang"],"picked":"SKIP","floor":14},{"not_picked":["Bludgeon","Demon Form"],"picked":"Reaper","floor":16},{"not_picked":["Inflame+1","True Grit","Shrug It Off"],"picked":"SKIP","floor":18},{"not_picked":["Inflame","Flex","Cleave"],"picked":"SKIP","floor":19},{"not_picked":["Flex","Wild Strike+1","Twin Strike"],"picked":"SKIP","floor":20},{"not_picked":["Double Tap","Cleave","Wild Strike+1"],"picked":"SKIP","floor":21},{"not_picked":["Evolve","Reckless Charge+1"],"picked":"Feel No Pain","floor":24},{"not_picked":["Warcry","Thunderclap+1","Feel No Pain"],"picked":"SKIP","floor":28},{"not_picked":["Evolve","Wild Strike","True Grit"],"picked":"SKIP","floor":29},{"not_picked":["Intimidate","Burning Pact"],"picked":"Battle Trance","floor":31},{"not_picked":["Berserk","Exhume"],"picked":"Immolate+1","floor":33},{"not_picked":["Bloodletting+1","Armaments","Havoc"],"picked":"SKIP","floor":35},{"not_picked":["infinitespire:OneForAll+1","Pommel Strike+1","Perfected Strike+1"],"picked":"SKIP","floor":37},{"not_picked":["Carnage+1","Sentinel"],"picked":"Twin Strike+1","floor":39},{"not_picked":["Body Slam+1","Infernal Blade"],"picked":"Fire Breathing","floor":41},{"not_picked":["Blood for Blood+1","Iron Wave+1"],"picked":"Pummel+1","floor":46}],"player_experience":198207,"relics_obtained":[{"floor":9,"key":"PreservedInsect"},{"floor":13,"key":"Bag of Marbles"},{"floor":24,"key":"Strawberry"},{"floor":26,"key":"Boot"},{"floor":31,"key":"Ice Cream"},{"floor":43,"key":"MawBank"}],"event_choices":[{"damage_healed":20,"gold_gain":0,"player_choice":"Healed and dodged fight","damage_taken":0,"max_hp_gain":0,"max_hp_loss":0,"event_name":"Mushrooms","floor":11,"gold_loss":0,"cards_obtained":["Parasite"]},{"damage_healed":0,"gold_gain":0,"player_choice":"Ignored","damage_taken":0,"max_hp_gain":0,"max_hp_loss":0,"event_name":"Ghosts","floor":22,"gold_loss":0},{"damage_healed":0,"gold_gain":0,"player_choice":"Max HP","damage_taken":0,"max_hp_gain":0,"max_hp_loss":4,"event_name":"Winding Halls","floor":44,"gold_loss":0},{"damage_healed":0,"gold_gain":0,"player_choice":"Ignored","damage_taken":0,"max_hp_gain":0,"max_hp_loss":0,"event_name":"Tomb of Lord Red Mask","floor":45,"gold_loss":0}],"is_beta":false,"boss_relics":[{"not_picked":["Fusion Hammer","Tiny House"],"picked":"infinitespire:Cupcake"},{"not_picked":["Black Star","Runic Dome"],"picked":"Empty Cage"}],"items_purged_floors":[30,38],"is_endless":false,"potions_floor_spawned":[4,12,13,14,21,28,29,33,35,37,41,48],"killed_by":"Time Eater","ascension_level":2}}