{"host":"n4fty02wqqi95laq","time":1608609135,"event":{"mods":["BaseMod","Highlight Path","Minty Spire (QoL Compilation)","Quick Restart","Rare Cards Sparkle","StSLib"],"gold_per_floor":[117,136,136,152,171,204,204,232,232,252,96,109,128,144,144,218,218,228,228,241,141,161,189,189,221,221,221,221,221,221,221,221],"floor_reached":31,"playtime":2076,"items_purged":["Pain","Strike_G"],"score":654,"play_id":"6c13d8a4-d4f5-4ac5-bb9a-94164df93e37","local_time":"20201222115215","is_ascension_mode":true,"campfire_choices":[{"data":"Neutralize","floor":7.0,"key":"SMITH"},{"data":"Accuracy","floor":15.0,"key":"SMITH"},{"floor":24.0,"key":"DIG"},{"floor":27.0,"key":"DIG"},{"data":"Doppelganger","floor":30.0,"key":"SMITH"}],"circlet_count":0,"master_deck":["AscendersBane","Strike_G","Strike_G","Strike_G","Strike_G","Defend_G","Defend_G","Defend_G","Defend_G","Defend_G","Survivor","Neutralize+1","Blade Dance","Accuracy+1","Blade Dance","Calculated Gamble","Cloak And Dagger","Acrobatics","Accuracy","Doppelganger+1","CurseOfTheBell","Footwork","Backflip","Tactician","Ghostly","Ghostly","Ghostly"],"relics":["Ring of the Snake","NeowsBlessing","WarpedTongs","CaptainsWheel","Odd Mushroom","Ginger","Calling Bell","Pen Nib","Blue Candle","Shovel","Ice Cream","StrikeDummy","Ninja Scroll","Nloth\u0027s Gift"],"acts_visited":["Exordium","TheCity"],"potions_floor_usage":[],"damage_taken":[{"damage":0.0,"enemies":"2 Louse","floor":1.0,"turns":1.0},{"damage":0.0,"enemies":"Cultist","floor":2.0,"turns":1.0},{"damage":0.0,"enemies":"Jaw Worm","floor":4.0,"turns":1.0},{"damage":7.0,"enemies":"2 Fungi Beasts","floor":5.0,"turns":4.0},{"damage":13.0,"enemies":"Lagavulin","floor":6.0,"turns":7.0},{"damage":16.0,"enemies":"The Mushroom Lair","floor":8.0,"turns":5.0},{"damage":2.0,"enemies":"Blue Slaver","floor":10.0,"turns":2.0},{"damage":1.0,"enemies":"Looter","floor":12.0,"turns":3.0},{"damage":5.0,"enemies":"Gremlin Gang","floor":13.0,"turns":4.0},{"damage":1.0,"enemies":"3 Louse","floor":14.0,"turns":4.0},{"damage":0.0,"enemies":"Hexaghost","floor":16.0,"turns":4.0},{"damage":0.0,"enemies":"Chosen","floor":18.0,"turns":4.0},{"damage":6.0,"enemies":"Shell Parasite","floor":20.0,"turns":4.0},{"damage":3.0,"enemies":"3 Cultists","floor":22.0,"turns":5.0},{"damage":24.0,"enemies":"Slavers","floor":23.0,"turns":3.0},{"damage":7.0,"enemies":"Gremlin Leader","floor":25.0,"turns":8.0},{"damage":15,"enemies":"Shelled Parasite and Fungi","floor":31,"turns":1}],"seed_played":"817505163594585701","potions_obtained":[{"floor":4.0,"key":"Strength Potion"},{"floor":12.0,"key":"EntropicBrew"},{"floor":14.0,"key":"DuplicationPotion"},{"floor":16.0,"key":"Poison Potion"},{"floor":20.0,"key":"GhostInAJar"},{"floor":22.0,"key":"FearPotion"},{"floor":25.0,"key":"SneckoOil"}],"is_trial":false,"path_per_floor":["M","M","?","M","M","E","R","?","T","M","$","M","M","M","R","B",null,"M","?","M","$","M","E","R","E","T","R","?","?","R","M"],"character_chosen":"THE_SILENT","items_purchased":["Accuracy"],"campfire_rested":0,"item_purchase_floors":[11],"current_hp_per_floor":[59,59,59,59,52,39,39,23,23,21,21,20,15,14,14,14,53,53,53,47,47,44,20,20,13,13,13,13,13,13,0,0],"gold":221,"neow_bonus":"THREE_ENEMY_KILL","is_daily":false,"chose_seed":false,"campfire_upgraded":3,"win_rate":0.0,"timestamp":1608609135,"path_taken":["M","M","?","?","M","E","R","?","T","M","$","M","M","M","R","BOSS","M","?","M","$","M","E","R","E","T","R","?","?","R","M"],"items_purchased_type":["Card"],"build_version":"2020-12-13","purchased_purges":2,"victory":false,"max_hp_per_floor":[66,66,66,66,66,66,66,66,66,66,66,66,66,66,66,66,66,66,66,66,66,66,66,66,66,66,66,33,33,33,33,33],"card_choices":[{"not_picked":["All Out Attack","Deadly Poison"],"picked":"Blade Dance","floor":1.0},{"not_picked":["PiercingWail","Concentrate"],"picked":"Accuracy","floor":2.0},{"not_picked":["Poisoned Stab","Slice"],"picked":"Blade Dance","floor":4.0},{"not_picked":["Flying Knee","Blur"],"picked":"Calculated Gamble","floor":5.0},{"not_picked":["Catalyst","Flying Knee"],"picked":"Cloak And Dagger","floor":6.0},{"not_picked":["Crippling Poison","Prepared"],"picked":"Acrobatics","floor":10.0},{"not_picked":["Dagger Spray","Dagger Throw","Sucker Punch"],"picked":"SKIP","floor":12.0},{"not_picked":["Distraction","Noxious Fumes","Quick Slash"],"picked":"SKIP","floor":13.0},{"not_picked":["Bane","Backflip"],"picked":"Doppelganger","floor":14.0},{"not_picked":["Flying Knee","Blade Dance","Dagger Throw"],"picked":"SKIP","floor":18.0},{"not_picked":["Prepared","Quick Slash"],"picked":"Footwork","floor":20.0},{"not_picked":["Poisoned Stab","Masterful Stab","Cloak And Dagger"],"picked":"SKIP","floor":22.0},{"not_picked":["Crippling Poison","Outmaneuver"],"picked":"Backflip","floor":23.0},{"not_picked":["Crippling Poison","Expertise"],"picked":"Tactician","floor":25.0}],"player_experience":627652,"relics_obtained":[{"floor":6.0,"key":"CaptainsWheel"},{"floor":8.0,"key":"Odd Mushroom"},{"floor":9.0,"key":"Ginger"},{"floor":17.0,"key":"Pen Nib"},{"floor":17.0,"key":"Blue Candle"},{"floor":17.0,"key":"Shovel"},{"floor":24.0,"key":"Ice Cream"},{"floor":25.0,"key":"StrikeDummy"},{"floor":26.0,"key":"Ninja Scroll"},{"floor":27.0,"key":"Orichalcum"}],"event_choices":[{"damage_healed":0.0,"max_hp_gain":0.0,"max_hp_loss":0.0,"gold_gain":0.0,"event_name":"Accursed Blacksmith","player_choice":"Rummage","floor":3.0,"gold_loss":0.0,"damage_taken":0.0,"relics_obtained":["WarpedTongs"],"cards_obtained":["Pain"]},{"damage_healed":0.0,"max_hp_gain":0.0,"max_hp_loss":0.0,"gold_gain":0.0,"event_name":"Mushrooms","player_choice":"Fought Mushrooms","floor":8.0,"gold_loss":0.0,"damage_taken":0.0},{"damage_healed":0.0,"max_hp_gain":0.0,"max_hp_loss":33.0,"gold_gain":0.0,"event_name":"Ghosts","player_choice":"Became a Ghost","floor":28.0,"gold_loss":0.0,"damage_taken":0.0,"cards_obtained":["Ghostly","Ghostly","Ghostly"]},{"damage_healed":0.0,"max_hp_gain":0.0,"max_hp_loss":0.0,"gold_gain":0.0,"event_name":"N\u0027loth","player_choice":"Traded Relic","floor":29.0,"relics_lost":["Orichalcum"],"gold_loss":0.0,"damage_taken":0.0,"relics_obtained":["Nloth\u0027s Gift"]}],"is_beta":false,"boss_relics":[{"not_picked":["SacredBark","Velvet Choker"],"picked":"Calling Bell"}],"items_purged_floors":[11,21],"is_endless":false,"potions_floor_spawned":[4,12,13,14,16,20,22,25],"killed_by":"Shelled Parasite and Fungi","ascension_level":20}}