{"host":"knoo6yq0od847mqf","time":1608663315,"event":{"mods":["BaseMod","Bestiary","CatGirl Mod","Displayed Cursed Tome","Downfall","Hubris","Marisa????????","Minty Spire (QoL Compilation)","Replay The Spire","StSLib","The Alterego","The Bug Knight","The Dragon Tamer"],"gold_per_floor":[115,130,143,223,62,62,83,83,137,150,150,165,179,179,179],"floor_reached":14,"playtime":589,"items_purged":[],"score":82,"play_id":"e47294f9-3d64-42f3-af2a-15758abdf932","local_time":"20201222195515","is_ascension_mode":false,"campfire_choices":[{"data":"alterego_mod:Palingenesis","floor":6,"key":"SMITH"},{"data":"alterego_mod:Palingenesis+1","floor":8,"key":"SMITH"},{"floor":11,"key":"REST"}],"circlet_count":0,"master_deck":["alterego_mod:Strike","alterego_mod:Strike","alterego_mod:Strike","alterego_mod:Strike","alterego_mod:Defend","alterego_mod:Defend","alterego_mod:Defend","alterego_mod:Defend","alterego_mod:Impale","alterego_mod:BigMeatyClaws","alterego_mod:BrynhildrsRune","alterego_mod:BiFurious","alterego_mod:BiFurious","alterego_mod:MagicResistance","alterego_mod:Crossover","Delirium","alterego_mod:Palingenesis+2","alterego_mod:Collar","alterego_mod:Rip"],"relics":["alterego_mod:MasochisticConstitution","Odd Mushroom","hubris:SlimyHat"],"acts_visited":["Exordium"],"potions_floor_usage":[12,14,14],"damage_taken":[{"damage":2,"enemies":"Small Slimes","floor":1,"turns":4},{"damage":6,"enemies":"2 Louse","floor":2,"turns":2},{"damage":7,"enemies":"Jaw Worm","floor":3,"turns":4},{"damage":47,"enemies":"The Mushroom Lair","floor":7,"turns":8},{"damage":10,"enemies":"Looter","floor":10,"turns":4},{"damage":41,"enemies":"Gremlin Gang","floor":12,"turns":6},{"damage":21,"enemies":"Blue Slaver","floor":13,"turns":5},{"damage":26,"enemies":"Lagavulin","floor":14,"turns":5}],"seed_played":"-8338940339669705417","potions_obtained":[{"floor":2,"key":"BlessingOfTheForge"},{"floor":7,"key":"Guardian:BlockOnCardUsePotion"},{"floor":10,"key":"Energy Potion"},{"floor":13,"key":"Swift Potion"}],"is_trial":false,"path_per_floor":["M","M","M","?","$","R","?","R","T","M","R","M","M","E"],"character_chosen":"The_Alterego","items_purchased":["alterego_mod:Palingenesis"],"campfire_rested":1,"item_purchase_floors":[5],"current_hp_per_floor":[71,66,67,67,67,67,28,28,28,26,48,29,16,0,0],"gold":179,"neow_bonus":"RANDOM_EVENT","is_daily":false,"chose_seed":false,"campfire_upgraded":2,"win_rate":0.0,"timestamp":1608663315,"path_taken":["M","M","M","?","$","R","?","R","T","M","R","M","M","E"],"items_purchased_type":["Card"],"build_version":"2020-12-13","purchased_purges":0,"victory":false,"max_hp_per_floor":[71,72,73,73,73,73,74,74,74,75,75,76,77,77,77],"card_choices":[{"not_picked":["alterego_mod:Skirt","alterego_mod:PurpleHair"],"picked":"alterego_mod:BiFurious","floor":1},{"not_picked":["alterego_mod:GachaTicket","alterego_mod:Rip"],"picked":"alterego_mod:MagicResistance","floor":2},{"not_picked":["alterego_mod:DestructionOfProperty","alterego_mod:Complex"],"picked":"alterego_mod:Crossover","floor":3},{"not_picked":["alterego_mod:SideboobHour","alterego_mod:Bounce"],"picked":"alterego_mod:Collar","floor":7},{"not_picked":["alterego_mod:DeftHands","alterego_mod:PerceptionDisorder"],"picked":"alterego_mod:Rip","floor":10},{"not_picked":["alterego_mod:Complex","alterego_mod:MagicResistance","alterego_mod:Bounce"],"picked":"SKIP","floor":12},{"not_picked":["alterego_mod:PerceptionDisorder","alterego_mod:HighServant","alterego_mod:Cycle"],"picked":"SKIP","floor":13}],"player_experience":195660,"relics_obtained":[{"floor":7,"key":"Odd Mushroom"},{"floor":9,"key":"hubris:SlimyHat"}],"event_choices":[{"damage_healed":0,"gold_gain":0,"player_choice":"Fought Mushrooms","damage_taken":0,"max_hp_gain":0,"max_hp_loss":0,"event_name":"Mushrooms","floor":7,"gold_loss":0}],"is_beta":false,"boss_relics":[],"items_purged_floors":[],"is_endless":false,"potions_floor_spawned":[2,7,10,13],"killed_by":"Lagavulin","ascension_level":0}}