{"host":"ci7ivtocgfxh0ueo","time":1608616124,"event":{"mods":["BaseMod","GifTheSpireLib","Minty Spire (QoL Compilation)","StSLib"],"gold_per_floor":[110,110,25,25,39,64,64,98,125,155,165,165,184,244,244,244,244],"floor_reached":16,"playtime":311,"items_purged":[],"score":265,"play_id":"2979c154-a297-4dd6-907d-253ce2f67065","local_time":"20201222134844","is_ascension_mode":true,"campfire_choices":[{"data":"Dash","floor":7,"key":"SMITH"},{"data":"All Out Attack","floor":12,"key":"SMITH"},{"floor":15,"key":"REST"}],"circlet_count":0,"master_deck":["AscendersBane","Strike_G","Strike_G","Strike_G+1","Strike_G","Strike_G+1","Defend_G","Defend_G","Defend_G","Defend_G","Defend_G","Survivor","Neutralize","Heel Hook","Dash","Dash+1","All Out Attack+1","Eviscerate","Tactician","Underhanded Strike","Concentrate"],"relics":["Ring of the Snake","NeowsBlessing","Akabeko","MealTicket","Boot","Tiny Chest","Orichalcum"],"acts_visited":["Exordium"],"potions_floor_usage":[8,10,16,16],"damage_taken":[{"damage":0,"enemies":"Jaw Worm","floor":1,"turns":1},{"damage":0,"enemies":"2 Louse","floor":5,"turns":1},{"damage":0,"enemies":"Gremlin Nob","floor":6,"turns":1},{"damage":5,"enemies":"3 Sentries","floor":8,"turns":8},{"damage":14,"enemies":"Lagavulin","floor":10,"turns":6},{"damage":0,"enemies":"Cultist","floor":11,"turns":2},{"damage":0,"enemies":"Looter","floor":13,"turns":2},{"damage":8,"enemies":"Gremlin Nob","floor":14,"turns":3},{"damage":43,"enemies":"Slime Boss","floor":16,"turns":6}],"seed_played":"-7464223580271032838","potions_obtained":[{"floor":4,"key":"FearPotion"},{"floor":4,"key":"Energy Potion"},{"floor":8,"key":"PowerPotion"},{"floor":14,"key":"SpeedPotion"}],"is_trial":false,"path_per_floor":["M","?","$","?","M","E","R","E","T","E","M","R","M","?","R","B"],"character_chosen":"THE_SILENT","items_purchased":["Dash"],"campfire_rested":1,"item_purchase_floors":[3],"current_hp_per_floor":[59,39,39,39,39,39,39,34,34,20,20,20,20,12,31,0,0],"gold":244,"neow_bonus":"THREE_ENEMY_KILL","is_daily":false,"chose_seed":false,"campfire_upgraded":2,"win_rate":0.0,"timestamp":1608616124,"path_taken":["M","?","$","?","?","E","R","E","T","E","M","R","M","?","R","BOSS"],"items_purchased_type":["Card"],"build_version":"2020-12-13","purchased_purges":0,"victory":false,"max_hp_per_floor":[66,66,66,66,66,66,66,66,66,66,66,66,66,66,66,66,66],"card_choices":[{"not_picked":["Acrobatics","Poisoned Stab"],"picked":"Heel Hook","floor":1},{"not_picked":["Well Laid Plans","Sucker Punch"],"picked":"Dash","floor":5},{"not_picked":["Finisher","Cloak And Dagger"],"picked":"All Out Attack","floor":6},{"not_picked":["Underhanded Strike","Slice"],"picked":"Eviscerate","floor":8},{"not_picked":["Prepared","Outmaneuver"],"picked":"Tactician","floor":10},{"not_picked":["Blade Dance","Deflect"],"picked":"Underhanded Strike","floor":11},{"not_picked":["Poisoned Stab","Accuracy","Tactician"],"picked":"SKIP","floor":13},{"not_picked":["Dagger Spray","Skewer"],"picked":"Concentrate","floor":14}],"player_experience":1278685,"relics_obtained":[{"floor":6,"key":"Akabeko"},{"floor":8,"key":"MealTicket"},{"floor":9,"key":"Boot"},{"floor":10,"key":"Tiny Chest"},{"floor":14,"key":"Orichalcum"}],"event_choices":[{"damage_healed":0,"gold_gain":0,"player_choice":"Entered Light","damage_taken":20,"max_hp_gain":0,"max_hp_loss":0,"event_name":"Shining Light","floor":2,"gold_loss":0,"cards_upgraded":["Strike_G","Strike_G"]},{"damage_healed":0,"gold_gain":0,"player_choice":"Got Potions","damage_taken":0,"max_hp_gain":0,"max_hp_loss":0,"event_name":"Lab","floor":4,"gold_loss":0},{"damage_healed":0,"gold_gain":0,"player_choice":"Searched \u00271\u0027 times","damage_taken":0,"max_hp_gain":0,"max_hp_loss":0,"event_name":"Dead Adventurer","floor":14,"gold_loss":0}],"is_beta":false,"boss_relics":[],"items_purged_floors":[],"is_endless":false,"potions_floor_spawned":[5,6,8,14],"killed_by":"Slime Boss","ascension_level":17}}