{"host":"ec2wu4mdnvke243f","time":1608629157,"event":{"mods":["2.2 Compatiblity","AchievementEnabler","BaseMod","Defuse TimeMaze Blight","Downfall","Hermit","Infinite Spire","Minty Spire (QoL Compilation)","StSLib","The Cursed","The Disciple","The Jungle","The Servant 0.9.4"],"gold_per_floor":[99,113,128,228,240,240,240,240,260,96,96,81,93,119,135,135,135],"floor_reached":16,"playtime":787,"items_purged":[],"score":107,"play_id":"1db0b08e-cc60-46c0-bc26-b9ee039f77f4","local_time":"20201222102557","is_ascension_mode":true,"campfire_choices":[{"floor":1,"key":"RECALL"},{"data":"hermit:CursedWeapon","floor":6,"key":"SMITH"}],"circlet_count":0,"master_deck":["hermit:Strike_Hermit","hermit:Strike_Hermit","hermit:Strike_Hermit+1","hermit:Strike_Hermit","hermit:Defend_Hermit","hermit:Defend_Hermit","hermit:Defend_Hermit","hermit:Defend_Hermit+1","hermit:Snapshot","hermit:Covet","hermit:CursedWeapon+1","hermit:LuckOfTheDraw","hermit:Headshot","hermit:CursedWeapon","hermit:Coalescence+1","hermit:Ricochet","hermit:FinalCanter","Regret","hermit:FullyLoaded","hermit:Grudge","hermit:BlackWind","hermit:FlashPowder"],"relics":["hermit:Momento","hermit:Spyglass"],"acts_visited":["Exordium"],"potions_floor_usage":[14,16,16,16],"damage_taken":[{"damage":3,"enemies":"Jaw Worm","floor":2,"turns":3},{"damage":8,"enemies":"infinitespire:Voidling","floor":3,"turns":3},{"damage":3,"enemies":"Cultist","floor":5,"turns":3},{"damage":4,"enemies":"Blue Slaver","floor":9,"turns":2},{"damage":2,"enemies":"downfall:FleeingMerchant","floor":10,"turns":4},{"damage":4,"enemies":"downfall:FleeingMerchant","floor":12,"turns":4},{"damage":2,"enemies":"Exordium Wildlife","floor":13,"turns":2},{"damage":18,"enemies":"Gremlin Nob","floor":14,"turns":4},{"damage":2,"enemies":"2 Fungi Beasts","floor":15,"turns":1},{"damage":41,"enemies":"downfall:Defect","floor":16,"turns":4}],"seed_played":"-1558289451518000730","potions_obtained":[{"floor":2,"key":"Block Potion"},{"floor":5,"key":"EssenceOfSteel"},{"floor":13,"key":"Regen Potion"},{"floor":15,"key":"DistilledChaos"}],"is_trial":false,"path_per_floor":["R","M","M","?","M","R","T","?","M","$","?","$","M","E","M","B"],"character_chosen":"HERMIT","items_purchased":["hermit:FinalCanter"],"campfire_rested":0,"item_purchase_floors":[10],"current_hp_per_floor":[75,72,64,64,61,61,61,61,57,55,55,51,49,31,29,0,0],"gold":135,"neow_bonus":"THREE_CARDS","is_daily":false,"chose_seed":false,"campfire_upgraded":1,"win_rate":0.0,"timestamp":1608629157,"path_taken":["R","M","M","?","M","R","T","?","?","?","?","$","M","E","M","BOSS"],"items_purchased_type":["Card"],"build_version":"2020-12-13","purchased_purges":0,"victory":false,"max_hp_per_floor":[75,75,75,75,75,75,75,75,75,75,75,75,75,75,75,75,75],"card_choices":[{"not_picked":["hermit:Headshot","hermit:HighCaliber"],"picked":"hermit:CursedWeapon","floor":0},{"not_picked":["hermit:CursedWeapon","hermit:Snipe"],"picked":"hermit:LuckOfTheDraw","floor":2},{"not_picked":["hermit:TakeAim","hermit:Feint"],"picked":"hermit:Headshot","floor":3},{"not_picked":["hermit:Gestalt","hermit:Roulette"],"picked":"hermit:LoneWolf","floor":5},{"not_picked":["hermit:Horror","hermit:Midnight"],"picked":"hermit:Coalescence","floor":9},{"not_picked":["hermit:Misfire","hermit:Coalescence"],"picked":"hermit:Ricochet","floor":10},{"not_picked":["hermit:DeadMansHand","hermit:NoHoldsBarred"],"picked":"hermit:FullyLoaded","floor":12},{"not_picked":["hermit:Glare","hermit:Vantage"],"picked":"hermit:Grudge","floor":13},{"not_picked":["hermit:Determination","hermit:Maintenance"],"picked":"hermit:BlackWind","floor":14},{"not_picked":["hermit:ItchyTrigger","hermit:CursedWeapon"],"picked":"hermit:FlashPowder","floor":15}],"player_experience":519089,"relics_obtained":[{"floor":14,"key":"hermit:Spyglass"}],"event_choices":[{"damage_healed":0,"gold_gain":0,"cards_transformed":["hermit:LoneWolf"],"player_choice":"Transformed","damage_taken":0,"max_hp_gain":0,"max_hp_loss":0,"event_name":"Transmorgrifier","floor":8,"gold_loss":0,"cards_obtained":["hermit:CursedWeapon"]}],"is_beta":false,"boss_relics":[],"items_purged_floors":[],"is_endless":false,"potions_floor_spawned":[2,5,13,15],"killed_by":"downfall:Defect","ascension_level":1}}