{"host":"2brg86hfzr3u5cix","time":1608606564,"event":{"mods":["AchievementEnabler","Ascension Unlocker","BaseMod","CapriCore","DeckTracker","Highlight Path","Keyboard Shortcuts","Minty Spire (QoL Compilation)","Permanent Neow","Relic Stats","StSLib","Twitch Utils","Uncapped","UnlockEverythingMod"],"gold_per_floor":[116,135,146,196,208,240,240,253,253,263,263,263],"floor_reached":11,"playtime":325,"items_purged":[],"score":154,"play_id":"3df2effa-5388-4eb0-baff-4a0fbc12ea0a","local_time":"20201222120924","is_ascension_mode":true,"campfire_choices":[{"data":"Barrage","floor":7,"key":"SMITH"}],"circlet_count":0,"master_deck":["AscendersBane","Strike_B","Strike_B","Strike_B","Strike_B","Defend_B","Defend_B","Defend_B","Defend_B","Zap","Dualcast","Cold Snap","Barrage+1","Compile Driver","Sweeping Beam","Streamline","Turbo","Recycle"],"relics":["Cracked Core","Cables","Vajra"],"acts_visited":["Exordium"],"potions_floor_usage":[5,8,11],"damage_taken":[{"damage":1.0,"enemies":"Cultist","floor":1.0,"turns":3.0},{"damage":0.0,"enemies":"2 Louse","floor":2.0,"turns":3.0},{"damage":0,"enemies":"Jaw Worm","floor":3,"turns":3},{"damage":3,"enemies":"Red Slaver","floor":5,"turns":3},{"damage":53,"enemies":"Gremlin Nob","floor":6,"turns":6},{"damage":7,"enemies":"3 Louse","floor":8,"turns":2},{"damage":7,"enemies":"Looter","floor":10,"turns":3},{"damage":6,"enemies":"3 Sentries","floor":11,"turns":1}],"seed_played":"1601747999221767278","potions_obtained":[{"floor":2.0,"key":"SkillPotion"},{"floor":6,"key":"EssenceOfSteel"},{"floor":8,"key":"Fruit Juice"}],"is_trial":false,"path_per_floor":["M","M","M","?","M","E","R","M","T","M","E"],"character_chosen":"DEFECT","items_purchased":[],"campfire_rested":0,"item_purchase_floors":[],"current_hp_per_floor":[70,70,70,70,67,14,14,12,12,5,0,0],"gold":263,"neow_bonus":"TEN_PERCENT_HP_BONUS","is_daily":false,"chose_seed":false,"campfire_upgraded":1,"win_rate":0.0,"timestamp":1608606564,"path_taken":["M","M","?","?","M","E","R","?","T","M","E"],"items_purchased_type":[],"build_version":"2020-12-13","purchased_purges":0,"victory":false,"max_hp_per_floor":[78,78,78,78,78,78,78,83,83,83,83,83],"relic_stats":{"counters":[8,24],"obtain_stats":[{"Vajra":9,"Cracked Core":0,"Cables":6},{"Vajra":6,"Cracked Core":0,"Cables":5},{"Vajra":20,"Cracked Core":0,"Cables":18}],"Cables":[2,2,0,0,0]},"card_choices":[{"not_picked":["Reinforced Body","Hologram"],"picked":"Cold Snap","floor":1.0},{"not_picked":["Scrape","BootSequence"],"picked":"Barrage","floor":2.0},{"not_picked":["Redo","Rebound"],"picked":"Compile Driver","floor":3},{"not_picked":["Blizzard","Gash"],"picked":"Sweeping Beam","floor":5},{"not_picked":["Rebound","Cold Snap"],"picked":"Streamline","floor":6},{"not_picked":["Undo","Rip and Tear"],"picked":"Turbo","floor":8},{"not_picked":["Double Energy","Doom and Gloom"],"picked":"Recycle","floor":10}],"player_experience":304879,"relics_obtained":[{"floor":6,"key":"Cables"},{"floor":9,"key":"Vajra"}],"event_choices":[{"damage_healed":0,"gold_gain":50,"player_choice":"Pray","damage_taken":0,"max_hp_gain":0,"max_hp_loss":0,"event_name":"Golden Shrine","floor":4,"gold_loss":0}],"is_beta":false,"boss_relics":[],"items_purged_floors":[],"is_endless":false,"potions_floor_spawned":[2,6,8],"killed_by":"3 Sentries","ascension_level":20}}