{"host":"45yz5qp3g5urlpd5","time":1608603239,"event":{"mods":["Act Like it!","BaseMod","Colored Powertips","Gensokyo","Minty Spire (QoL Compilation)","Relic Stats","StSLib"],"gold_per_floor":[118,118,118,136,156,166,166,201,201,201,50,63,63,83,83,180,180,190,190,42,56,56,56,56,56],"floor_reached":24,"playtime":657,"items_purged":[],"score":233,"play_id":"fceac31b-71a4-48a1-b2f0-e22835e21893","local_time":"20201221211359","is_ascension_mode":true,"campfire_choices":[{"floor":10,"key":"REST"},{"data":"Wallop","floor":13,"key":"SMITH"},{"floor":15,"key":"REST"},{"data":"Dash","floor":23,"key":"SMITH"}],"circlet_count":0,"master_deck":["Strike_P","Strike_P","Strike_P","Strike_P","Defend_P","Defend_P","Defend_P","Defend_P","Eruption","Vigilance","ReachHeaven","Gensokyo:CrescentMoonSlash","Protect","Wallop+1","EmptyFist","Dash+1"],"relics":["PureWater","NeowsBlessing","Anchor","Yang","Pen Nib","Runic Pyramid","Matryoshka","ClockworkSouvenir","Frozen Eye"],"acts_visited":["Gensokyo:Gensokyo","Gensokyo:Gensokyoer"],"potions_floor_usage":[8,16,16,24],"damage_taken":[{"damage":0,"enemies":"Gensokyo:3_Fairies","floor":1,"turns":2},{"damage":0,"enemies":"Gensokyo:Gryphon","floor":4,"turns":1},{"damage":0,"enemies":"Gensokyo:Python","floor":5,"turns":1},{"damage":0,"enemies":"Gensokyo:2_Rabbits","floor":6,"turns":2},{"damage":32,"enemies":"Gensokyo:Mamizou","floor":8,"turns":9},{"damage":5,"enemies":"Gensokyo:5_Fairies","floor":12,"turns":4},{"damage":0,"enemies":"Gensokyo:3_Kodama","floor":14,"turns":1},{"damage":62,"enemies":"Gensokyo:Yukari","floor":16,"turns":8},{"damage":0,"enemies":"Gensokyo:AngelMirror","floor":18,"turns":3},{"damage":12,"enemies":"Gensokyo:CosmicMonolith","floor":21,"turns":4},{"damage":55,"enemies":"Gensokyo:Koishi","floor":24,"turns":6}],"seed_played":"-3399867694157960555","potions_obtained":[{"floor":1,"key":"Weak Potion"},{"floor":4,"key":"SkillPotion"},{"floor":12,"key":"Fire Potion"},{"floor":16,"key":"GamblersBrew"},{"floor":21,"key":"Weak Potion"}],"is_trial":false,"path_per_floor":["M","?","?","M","M","M","?","E","T","R","$","M","R","M","R","B",null,"M","?","$","M","?","R","E"],"character_chosen":"WATCHER","items_purchased":["Pen Nib","ClockworkSouvenir"],"campfire_rested":2,"item_purchase_floors":[11,20],"current_hp_per_floor":[72,65,65,65,65,65,58,26,26,47,47,42,42,42,63,1,72,72,67,67,55,55,55,0,0],"gold":56,"neow_bonus":"THREE_ENEMY_KILL","is_daily":false,"chose_seed":false,"campfire_upgraded":2,"win_rate":0.0,"timestamp":1608603239,"path_taken":["M","?","?","M","M","?","?","E","T","R","?","M","R","M","R","BOSS","M","?","?","M","?","R","E"],"items_purchased_type":["Relic","Relic"],"build_version":"2020-12-13","purchased_purges":0,"victory":false,"max_hp_per_floor":[72,72,72,72,72,72,72,72,72,72,72,72,72,72,72,72,72,72,67,67,67,67,67,67,67],"relic_stats":{"counters":[11,41],"Yang":[46],"Pen Nib":[4],"obtain_stats":[{"Frozen Eye":24,"Anchor":8,"Matryoshka":19,"NeowsBlessing":0,"Yang":9,"Pen Nib":11,"PureWater":0,"Runic Pyramid":17,"ClockworkSouvenir":20},{"Frozen Eye":10,"Anchor":5,"Matryoshka":9,"NeowsBlessing":0,"Yang":5,"Pen Nib":5,"PureWater":0,"Runic Pyramid":8,"ClockworkSouvenir":9},{"Frozen Eye":35,"Anchor":15,"Matryoshka":31,"NeowsBlessing":0,"Yang":15,"Pen Nib":15,"PureWater":0,"Runic Pyramid":28,"ClockworkSouvenir":31}]},"card_choices":[{"not_picked":["BattleHymn","MentalFortress"],"picked":"ReachHeaven","floor":1},{"not_picked":["BowlingBash","Evaluate","CutThroughFate"],"picked":"SKIP","floor":4},{"not_picked":["JustLucky","BowlingBash"],"picked":"Protect","floor":5},{"not_picked":["PathToVictory","DeceiveReality"],"picked":"Wallop","floor":6},{"not_picked":["Meditate","Fasting2"],"picked":"EmptyFist","floor":8},{"not_picked":["Swivel","WindmillStrike","Alpha"],"picked":"SKIP","floor":12},{"not_picked":["FlurryOfBlows","Worship","PathToVictory"],"picked":"SKIP","floor":14},{"not_picked":["PathToVictory+1","DeceiveReality","SignatureMove"],"picked":"SKIP","floor":18},{"not_picked":["BattleHymn","SashWhip+1","Sanctity+1"],"picked":"SKIP","floor":21}],"player_experience":254658,"relics_obtained":[{"floor":8,"key":"Anchor"},{"floor":9,"key":"Yang"}],"event_choices":[],"is_beta":false,"boss_relics":[{"not_picked":["Fusion Hammer","Runic Dome"],"picked":"Runic Pyramid"}],"items_purged_floors":[],"is_endless":false,"potions_floor_spawned":[1,4,12,16,21],"killed_by":"Gensokyo:Koishi","ascension_level":4}}