{"host":"8u40nq559zpgb6zp","time":1608596349,"event":{"mods":["Aspiration","Bard","BaseMod","Beaked The Cultist","Better Altar","Better Match","Better Note","Better Sensory Stone","Better Skull","Better Third Choice","BetterRewards","CCEM","Clawfect","Conspire","Duelist Mod","Googly Eyes","Halation","Hermit","Highlight Path","Infinite Spire","Jedi Mod","Jorbs\u0027s Wanderer Trilogy","Mad Scientist","Marisa（霧雨　魔理沙）","Minty Spire (QoL Compilation)","Permanent Neow","Replay The Spire","Shade Mod","Shop Mod","Spicy Shops","StSLib","The Bladedancer","The Construct","The Cursed","The Disciple","The Druid","The Gatherer","The Hierophant","The IronCluck","The Jungle","The Mystic","The Necromancer","The Runesmith","The Senshi","The Servant 0.9.4","The Spell Scribe","The Witch","slay the spire mod where everything is the same but ironclad has a cowboy hat"],"gold_per_floor":[110,130,144,163,204,204,234,250,277,277,277,294,325,295,295,392,392,406,406,424,424,437,437,638,638,638,638,638],"floor_reached":27,"playtime":4835,"items_purged":[],"score":223,"play_id":"07f77505-c268-4183-bf28-f32f6757e38d","local_time":"20201221191909","is_ascension_mode":false,"campfire_choices":[{"floor":6,"key":"DIG"},{"data":"Summon_Death_Knight","floor":11,"key":"SMITH"},{"floor":15,"key":"REST"},{"data":"Summon_Vampire_Lady","floor":23,"key":"SMITH"},{"data":"Thousand_Bone_Knives","floor":25,"key":"SMITH"}],"circlet_count":0,"master_deck":["Strike_W","Strike_W","Strike_W","Strike_W","Defend_W","Defend_W","Defend_W","Defend_W","Negative_Energy_Arrows","Bone_Wall","Thousand_Bone_Knives+1","Finger_Of_Death","Bone_Prison","Summon_Death_Knight+1","Negative_Energy_Sphere","Negative_Energy_Sphere","Regret","Summon_Vampire_Lady+1","Skeleton_Dragon","Sickly","Harmlessness","SwitchThreat","Scare","Negative_Energy_Sphere","Bones_to_Steel","Thousand_Bone_Knives"],"relics":["Vampire_Amulet","aspiration:Nostalgia","m_ScarletBlood","Shovel","aspiration:AnachronicSnailShell","jedi:cryingmask","jedi:shrinkray","aspiration:EmptySkull","Replay:Ancient Bell","Bag of Preparation","Runesmith:Nanobots","Ginger","CCEMRelics:GrapeVine","InkBottle"],"acts_visited":["Exordium","TheCity"],"potions_floor_usage":[7,7,16,16,16],"damage_taken":[{"damage":1,"enemies":"2 Louse","floor":1,"turns":4},{"damage":0,"enemies":"Small Slimes","floor":2,"turns":4},{"damage":10,"enemies":"infinitespire:Voidling","floor":3,"turns":6},{"damage":21,"enemies":"Large Slime","floor":4,"turns":8},{"damage":13,"enemies":"conspire:MimicChest","floor":5,"turns":8},{"damage":19,"enemies":"3 Sentries","floor":7,"turns":8},{"damage":1,"enemies":"3 Louse","floor":8,"turns":4},{"damage":10,"enemies":"Exordium Thugs","floor":12,"turns":4},{"damage":12,"enemies":"Lagavulin","floor":13,"turns":8},{"damage":17,"enemies":"The Guardian","floor":16,"turns":13},{"damage":17,"enemies":"3 Byrds","floor":18,"turns":6},{"damage":9,"enemies":"Shell Parasite","floor":20,"turns":5},{"damage":23,"enemies":"Centurion and Healer","floor":22,"turns":9},{"damage":0,"enemies":"Book of Stabbing","floor":27,"turns":2}],"seed_played":"2370806354009812612","potions_obtained":[{"floor":3,"key":"Explosive Potion"},{"floor":5,"key":"FearPotion"},{"floor":13,"key":"Energy Potion"},{"floor":14,"key":"Reflective Coating"},{"floor":14,"key":"SteroidPotion"},{"floor":22,"key":"Fire Potion"}],"is_trial":false,"path_per_floor":["M","M","M","M","?","R","E","M","T","?","R","M","E","?","R","B",null,"M","?","M","?","M","R","?","R","T","E"],"character_chosen":"NECROMANCER","items_purchased":[],"campfire_rested":1,"item_purchase_floors":[],"current_hp_per_floor":[75,75,67,50,39,39,26,31,31,31,31,25,15,15,37,46,75,64,64,57,57,56,56,38,38,38,38,38],"gold":638,"neow_bonus":"NOSTALGIA","is_daily":false,"chose_seed":false,"campfire_upgraded":3,"win_rate":0.0,"timestamp":1608596349,"path_taken":["M","M","M","M","?","R","E","?","T","?","R","M","E","?","R","BOSS","M","?","?","?","?","R","?","R","T","E"],"items_purchased_type":[],"build_version":"2020-12-13","purchased_purges":0,"victory":false,"max_hp_per_floor":[75,75,75,75,75,75,75,75,75,75,75,75,75,75,75,75,75,75,75,75,75,75,75,75,75,75,75,75],"card_choices":[{"not_picked":["Blood_Is_Power","Heavy Blade","Thousand_Bone_Knives"],"picked":"SKIP","floor":1},{"not_picked":["Consume_Illness","Blood_Whip"],"picked":"Thousand_Bone_Knives","floor":2},{"not_picked":["Vampiric_Strike","Violent_Necrosis"],"picked":"Finger_Of_Death","floor":3},{"not_picked":["Blood_Whip","Corrupt"],"picked":"Bone_Prison","floor":4},{"not_picked":["Necrotic_Claws","Corrupt"],"picked":"Summon_Death_Knight","floor":5},{"not_picked":["Life_Tap","Negative_Energy_Shield"],"picked":"Negative_Energy_Sphere","floor":7},{"not_picked":["Vampiric_Strike","Negative_Energy_Shield"],"picked":"Negative_Energy_Sphere","floor":8},{"not_picked":["Shackles_Of_Pain","Consume_Illness","Flex"],"picked":"SKIP","floor":12},{"not_picked":["Siphon_Strength","Limit Break"],"picked":"Summon_Vampire_Lady","floor":13},{"not_picked":["Reap_The_Weak","Cloudkill"],"picked":"Skeleton_Dragon","floor":16},{"not_picked":["theDuelist:GravekeeperCurse","Replay:Sluggish"],"picked":"Sickly","floor":17},{"not_picked":["Writhe","Replay:Hysterical Blindness"],"picked":"Harmlessness","floor":17},{"not_picked":["SwitchConfidence","Delirium"],"picked":"SwitchThreat","floor":17},{"not_picked":["Shackles_Of_Pain","Blood_Is_Power+1"],"picked":"Scare","floor":18},{"not_picked":["Bones_to_Steel","Bone_Bullets"],"picked":"Negative_Energy_Sphere","floor":20},{"not_picked":["Exploit","Death_Knell"],"picked":"Bones_to_Steel","floor":22},{"not_picked":["Exploit","Negative_Energy_Mist+1"],"picked":"Thousand_Bone_Knives","floor":24}],"player_experience":912189,"relics_obtained":[{"floor":5,"key":"Shovel"},{"floor":6,"key":"aspiration:AnachronicSnailShell"},{"floor":7,"key":"jedi:cryingmask"},{"floor":13,"key":"aspiration:EmptySkull"},{"floor":26,"key":"InkBottle"}],"event_choices":[{"damage_healed":0,"gold_gain":0,"player_choice":"Box","damage_taken":0,"relics_obtained":["jedi:shrinkray"],"max_hp_gain":0,"max_hp_loss":0,"event_name":"Big Fish","floor":10,"gold_loss":0,"cards_obtained":["Regret"]},{"damage_healed":0,"gold_gain":0,"player_choice":"Bought 2 Potions","damage_taken":0,"max_hp_gain":0,"max_hp_loss":0,"event_name":"The Woman in Blue","floor":14,"gold_loss":0},{"damage_healed":0,"gold_gain":0,"player_choice":"Ignored","damage_taken":0,"max_hp_gain":0,"max_hp_loss":0,"event_name":"betterNote:BetterNote","floor":19,"gold_loss":0,"cards_obtained":["Strike_W"]}],"is_beta":false,"boss_relics":[{"not_picked":["ReplayTheSpireMod:SealedPack","aspiration:RunesmithSkillbook"],"picked":"Replay:Ancient Bell"},{"not_picked":["Art of War","Boot"],"picked":"Bag of Preparation"},{"not_picked":["conspire:Flyswatter","infinitespire:ShieldingShard"],"picked":"Runesmith:Nanobots"},{"not_picked":["Red Skull","CCEMRelics:OldTooth"],"picked":"Ginger"}],"items_purged_floors":[],"is_endless":false,"potions_floor_spawned":[3,5,13,22],"killed_by":"Book of Stabbing","ascension_level":0}}