{"host":"wppa8gky53tnknhf","time":1608640855,"event":{"mods":["AchievementEnabler","Act Like it!","BaseMod","Better Third Choice","BetterRewards","Card Forge","Colored Powertips","Energized Spire","Hubris","Infinite Spire","Marked Mod","Minty Spire (QoL Compilation)","Permanent Neow","Quick Restart","Rare Cards Sparkle","Relic Stats","Remove Card Discount Mod","Replay The Spire","Spikes Relics","Spire Birthday Party","StSLib"],"gold_per_floor":[110,110,176,176,190,215,215,249,249,262,276,295,311,331,331,426,426,446,457,469,1,11,11,40,55,55,80,94,94,9,24,24,129,129,140,159,178,478,495,523,540,566,592,592,592,592,623,623,623,623,623,623,209,235,235,235],"floor_reached":55,"playtime":1735,"items_purged":[],"score":872,"play_id":"60435a75-b96b-44db-9cfb-35ece3c17607","local_time":"20201222124055","is_ascension_mode":true,"campfire_choices":[{"floor":7.0,"key":"RECALL"},{"floor":15.0,"key":"REST"},{"floor":23.0,"key":"REST"},{"floor":29.0,"key":"REST"},{"floor":32.0,"key":"REST"},{"floor":44.0,"key":"REST"},{"floor":46.0,"key":"REST"},{"floor":49.0,"key":"REST"},{"floor":52.0,"key":"REST"}],"circlet_count":0,"master_deck":["Strike_G+1","Strike_G+1","Strike_G+1","Strike_G+1","Strike_G+1","Defend_G+1","Defend_G+1","Defend_G+1","Defend_G+1","Defend_G+1","Survivor+1","Neutralize+1","Masterful Stab+1","Noxious Fumes+1","Finisher+1","Slice+1","All Out Attack+1","Backstab+1","Flechettes+1","Flechettes+1","Quick Slash+1","Fluid Movement+1","After Image+1","Poisoned Stab+1","Footwork+1","Footwork+1","Dagger Spray+1","Slice+1","Dodge and Roll+1","Choke+1","Deadly Poison+1","Pot Of Greed+1","Pot Of Greed+1","Pot Of Greed+1","Riddle With Holes+1","Draining Mist+1","ShadowRift+1","infinitespire:Neurotoxin+1","Poisoned Stab+1","Pot Of Greed+1","Bane+1","ReplayTheSpireMod:Speed Training+1","Crippling Poison+1","ReplayTheSpireMod:Exploit Weakness+1","Deadly Poison+1","infinitespire:DeathsTouch+1","Dagger Spray+1","Poisoned Stab+1","Dagger Spray+1","Pot Of Greed+1","Bane+1"],"relics":["Hammer of Thor","Seething Fire","Anvil of the Gods","Cursed Key","Oddly Smooth Stone","White Beast Statue","Pantograph","Fusion Hammer","hubris:CuriousFeather","Grinning Jar","Darkstone Periapt","Mango","Bag of Marbles","Art of War","Orichalcum","HandDrill","Replay:Baseball","infinitespire:Beetle Shell"],"acts_visited":["Exordium","TheCity","TheBeyond","TheEnding"],"potions_floor_usage":[54,55,55],"damage_taken":[{"damage":0.0,"enemies":"Cultist","floor":1.0,"turns":3.0},{"damage":0.0,"enemies":"2 Louse","floor":5.0,"turns":2.0},{"damage":4.0,"enemies":"Gremlin Nob","floor":6.0,"turns":3.0},{"damage":0.0,"enemies":"Lagavulin","floor":8.0,"turns":4.0},{"damage":0.0,"enemies":"Jaw Worm","floor":10.0,"turns":1.0},{"damage":0.0,"enemies":"Large Slime","floor":11.0,"turns":4.0},{"damage":4.0,"enemies":"Red Slaver","floor":12.0,"turns":2.0},{"damage":0.0,"enemies":"Exordium Wildlife","floor":13.0,"turns":3.0},{"damage":0.0,"enemies":"Looter","floor":14.0,"turns":1.0},{"damage":24.0,"enemies":"The Guardian","floor":16.0,"turns":11.0},{"damage":0.0,"enemies":"Chosen","floor":18.0,"turns":3.0},{"damage":2.0,"enemies":"2 Thieves","floor":19.0,"turns":3.0},{"damage":7.0,"enemies":"Cultist and Chosen","floor":20.0,"turns":6.0},{"damage":20.0,"enemies":"Centurion and Healer","floor":22.0,"turns":3.0},{"damage":5.0,"enemies":"Gremlin Leader","floor":24.0,"turns":5.0},{"damage":3.0,"enemies":"Snecko","floor":25.0,"turns":4.0},{"damage":6.0,"enemies":"Book of Stabbing","floor":27.0,"turns":3.0},{"damage":6.0,"enemies":"Chosen and Byrds","floor":28.0,"turns":4.0},{"damage":3.0,"enemies":"Centurion and Healer","floor":31.0,"turns":4.0},{"damage":0.0,"enemies":"Automaton","floor":33.0,"turns":6.0},{"damage":2.0,"enemies":"3 Shapes","floor":35.0,"turns":5.0},{"damage":10.0,"enemies":"Orb Walker","floor":36.0,"turns":3.0},{"damage":17.0,"enemies":"Spire Growth","floor":37.0,"turns":4.0},{"damage":15.0,"enemies":"Sphere and 2 Shapes","floor":39.0,"turns":4.0},{"damage":11.0,"enemies":"Reptomancer","floor":40.0,"turns":5.0},{"damage":5.0,"enemies":"3 Darklings","floor":41.0,"turns":4.0},{"damage":10.0,"enemies":"Giant Head","floor":42.0,"turns":6.0},{"damage":4.0,"enemies":"Reptomancer","floor":47.0,"turns":8.0},{"damage":55.0,"enemies":"Replay:Hell Engine","floor":50.0,"turns":10.0},{"damage":73,"enemies":"Shield and Spear","floor":54,"turns":6},{"damage":54,"enemies":"The Heart","floor":55,"turns":3}],"seed_played":"-2923190269832702708","potions_obtained":[{"floor":3.0,"key":"Regen Potion"},{"floor":5.0,"key":"SkillPotion"},{"floor":8.0,"key":"Regen Potion"},{"floor":10.0,"key":"SkillPotion"},{"floor":11.0,"key":"PowerPotion"},{"floor":12.0,"key":"LifebloodPotion"},{"floor":13.0,"key":"Swift Potion"},{"floor":16.0,"key":"BlessingOfTheForge"},{"floor":18.0,"key":"Dexterity Potion"},{"floor":19.0,"key":"PowerPotion"},{"floor":20.0,"key":"AttackPotion"},{"floor":22.0,"key":"FearPotion"},{"floor":24.0,"key":"CunningPotion"},{"floor":28.0,"key":"DistilledChaos"},{"floor":31.0,"key":"PowerPotion"},{"floor":33.0,"key":"Milkshake"},{"floor":35.0,"key":"FearPotion"},{"floor":36.0,"key":"CunningPotion"},{"floor":37.0,"key":"SkillPotion"},{"floor":39.0,"key":"SkillPotion"},{"floor":40.0,"key":"PowerPotion"},{"floor":41.0,"key":"CunningPotion"},{"floor":42.0,"key":"ColorlessPotion"},{"floor":47.0,"key":"SpeedPotion"},{"floor":54,"key":"GamblersBrew"}],"is_trial":false,"path_per_floor":["M","?","?","?","M","E","R","E","T","M","M","M","M","M","R","B",null,"M","M","M","$","M","R","E","M","T","E","M","R","?","M","R","B",null,"M","M","M","?","M","E","M","E","T","R","?","R","E","?","R","B",null,"R","$","E","B"],"character_chosen":"THE_SILENT","items_purchased":["Footwork","hubris:CuriousFeather","Dagger Spray","Slice","HandDrill","Replay:Baseball","Poisoned Stab","Dagger Spray","AttackPotion"],"campfire_rested":8,"item_purchase_floors":[21,21,21,21,53,53,53,53,53],"current_hp_per_floor":[70,70,70,70,70,66,66,66,66,66,66,62,62,62,70,46,70,70,68,61,61,41,62,57,54,54,57,51,70,70,67,70,70,70,68,58,41,41,26,29,24,14,20,47,59,89,85,85,102,47,102,102,102,29,0,0],"gold":235,"neow_bonus":"BOSS_RELIC","is_daily":false,"chose_seed":false,"campfire_upgraded":0,"win_rate":0.0,"timestamp":1608640855,"path_taken":["M","?","?","?","M","E","R","E","T","M","M","M","?","M","R","BOSS","M","M","M","$","M","R","E","M","T","E","M","R","?","M","R","BOSS","M","M","M","?","?","E","M","E","T","R","?","R","E","?","R","BOSS","R","$","E","BOSS"],"items_purchased_type":["Card","Relic","Card","Card","Relic","Relic","Card","Card","Potion"],"build_version":"2020-12-13","purchased_purges":0,"victory":false,"max_hp_per_floor":[70,70,70,70,70,70,70,70,70,70,70,70,70,70,70,70,70,70,70,70,70,70,70,70,70,70,70,70,70,70,70,70,70,70,70,70,70,70,70,84,84,84,90,90,102,102,102,102,102,102,102,102,102,102,102,102],"relic_stats":{"Darkstone Periapt":18,"counters":[31,133],"Pantograph":25,"Art of War":[1],"HandDrill":[0],"Orichalcum":[12],"Cursed Key":3,"obtain_stats":[{"Darkstone Periapt":30,"Oddly Smooth Stone":3,"Mango":40,"Hammer of Thor":0,"infinitespire:Beetle Shell":54,"Seething Fire":0,"Orichalcum":47,"Cursed Key":0,"White Beast Statue":6,"Replay:Baseball":53,"Anvil of the Gods":0,"Pantograph":9,"Fusion Hammer":17,"hubris:CuriousFeather":21,"Bag of Marbles":42,"Art of War":43,"HandDrill":53,"Grinning Jar":27,"Ring of the Snake":0},{"Darkstone Periapt":18,"Oddly Smooth Stone":1,"Mango":25,"Hammer of Thor":0,"infinitespire:Beetle Shell":30,"Seething Fire":0,"Orichalcum":28,"Cursed Key":0,"White Beast Statue":3,"Replay:Baseball":29,"Anvil of the Gods":0,"Pantograph":4,"Fusion Hammer":10,"hubris:CuriousFeather":13,"Bag of Marbles":27,"Art of War":27,"HandDrill":29,"Grinning Jar":17,"Ring of the Snake":0},{"Darkstone Periapt":65,"Oddly Smooth Stone":3,"Mango":96,"Hammer of Thor":0,"infinitespire:Beetle Shell":130,"Seething Fire":0,"Orichalcum":114,"Cursed Key":0,"White Beast Statue":8,"Replay:Baseball":124,"Anvil of the Gods":0,"Pantograph":12,"Fusion Hammer":34,"hubris:CuriousFeather":46,"Bag of Marbles":106,"Art of War":106,"HandDrill":124,"Grinning Jar":61,"Ring of the Snake":0}]},"card_choices":[{"not_picked":["Tactician","ReplayTheSpireMod:The Works"],"picked":"Masterful Stab","floor":1.0},{"not_picked":["Deflect","ReplayTheSpireMod:Scrap Shanks"],"picked":"Finisher","floor":3.0},{"not_picked":["Backflip","Hidden Blade"],"picked":"Slice","floor":3.0},{"not_picked":["Well Laid Plans","Tactician"],"picked":"All Out Attack","floor":5.0},{"not_picked":["Dodge and Roll","Cloak And Dagger"],"picked":"Backstab","floor":6.0},{"not_picked":["Replay:Poison Smokescreen","Dash"],"picked":"Flechettes","floor":8.0},{"not_picked":["Quick Slash","Cloak And Dagger","Underhanded Strike"],"picked":"SKIP","floor":10.0},{"not_picked":["Reflex","Accuracy"],"picked":"Flechettes","floor":11.0},{"not_picked":["Pace","Dagger Throw","Underhanded Strike"],"picked":"SKIP","floor":12.0},{"not_picked":["Underhanded Strike","Hidden Blade"],"picked":"Quick Slash","floor":13.0},{"not_picked":["Cloak And Dagger","ReplayTheSpireMod:Shiv Toss"],"picked":"Fluid Movement","floor":14.0},{"not_picked":["ReplayTheSpireMod:From All Sides","Malaise"],"picked":"After Image","floor":16.0},{"not_picked":["ShadowRift","Backstab","PiercingWail"],"picked":"SKIP","floor":18.0},{"not_picked":["Acrobatics+1","Accuracy+1","Prepared"],"picked":"SKIP","floor":19.0},{"not_picked":["PiercingWail","Predator"],"picked":"Poisoned Stab","floor":20.0},{"not_picked":["Acrobatics","Sucker Punch+1"],"picked":"Dodge and Roll","floor":22.0},{"not_picked":["PiercingWail","Blur"],"picked":"Choke","floor":24.0},{"not_picked":["Outmaneuver","Dagger Spray"],"picked":"Deadly Poison","floor":25.0},{"not_picked":["Deadly Poison+1","Sucker Punch"],"picked":"Riddle With Holes+1","floor":27.0},{"not_picked":["Bane","Outmaneuver"],"picked":"Draining Mist","floor":28.0},{"not_picked":["Quick Slash","Poisoned Stab"],"picked":"ShadowRift","floor":31.0},{"not_picked":["Poison Darts","Atom Bomb"],"picked":"infinitespire:Neurotoxin","floor":33.0},{"not_picked":["Deflect+1","Hidden Blade+1"],"picked":"Poisoned Stab+1","floor":35.0},{"not_picked":["Endless Agony+1","Underhanded Strike+1"],"picked":"Bane","floor":36.0},{"not_picked":["Slice","Infinite Blades"],"picked":"ReplayTheSpireMod:Speed Training","floor":37.0},{"not_picked":["Escape Plan","Predator","Backflip+1"],"picked":"SKIP","floor":39.0},{"not_picked":["Slice","Outmaneuver"],"picked":"Crippling Poison","floor":40.0},{"not_picked":["Cloak And Dagger","Outmaneuver+1"],"picked":"ReplayTheSpireMod:Exploit Weakness","floor":41.0},{"not_picked":["Fluid Movement+1","Toxin Wave"],"picked":"Deadly Poison+1","floor":42.0},{"not_picked":["infinitespire:NeuralNetwork","infinitespire:SealOfDarkness+"],"picked":"infinitespire:DeathsTouch","floor":45.0},{"not_picked":["Glass Knife","Pace"],"picked":"Dagger Spray+1","floor":47.0},{"not_picked":["hubris:SlightOfHand+1","Reflex"],"picked":"Bane+1","floor":54}],"player_experience":674903,"relics_obtained":[{"floor":3.0,"key":"Oddly Smooth Stone"},{"floor":6.0,"key":"White Beast Statue"},{"floor":9.0,"key":"Pantograph"},{"floor":27.0,"key":"Grinning Jar"},{"floor":40.0,"key":"Mango"},{"floor":42.0,"key":"Bag of Marbles"},{"floor":43.0,"key":"Art of War"},{"floor":47.0,"key":"Orichalcum"},{"floor":54,"key":"infinitespire:Beetle Shell"}],"event_choices":[{"damage_healed":0.0,"max_hp_gain":0.0,"max_hp_loss":0.0,"gold_gain":0.0,"event_name":"NoteForYourself","player_choice":"Ignored","floor":4.0,"gold_loss":0.0,"damage_taken":0.0},{"damage_healed":0.0,"max_hp_gain":0.0,"max_hp_loss":0.0,"gold_gain":0.0,"event_name":"Addict","player_choice":"Obtained Relic","floor":30.0,"gold_loss":85.0,"damage_taken":0.0,"relics_obtained":["Darkstone Periapt"]},{"damage_healed":0.0,"max_hp_gain":0.0,"max_hp_loss":0.0,"gold_gain":300.0,"event_name":"Wheel of Change","player_choice":"Gold","floor":38.0,"gold_loss":0.0,"damage_taken":0.0},{"damage_healed":0.0,"max_hp_gain":0.0,"max_hp_loss":0.0,"gold_gain":0.0,"event_name":"The Woman in Blue","player_choice":"Bought 0 Potions","floor":48.0,"gold_loss":0.0,"damage_taken":0.0}],"is_beta":false,"boss_relics":[{"not_picked":["ReplayTheSpireMod:SealedPack","Replay:Grab Bag"],"picked":"Fusion Hammer"},{"not_picked":["hubris:HollowSoul","Sozu","Replay:Drink Me"]}],"items_purged_floors":[],"is_endless":false,"potions_floor_spawned":[5,8,10,11,12,13,14,16,18,19,20,22,24,25,27,28,31,33,35,36,37,39,40,41,42,47,54],"killed_by":"The Heart","ascension_level":1}}