{"host":"svab9sudlrudptws","time":1608670702,"event":{"mods":["BaseMod","Colored Powertips","Minty Spire (QoL Compilation)","Robot Space Explorer","Shade Mod","StSLib","The Blackbeard","The Mystic","The Necromancer","The Poker Player","The Servant 0.9.4"],"gold_per_floor":[111,129,144,144,157,186,186,219,219,249,104,167,184,196,196,295,295,306,320,340,356,108,138,138,165,165,500,500,500,518,546,546,648,648,659,678,678,678,678,709,736,588,613,284,300,331,331,344,344,344,344,344,44,72,72],"floor_reached":56,"playtime":6253,"items_purged":[],"score":1517,"play_id":"776671e9-15ee-4c01-871c-9e97815a4f6f","local_time":"20201222225822","is_ascension_mode":true,"campfire_choices":[{"data":"mysticmod:MagicWeapon","floor":15,"key":"SMITH"},{"data":"mysticmod:ArcaneAccuracy","floor":24,"key":"SMITH"},{"data":"mysticmod:MysticalShield","floor":28,"key":"SMITH"},{"data":"mysticmod:MightyMagic","floor":32,"key":"SMITH"},{"floor":47,"key":"RECALL"},{"data":"Apotheosis","floor":49,"key":"SMITH"},{"data":"mysticmod:PunishingArmor","floor":52,"key":"SMITH"}],"circlet_count":0,"master_deck":["mysticmod:Defend_Mystic","mysticmod:Defend_Mystic","mysticmod:Defend_Mystic","mysticmod:Defend_Mystic","mysticmod:ArcaneDodge","mysticmod:ShockingGrasp","mysticmod:Feint","mysticmod:ArcaneAccuracy+1","mysticmod:Riposte","mysticmod:LightningBolt","mysticmod:CureLightWounds","mysticmod:GreaterInvisibility","mysticmod:MagicWeapon+1","mysticmod:PunishingArmor+1","mysticmod:CureLightWounds","mysticmod:ObscuringMist","mysticmod:HeavyStrike+1","mysticmod:Spellstrike+1","mysticmod:HunkerDown+1","mysticmod:Sideswipe","mysticmod:MightyMagic+1","mysticmod:MysticalShield+1","mysticmod:GreaterInvisibility","Panacea","Blind","mysticmod:Sideswipe+1","mysticmod:PunishingArmor+1","Apotheosis+1","mysticmod:Stoneskin","mysticmod:MagicMissile+1"],"relics":["mysticmod:BlessedBook","PreservedInsect","Letter Opener","Gremlin Horn","Anchor","Incense Burner","InkBottle","Happy Flower","Bottled Tornado","Astrolabe","Shuriken","WingedGreaves","Tiny Chest","Old Coin","MutagenicStrength","Mummified Hand","Smiling Mask","Kunai","Nunchaku","mysticmod:BentSpoon","Ancient Tea Set","Bronze Scales","HornCleat","Pear","Ginger"],"acts_visited":["Exordium","TheCity","TheBeyond","TheEnding"],"potions_floor_usage":[18,25,55,55,55],"damage_taken":[{"damage":0,"enemies":"2 Louse","floor":1,"turns":2},{"damage":0,"enemies":"Jaw Worm","floor":2,"turns":3},{"damage":2,"enemies":"Small Slimes","floor":3,"turns":3},{"damage":3,"enemies":"3 Louse","floor":5,"turns":4},{"damage":14,"enemies":"Gremlin Nob","floor":6,"turns":4},{"damage":18,"enemies":"Lagavulin","floor":8,"turns":7},{"damage":3,"enemies":"Gremlin Nob","floor":10,"turns":4},{"damage":0,"enemies":"Lagavulin Event","floor":12,"turns":5},{"damage":0,"enemies":"2 Fungi Beasts","floor":13,"turns":2},{"damage":2,"enemies":"Large Slime","floor":14,"turns":5},{"damage":2,"enemies":"Hexaghost","floor":16,"turns":9},{"damage":5,"enemies":"2 Thieves","floor":18,"turns":3},{"damage":0,"enemies":"Chosen","floor":19,"turns":5},{"damage":1,"enemies":"3 Cultists","floor":20,"turns":4},{"damage":5,"enemies":"Shelled Parasite and Fungi","floor":21,"turns":5},{"damage":6,"enemies":"Book of Stabbing","floor":23,"turns":6},{"damage":0,"enemies":"Gremlin Leader","floor":25,"turns":5},{"damage":5,"enemies":"Slavers","floor":27,"turns":4},{"damage":1,"enemies":"Snecko","floor":30,"turns":4},{"damage":6,"enemies":"Book of Stabbing","floor":31,"turns":5},{"damage":18,"enemies":"Collector","floor":33,"turns":9},{"damage":0,"enemies":"Orb Walker","floor":35,"turns":3},{"damage":0,"enemies":"3 Darklings","floor":36,"turns":5},{"damage":12,"enemies":"Nemesis","floor":40,"turns":5},{"damage":0,"enemies":"Reptomancer","floor":41,"turns":3},{"damage":0,"enemies":"Spire Growth","floor":45,"turns":6},{"damage":3,"enemies":"Giant Head","floor":46,"turns":7},{"damage":0,"enemies":"Jaw Worm Horde","floor":48,"turns":3},{"damage":0,"enemies":"Awakened One","floor":50,"turns":11},{"damage":0,"enemies":"Shield and Spear","floor":54,"turns":5},{"damage":39,"enemies":"The Heart","floor":55,"turns":8}],"seed_played":"5968304940197730190","potions_obtained":[{"floor":3,"key":"Explosive Potion"},{"floor":5,"key":"DistilledChaos"},{"floor":6,"key":"CultistPotion"},{"floor":13,"key":"mysticmod:EssenceOfMagic"},{"floor":19,"key":"SpeedPotion"},{"floor":20,"key":"EssenceOfSteel"},{"floor":27,"key":"SpeedPotion"},{"floor":31,"key":"Swift Potion"},{"floor":35,"key":"LiquidBronze"}],"is_trial":false,"path_per_floor":["M","M","M","?","M","E","T","E","T","E","$","?","M","M","R","B",null,"M","M","M","M","$","E","R","E","T","E","R","?","M","E","R","B",null,"M","M","?","?","T","E","E","$","T","$","M","E","R","M","R","B",null,"R","$","E","B",null],"character_chosen":"MYSTIC_CLASS","items_purchased":["Happy Flower","Shuriken","mysticmod:BentSpoon","Bronze Scales","Apotheosis","Pear","PowerPotion"],"campfire_rested":0,"item_purchase_floors":[11,22,42,44,44,53,53],"current_hp_per_floor":[77,77,75,68,65,51,51,36,36,33,33,36,38,44,44,50,77,75,77,77,75,75,72,72,77,77,74,74,74,75,73,73,61,77,77,77,67,67,67,57,60,60,60,60,68,71,71,73,73,73,73,73,83,83,47],"gold":72,"neow_bonus":"RANDOM_COMMON_RELIC","is_daily":false,"chose_seed":false,"campfire_upgraded":6,"win_rate":0.0,"timestamp":1608670702,"path_taken":["M","M","M","?","M","E","?","E","T","E","$","?","?","M","R","BOSS","M","M","M","M","$","E","R","E","T","E","R","?","M","E","R","BOSS","M","M","?","?","?","E","E","$","T","$","M","E","R","M","R","BOSS","R","$","E","BOSS"],"items_purchased_type":["Relic","Relic","Relic","Relic","Card","Relic","Potion"],"build_version":"2020-12-13","purchased_purges":0,"victory":true,"max_hp_per_floor":[77,77,77,77,77,77,77,77,77,77,77,77,77,77,77,77,77,77,77,77,77,77,77,77,77,77,77,77,77,77,77,77,77,77,77,77,77,73,73,73,73,73,73,73,73,73,73,73,73,73,73,73,83,83,83],"card_choices":[{"not_picked":["mysticmod:Sideswipe","mysticmod:ComponentsPouch"],"picked":"mysticmod:Feint","floor":1},{"not_picked":["mysticmod:Sideswipe","mysticmod:Disengage"],"picked":"mysticmod:ArcaneAccuracy","floor":2},{"not_picked":["mysticmod:EnergizedRift","mysticmod:ComboCaster"],"picked":"mysticmod:Riposte","floor":3},{"not_picked":["mysticmod:Shield","mysticmod:MagicMissile"],"picked":"mysticmod:LightningBolt","floor":5},{"not_picked":["mysticmod:Riposte","mysticmod:PureInstinct"],"picked":"mysticmod:CureLightWounds","floor":6},{"not_picked":["mysticmod:ComponentsPouch","mysticmod:ClosingBarrage"],"picked":"mysticmod:GreaterInvisibility","floor":8},{"not_picked":["mysticmod:ChargedParry","mysticmod:Shield"],"picked":"mysticmod:MagicWeapon","floor":10},{"not_picked":["mysticmod:EnergizedRift","mysticmod:Shield"],"picked":"mysticmod:PunishingArmor","floor":12},{"not_picked":["mysticmod:ComponentsPouch","mysticmod:HeavyStrike"],"picked":"mysticmod:CureLightWounds","floor":13},{"not_picked":["mysticmod:PureInstinct","mysticmod:BulkUp","mysticmod:Disengage"],"picked":"SKIP","floor":14},{"not_picked":["mysticmod:SpontaneousCaster","mysticmod:SpellRecall"],"picked":"mysticmod:ObscuringMist","floor":16},{"not_picked":["mysticmod:SuddenClarity","mysticmod:Snowball","mysticmod:PowerSlash"],"picked":"SKIP","floor":18},{"not_picked":["mysticmod:PureInstinct+1","mysticmod:DiviningBlow"],"picked":"mysticmod:Sideswipe","floor":19},{"not_picked":["mysticmod:LightningBolt","mysticmod:Snowball","mysticmod:Daze"],"picked":"SKIP","floor":20},{"not_picked":["mysticmod:Grease","mysticmod:PowerSlash+1","mysticmod:Snowball+1"],"picked":"SKIP","floor":21},{"not_picked":["mysticmod:EnergizedRift+1","mysticmod:SuddenClarity+1"],"picked":"mysticmod:MightyMagic","floor":23},{"not_picked":["mysticmod:Probe","mysticmod:HunkerDown","mysticmod:Disengage"],"picked":"SKIP","floor":25},{"not_picked":["mysticmod:HunkerDown","mysticmod:DiviningBlow+1"],"picked":"mysticmod:MysticalShield","floor":27},{"not_picked":["mysticmod:LightningBolt","mysticmod:StyleChange","mysticmod:HeavyStrike"],"picked":"SKIP","floor":30},{"not_picked":["mysticmod:MagicMissile","mysticmod:Grapple","mysticmod:Flourish"],"picked":"SKIP","floor":31},{"not_picked":["mysticmod:Disintegrate","mysticmod:MysticalShield"],"picked":"mysticmod:GreaterInvisibility","floor":33},{"not_picked":["mysticmod:PreparedCaster","mysticmod:EarthenWall","mysticmod:PowerSlash"],"picked":"SKIP","floor":35},{"not_picked":["mysticmod:TomeOfSpells","mysticmod:Riposte+1","mysticmod:Daze+1"],"picked":"SKIP","floor":36},{"not_picked":["Enlightenment","Mind Blast"],"picked":"Panacea","floor":37},{"not_picked":["Discovery","PanicButton"],"picked":"Blind","floor":37},{"not_picked":["mysticmod:SpontaneousCaster","mysticmod:CorrosiveTouch+1"],"picked":"mysticmod:Sideswipe+1","floor":40},{"not_picked":["mysticmod:SpellRecall","mysticmod:Alacrity"],"picked":"mysticmod:PunishingArmor+1","floor":41},{"not_picked":["mysticmod:FiveFootStep+1","mysticmod:LightningBolt+1","mysticmod:PureInstinct+1"],"picked":"SKIP","floor":45},{"not_picked":["mysticmod:Sideswipe","mysticmod:Natural20"],"picked":"mysticmod:Stoneskin","floor":46},{"not_picked":["mysticmod:AllIn+1","mysticmod:PureInstinct+1"],"picked":"mysticmod:MagicMissile+1","floor":48},{"not_picked":["mysticmod:Grease+1","mysticmod:Fireball+1","mysticmod:TomeOfSpells"],"picked":"SKIP","floor":54}],"player_experience":1626428,"relics_obtained":[{"floor":6,"key":"Letter Opener"},{"floor":7,"key":"Gremlin Horn"},{"floor":8,"key":"Anchor"},{"floor":9,"key":"Incense Burner"},{"floor":10,"key":"InkBottle"},{"floor":12,"key":"Bottled Tornado"},{"floor":23,"key":"WingedGreaves"},{"floor":25,"key":"Tiny Chest"},{"floor":27,"key":"Old Coin"},{"floor":31,"key":"Mummified Hand"},{"floor":39,"key":"Smiling Mask"},{"floor":40,"key":"Kunai"},{"floor":41,"key":"Nunchaku"},{"floor":43,"key":"Ancient Tea Set"},{"floor":46,"key":"HornCleat"},{"floor":54,"key":"Ginger"}],"event_choices":[{"cards_removed":["mysticmod:Strike_Mystic"],"damage_healed":0,"gold_gain":0,"player_choice":"Card Removal","damage_taken":7,"max_hp_gain":0,"max_hp_loss":0,"event_name":"Golden Wing","floor":4,"gold_loss":0},{"damage_healed":0,"gold_gain":30,"player_choice":"Searched \u00273\u0027 times","damage_taken":0,"max_hp_gain":0,"max_hp_loss":0,"event_name":"Dead Adventurer","floor":12,"gold_loss":0},{"damage_healed":0,"gold_gain":0,"player_choice":"Inject Mutagens","damage_taken":0,"relics_obtained":["MutagenicStrength"],"max_hp_gain":0,"max_hp_loss":0,"event_name":"Drug Dealer","floor":29,"gold_loss":0},{"damage_healed":0,"gold_gain":0,"player_choice":"Memory 3","damage_taken":10,"max_hp_gain":0,"max_hp_loss":0,"event_name":"SensoryStone","floor":37,"gold_loss":0},{"damage_healed":0,"gold_gain":0,"player_choice":"Max HP","damage_taken":0,"max_hp_gain":0,"max_hp_loss":4,"event_name":"Winding Halls","floor":38,"gold_loss":0}],"is_beta":false,"boss_relics":[{"not_picked":["Snecko Eye","Pandora\u0027s Box"],"picked":"Astrolabe"},{"not_picked":["Sozu","Runic Pyramid"],"picked":"mysticmod:BlessedBook"}],"items_purged_floors":[],"is_endless":false,"potions_floor_spawned":[3,5,6,13,14,19,20,21,27,31,35,36,41,48],"ascension_level":1}}