{"host":"g462bm4kxxqxmkbv","time":1608648356,"event":{"mods":["2.2 Compatiblity","Act Like it!","Aspiration","Bard","BaseMod","Better Note","Better Third Choice","Better Vampires","Colored Map","Conspire","Dio Mod","Downfall","Hallownest","Hermit","Hero for Fun","Hubris","Infinite Spire","Minty Spire (QoL Compilation)","Permanent Neow","Quick Restart","Rare Cards Sparkle","Replay The Spire","Shop Mod","Small Relic Pack","Spicy Shops","StSLib","The Bladedancer","The Bug Knight","The Cursed","The Disciple","The Druid","The Exalted","The Forsaken","The Hierophant","The Judge","The Jungle","The Kombatant","The Necromancer","The Sage","The Servant 0.9.4","The Valiant","The Wild Card","Waifu the Spire"],"gold_per_floor":[116,130,130,144,155,183,202,20,92,124,143,76,95,115,115,216,216,231,231,242,242,260,260,280,300,300,300,300,300,313,313,313,414,414,426,426,443,443,443,454,473,473,473,473,549,539,551,551,551,570,570,570,570],"floor_reached":52,"playtime":2571,"items_purged":[],"score":545,"play_id":"d4ddaab5-ffe9-47b7-8023-d4ad357e6800","local_time":"20201222214556","is_ascension_mode":false,"campfire_choices":[{"floor":15,"key":"REST"},{"floor":23,"key":"RECALL"},{"data":"Summon_Undead","floor":27,"key":"SMITH"},{"data":"Death_March_Dance","floor":29,"key":"SMITH"},{"floor":32,"key":"REST"},{"floor":42,"key":"REST"},{"floor":44,"key":"REST"},{"floor":49,"key":"REST"},{"floor":51,"key":"REST"}],"circlet_count":0,"master_deck":["Strike_W","Strike_W","Strike_W","Strike_W","Defend_W","Defend_W","Defend_W","Defend_W","Negative_Energy_Arrows+1","Bone_Wall","Life_Drain","Summon_Undead+1","Negative_Energy_Shield","Death_March_Dance+1","Negative_Energy_Sphere","Summon_Lich","Blood_Wake","Negative_Energy_Burst","Siphon_Strength","Life_Drain","Blood_Magic","Slay_Living","Spectral_Walk+1","Stop_Heart","Corrupt+1","Bite","Bite","Bite","Bite","Bite","Corrupt+1","Blood_for_Blood","Summon_Vampire_Lady+1","Blood_Shield+1","infinitespire:UltimateForm","infinitespire:DeathsTouch","Summon_Undead_Army+1","Summon_Undead_Army+1","Grasp_Heart","Bones_to_Steel+1","Negative_Energy_Javelin"],"relics":["Vampire_Amulet","conspire:BottledYoYo","MerchantsRug","SacredBark","OrangePellets","conspire:InfiniteJournal","hubris:HollowSoul","Winged Necklace"],"acts_visited":["Exordium","TheCity","TheBeyond"],"potions_floor_usage":[6,10,10,20,25,33,40,52,52,52],"damage_taken":[{"damage":0,"enemies":"2 Louse","floor":1,"turns":3},{"damage":0,"enemies":"Cultist","floor":2,"turns":3},{"damage":1,"enemies":"Jaw Worm","floor":4,"turns":4},{"damage":7,"enemies":"Red Slaver","floor":5,"turns":3},{"damage":27,"enemies":"3 Sentries","floor":6,"turns":7},{"damage":19,"enemies":"Lots of Slimes","floor":7,"turns":4},{"damage":49,"enemies":"Gremlin Nob","floor":10,"turns":7},{"damage":12,"enemies":"Looter","floor":11,"turns":3},{"damage":14,"enemies":"2 Fungi Beasts","floor":13,"turns":3},{"damage":15,"enemies":"Large Slime","floor":14,"turns":5},{"damage":12,"enemies":"Hexaghost","floor":16,"turns":10},{"damage":50,"enemies":"2 Thieves","floor":18,"turns":4},{"damage":26,"enemies":"Spheric Guardian","floor":20,"turns":5},{"damage":35,"enemies":"Chosen and Byrds","floor":22,"turns":7},{"damage":21,"enemies":"Snecko","floor":24,"turns":4},{"damage":47,"enemies":"Centurion and Healer","floor":25,"turns":9},{"damage":41,"enemies":"Shelled Parasite and Fungi","floor":30,"turns":6},{"damage":111,"enemies":"StardustCrusaders","floor":33,"turns":9},{"damage":44,"enemies":"Orb Walker","floor":35,"turns":5},{"damage":43,"enemies":"3 Shapes","floor":37,"turns":4},{"damage":3,"enemies":"Sphere and 2 Shapes","floor":40,"turns":2},{"damage":38,"enemies":"Maw","floor":41,"turns":8},{"damage":48,"enemies":"Jaw Worm Horde","floor":47,"turns":4},{"damage":35,"enemies":"3 Darklings","floor":50,"turns":5},{"damage":0,"enemies":"infinitespire:MassOfShapes","floor":52,"turns":1}],"seed_played":"-3412215372280390532","potions_obtained":[{"floor":2,"key":"Weak Potion"},{"floor":4,"key":"hexamod:EctoCoolerPotion"},{"floor":6,"key":"Adrenaline Potion"},{"floor":13,"key":"FairyPotion"},{"floor":14,"key":"Block Potion"},{"floor":16,"key":"PowerPotion"},{"floor":20,"key":"Regen Potion"},{"floor":33,"key":"SkillPotion"},{"floor":40,"key":"infinitespire:BlackPotion"},{"floor":41,"key":"Toxic Potion"}],"is_trial":false,"path_per_floor":["M","M","?","M","M","E","M","$","T","E","M","$","M","M","R","B",null,"M","?","M","AVR","M","R","M","M","T","R","?","R","M","?","R_BF","B",null,"M","AVR","M","PTL","PTL","M","M","R","?","R","T","$","M","?","R","M","R","B"],"character_chosen":"NECROMANCER","items_purchased":["Summon_Lich","Blood_Wake","MerchantsRug","Venom Potion"],"campfire_rested":6,"item_purchase_floors":[8,8,12,46],"current_hp_per_floor":[75,75,75,75,75,60,57,57,57,25,21,21,17,18,40,46,75,50,50,47,47,54,54,47,71,71,71,57,57,30,30,47,18,57,38,38,11,11,11,28,10,27,27,44,44,44,14,14,31,8,25,11,11],"gold":570,"neow_bonus":"UPGRADE_CARD","is_daily":false,"chose_seed":false,"campfire_upgraded":2,"win_rate":0.0,"timestamp":1608648356,"path_taken":["M","M","?","M","M","E","?","$","T","E","M","$","M","M","R","BOSS","M","?","M","AVR","M","R","M","?","T","R","?","R","M","?","R_BF","BOSS","M","AVR","M","PTL","PTL","M","M","R","?","R","T","$","?","?","R","M","R","BOSS"],"items_purchased_type":["Card","Card","Relic","Potion"],"build_version":"2020-12-13","purchased_purges":0,"victory":false,"max_hp_per_floor":[75,75,75,75,75,75,75,75,75,75,75,75,75,75,75,75,75,75,75,75,75,75,75,75,75,75,75,57,57,57,57,57,57,57,57,57,57,57,57,57,57,57,57,57,57,57,57,57,57,57,57,11,11],"card_choices":[{"not_picked":["Negative_Energy_Sphere","Bone_Spikes"],"picked":"Life_Drain","floor":1},{"not_picked":["Deaths_Shadow","Necromantic_Selection","Bone_Spikes"],"picked":"SKIP","floor":2},{"not_picked":["Bone_Armor","Death_Coil"],"picked":"Summon_Undead","floor":4},{"not_picked":["Reap_The_Weak","Epidemic"],"picked":"Negative_Energy_Shield","floor":5},{"not_picked":["Bone_Shift","Life_Drain"],"picked":"Death_March_Dance","floor":6},{"not_picked":["Toxic_Smoke_Screen","Blood_Whip"],"picked":"Negative_Energy_Sphere","floor":7},{"not_picked":["Death_March_Dance","Hellfire"],"picked":"Negative_Energy_Burst","floor":10},{"not_picked":["Toxic_Smoke_Screen","Shade_Step","Bone_Armory"],"picked":"SKIP","floor":11},{"not_picked":["Death_March_Dance","Negative_Energy_Sphere"],"picked":"Siphon_Strength","floor":13},{"not_picked":["Deaths_Shadow","Bone_Shift"],"picked":"Life_Drain","floor":14},{"not_picked":["Reap_The_Weak","Skeleton_Dragon"],"picked":"Blood_Magic","floor":16},{"not_picked":["Shackles_Of_Pain","Chill_Blood","Blood_Shield"],"picked":"SKIP","floor":18},{"not_picked":["Death_Coil+1","Blood_for_Blood"],"picked":"Slay_Living","floor":20},{"not_picked":["Blood_Curse","Negative_Energy_Sphere"],"picked":"Spectral_Walk+1","floor":22},{"not_picked":["Scare+1","Bone_Prison"],"picked":"Stop_Heart","floor":24},{"not_picked":["Consume_Illness+1","Chill_Blood"],"picked":"Corrupt+1","floor":25},{"not_picked":["Flesh_Made_Foul","Death_March_Dance"],"picked":"Corrupt+1","floor":30},{"not_picked":["Blood_Magic","Blood_Wake"],"picked":"Summon_Vampire_Lady","floor":33},{"not_picked":["Necromantic_Selection+1","Epidemic"],"picked":"Blood_Shield+1","floor":35},{"not_picked":["Bones_to_Steel+1","Life_Drain"],"picked":"Summon_Undead_Army+1","floor":37},{"not_picked":["Bone_Bullets","Life_Drain"],"picked":"Summon_Undead_Army+1","floor":40},{"not_picked":["Bone_Spikes","Negative_Energy_Shield+1"],"picked":"Grasp_Heart","floor":41},{"not_picked":["Bone_Spikes+1","Bone_Armor+1"],"picked":"Bones_to_Steel+1","floor":47},{"not_picked":["Thousand_Bone_Knives+1","Finger_Of_Death"],"picked":"Negative_Energy_Javelin","floor":50}],"player_experience":449513,"relics_obtained":[{"floor":6,"key":"conspire:BottledYoYo"},{"floor":10,"key":"hubris:Teleporter"},{"floor":26,"key":"conspire:InfiniteJournal"},{"floor":45,"key":"infinitespire:FocusingShard"}],"event_choices":[{"damage_healed":0,"gold_gain":0,"player_choice":"Ignored","damage_taken":0,"max_hp_gain":0,"max_hp_loss":0,"event_name":"Transmorgrifier","floor":3,"gold_loss":0},{"damage_healed":0,"gold_gain":0,"player_choice":"Ignored","damage_taken":0,"max_hp_gain":0,"max_hp_loss":0,"event_name":"betterNote:BetterNote","floor":19,"gold_loss":0,"cards_obtained":["ResonantCall"]},{"damage_healed":0,"gold_gain":0,"player_choice":"Became a vampire","damage_taken":0,"max_hp_gain":0,"max_hp_loss":18,"event_name":"Vampires","floor":28,"gold_loss":0,"cards_obtained":["Bite","Bite","Bite","Bite","Bite"]},{"damage_healed":0,"gold_gain":0,"player_choice":"Read","damage_taken":0,"max_hp_gain":0,"max_hp_loss":0,"event_name":"The Library","floor":31,"gold_loss":0,"cards_obtained":["Blood_for_Blood"]},{"damage_healed":0,"gold_gain":0,"player_choice":"Ignored","damage_taken":0,"max_hp_gain":0,"max_hp_loss":0,"event_name":"Duplicator","floor":43,"gold_loss":0}],"is_beta":false,"boss_relics":[{"not_picked":["hubris:VirtuousBlindfold","Runic Dome","ChewingGum"]},{"not_picked":["Black Star","Sozu"],"picked":"hubris:HollowSoul"}],"items_purged_floors":[],"is_endless":false,"potions_floor_spawned":[2,4,6,13,14,16,20,22,33,40,41,47,50],"killed_by":"infinitespire:MassOfShapes","ascension_level":0}}