{"host":"m4hcknw9g39vw3hn","time":1608617547,"event":{"mods":["Act Like it!","BaseMod","Downfall","Hermit","KomeijiMod","Lobotomy","LobotomyExtend","Marisa（F雨　魔理沙）","Minty Spire (QoL Compilation)","Quick Restart","Remilia（蕾米莉亚）","RumiaBox-露米娅的神秘盒子","Shop Mod","Spicy Shops","StSLib","Yuri Mod","[IsaacMod]以撒尖塔"],"gold_per_floor":[18,30,30,47,65,65,90,102,182,195,228,228,247,319,319,416,416,432,432,432,446,446,446],"floor_reached":22,"playtime":943,"items_purged":[],"score":208,"play_id":"cac32675-5282-4b50-bdb6-f1a62a989894","local_time":"20201222141227","is_ascension_mode":true,"campfire_choices":[{"data":"yuri:Torment","floor":6,"key":"SMITH"},{"data":"yuri:Virus","floor":15,"key":"SMITH"}],"circlet_count":0,"master_deck":["yuri:yuriStrike","yuri:yuriStrike","yuri:yuriStrike","yuri:yuriStrike","yuri:yuriStrike","yuri:yuriDefend","yuri:yuriDefend","yuri:yuriDefend","yuri:yuriDefend","yuri:yuriDefend","yuri:Oolong","yuri:yuriStab","yuri:Torment+1","yuri:GrowingInsanity","yuri:yuriHeavyStrike","yuri:RecklessStrike","yuri:DeepBreathing","yuri:MirrorInsanity","yuri:Virus+1","yuri:WickedSlash","yuri:DragonForm","yuri:yuriQuickStrike","yuri:HoldBack+1"],"relics":["yuri:yuriKnife","HushsDoor","TheBean","LetterFromLob","Potion Belt","Pantograph","Bottled Tornado","Runic Dome","Heaven_r"],"acts_visited":["Exordium","TheCity"],"potions_floor_usage":[18,19,22,22],"damage_taken":[{"damage":2,"enemies":"Small Slimes","floor":1,"turns":3},{"damage":1,"enemies":"Cultist","floor":2,"turns":2},{"damage":5,"enemies":"2 Louse","floor":4,"turns":2},{"damage":13,"enemies":"Large Slime","floor":5,"turns":3},{"damage":12,"enemies":"Gremlin Nob","floor":7,"turns":3},{"damage":6,"enemies":"Exordium Thugs","floor":8,"turns":4},{"damage":0,"enemies":"2 Fungi Beasts","floor":10,"turns":3},{"damage":20,"enemies":"Lagavulin","floor":11,"turns":5},{"damage":6,"enemies":"3 Louse","floor":13,"turns":3},{"damage":30,"enemies":"The Guardian","floor":16,"turns":6},{"damage":23,"enemies":"Shell Parasite","floor":18,"turns":5},{"damage":32,"enemies":"3 Byrds","floor":19,"turns":3},{"damage":24,"enemies":"3 Byrds","floor":21,"turns":4},{"damage":8,"enemies":"Snecko","floor":22,"turns":2}],"seed_played":"-1921421857293267904","potions_obtained":[{"floor":7,"key":"ColorlessPotion"},{"floor":8,"key":"Fire Potion"},{"floor":11,"key":"Explosive Potion"},{"floor":16,"key":"SkillPotion"},{"floor":21,"key":"LiquidMemories"}],"is_trial":false,"path_per_floor":["M","M","?","M","M","R","E","M","T","M","E","$","M","?","R","B",null,"M","M","?","M","M"],"character_chosen":"YURI","items_purchased":[],"campfire_rested":0,"item_purchase_floors":[],"current_hp_per_floor":[78,80,80,75,62,62,54,52,52,56,40,40,38,38,38,37,80,60,28,28,8,0,0],"gold":446,"neow_bonus":"THREE_RARE_CARDS","is_daily":false,"chose_seed":false,"campfire_upgraded":2,"win_rate":0.0,"timestamp":1608617547,"path_taken":["M","M","?","?","M","R","E","M","T","?","E","$","M","?","R","BOSS","M","M","?","M","M"],"items_purchased_type":[],"build_version":"2020-12-13","purchased_purges":0,"victory":false,"max_hp_per_floor":[80,80,80,80,80,80,80,80,80,80,80,80,80,80,80,80,80,80,80,80,80,80,80],"card_choices":[{"not_picked":["yuri:JumpScare","yuri:Suicide"],"picked":"yuri:Torment","floor":0},{"not_picked":["yuri:Spin","yuri:DejaVu"],"picked":"yuri:GrowingInsanity","floor":1},{"not_picked":["yuri:AdaptiveAI","yuri:ThrowingKnives"],"picked":"yuri:yuriHeavyStrike","floor":2},{"not_picked":["yuri:CalmingAura","yuri:AdaptiveAI"],"picked":"yuri:RecklessStrike","floor":4},{"not_picked":["yuri:Stalk","yuri:Skip"],"picked":"yuri:DeepBreathing","floor":5},{"not_picked":["yuri:Skip","yuri:ArmBrace"],"picked":"yuri:MirrorInsanity","floor":7},{"not_picked":["yuri:CalmingAura","yuri:ThrowBook","yuri:Skip"],"picked":"SKIP","floor":8},{"not_picked":["yuri:ReactiveMadness","yuri:CalmingAura"],"picked":"Bomb","floor":10},{"not_picked":["yuri:WickedSlash","yuri:ThrowingKnives"],"picked":"yuri:Virus","floor":11},{"not_picked":["yuri:BookGreen","yuri:DeepBreathing"],"picked":"yuri:WickedSlash","floor":13},{"not_picked":["yuri:Virus","yuri:RemoveSafetyChecks"],"picked":"yuri:DragonForm","floor":16},{"not_picked":["yuri:CalmingAura","yuri:ThrowBook"],"picked":"yuri:yuriQuickStrike","floor":18},{"not_picked":["yuri:yuriQuickStrike","yuri:BookBlue"],"picked":"yuri:HoldBack+1","floor":21}],"player_experience":262252,"relics_obtained":[{"floor":1,"key":"LetterFromLob"},{"floor":7,"key":"Potion Belt"},{"floor":9,"key":"Pantograph"},{"floor":11,"key":"Bottled Tornado"}],"event_choices":[{"damage_healed":0,"gold_gain":72,"player_choice":"Gained Gold","damage_taken":0,"max_hp_gain":0,"max_hp_loss":0,"event_name":"Golden Wing","floor":14,"gold_loss":0}],"is_beta":false,"boss_relics":[{"not_picked":["AddBug","Empty Cage"],"picked":"Runic Dome"},{"not_picked":[]}],"items_purged_floors":[],"is_endless":false,"potions_floor_spawned":[7,8,11,16,19,21],"killed_by":"Snecko","ascension_level":1}}