{"host":"psk178ndl0yh04e3","time":1608603810,"event":{"mods":["BaseMod","BetterRewards","Colored Map","DeckTracker","Googly Eyes","Highlight Path","HololiveMod","Hubris","Minty Spire (QoL Compilation)","Replay The Spire","StSLib","SuperFastMode","slay the spire mod where everything is the same but ironclad has a cowboy hat"],"gold_per_floor":[85,103,31,31,41,68,68,68,68,68,80,96,131,149,149,252,252,262,262,361,342,257,283,283,302,350,362,387,662,141,172,172,275,275,289,55,1054,687,687,722,736,762,762,317,356,356,374,391,391,391,391,391,120,154,154],"floor_reached":56,"playtime":3685,"items_purged":["Regret","Languid","Normality","Normality"],"score":1823,"play_id":"83b10198-dc38-409c-9894-29cbefe40c43","local_time":"20201221182329","is_ascension_mode":true,"campfire_choices":[{"data":"Hololive_CallHoushouMarine","floor":7,"key":"SMITH"},{"data":"Hololive_CallTokoyamiTowa","floor":15,"key":"SMITH"},{"data":"Hololive_CallDoris","floor":24,"key":"SMITH"},{"data":"Hololive_IdolExercise","floor":32,"key":"SMITH"},{"data":"hubris:DuctTapeCard","floor":46,"key":"SMITH"},{"data":"Hololive_CallManoAloe","floor":46,"key":"SMITH"},{"floor":49,"key":"RECALL"},{"data":"Hololive_Rebound","floor":52,"key":"SMITH"},{"data":"Hololive_StrengthChampion+1","floor":52,"key":"SMITH"}],"circlet_count":0,"master_deck":["Hololive_Strike+1","Hololive_Strike","Hololive_Defend","Hololive_Defend","Hololive_CallRosalyn","Hololive_CallHoushouMarine+1","Hololive_CallTokoyamiTowa+1","Hololive_CallKiryuuCoco","Hololive_CallUruhaRushia+1","Hololive_FlyingPonyTail","Hololive_StrengthChampion","Hololive_CallAkaiHaato","Hololive_Rebound+1","Hololive_CallManoAloe+1","Hololive_CallHimemoriLuna","Hololive_CallUsadaPekora","Hololive_IdolExercise+1","Hololive_CocoNews+1","Hololive_CallDoris+1","Hololive_Spy","Hololive_StrengthChampion+2","Hololive_CallShirakamiFubuki","Hololive_CallYozoraMel+1","Hololive_Spy+1","Hololive_Psychosis","hubris:DuctTapeCard+2","Hololive_FlyingPonyTail+1","Hololive_CallTsunomakiWatame+1","Hololive_HuntDinosaur","Hololive_HuntDinosaur","Hololive_CallInugamiKorone","Hololive_SummonFox","Hololive_CallAmaneKanata+1"],"relics":["Hololive_TheStar","NeowsBlessing","Replay:Bottled Eggs","Art of War","hubris:DisguiseKit","Sundial","Black Star","hubris:Metronome","InkBottle","Toy Ornithopter","Simple Rune","Question Card","Bag of Marbles","Replay:Rubber Ducky","hubris:CuriousFeather","HornCleat","Pen Nib","Replay:Bronze Core","Membership Card","Orichalcum","HandDrill","Meat on the Bone","hubris:DuctTape","Blood Vial","Blue Doll","Strawberry","hubris:PeanutButter","Counterbalance","Quantum Egg","Toolbox","Dream Catcher","Replay:Arrowhead","Ice Cream","Whetstone","Gremlin Food","hubris:SphereOfDissonance"],"acts_visited":["Exordium","TheCity","TheBeyond","TheEnding"],"potions_floor_usage":[28,50,55,55,55],"damage_taken":[{"damage":0,"enemies":"Cultist","floor":1,"turns":1},{"damage":0,"enemies":"Small Slimes","floor":2,"turns":2},{"damage":0,"enemies":"Jaw Worm","floor":5,"turns":1},{"damage":0,"enemies":"Replay:BlueRogue","floor":6,"turns":5},{"damage":0,"enemies":"3 Louse","floor":11,"turns":4},{"damage":0,"enemies":"Exordium Wildlife","floor":12,"turns":3},{"damage":0,"enemies":"Gremlin Nob","floor":13,"turns":5},{"damage":0,"enemies":"Exordium Thugs","floor":14,"turns":4},{"damage":0,"enemies":"Slime Boss","floor":16,"turns":5},{"damage":0,"enemies":"3 Byrds","floor":18,"turns":4},{"damage":0,"enemies":"2 Thieves","floor":21,"turns":4},{"damage":0,"enemies":"Replay:Snechameleon","floor":23,"turns":5},{"damage":0,"enemies":"Snecko","floor":25,"turns":4},{"damage":0,"enemies":"Centurion and Healer","floor":27,"turns":7},{"damage":0,"enemies":"Gremlin Leader","floor":28,"turns":7},{"damage":0,"enemies":"Book of Stabbing","floor":31,"turns":3},{"damage":0,"enemies":"hubris:MusketHawk","floor":33,"turns":5},{"damage":0,"enemies":"Orb Walker","floor":35,"turns":3},{"damage":0,"enemies":"R_Hoarder","floor":40,"turns":4},{"damage":0,"enemies":"3 Darklings","floor":41,"turns":4},{"damage":0,"enemies":"Reptomancer","floor":42,"turns":4},{"damage":0,"enemies":"R_Hoarder","floor":45,"turns":4},{"damage":0,"enemies":"Maw","floor":47,"turns":4},{"damage":0,"enemies":"Spire Growth","floor":48,"turns":3},{"damage":0,"enemies":"Awakened One","floor":50,"turns":6},{"damage":0,"enemies":"Shield and Spear","floor":54,"turns":5},{"damage":0,"enemies":"The Heart","floor":55,"turns":7}],"seed_played":"7142633970344777498","potions_obtained":[{"floor":2,"key":"LiquidBronze"},{"floor":6,"key":"Swift Potion"},{"floor":12,"key":"SpeedPotion"},{"floor":14,"key":"Death Potion"},{"floor":28,"key":"LiquidBronze"},{"floor":39,"key":"Weak Potion"},{"floor":45,"key":"Energy Potion"}],"is_trial":false,"path_per_floor":["M","M","$","?","M","E","R","?","T","?","M","M","E","M","R","B",null,"M","?","?","M","?","E","R","M","T","M","E","?","$","E","R","B",null,"M","$","?","$","?","E","M","E","T","$","E","R","M","M","R","B",null,"R","$","E","B",null],"character_chosen":"Hololive_HololiveCharacter","items_purchased":["Hololive_CallAkaiHaato","Replay:Rubber Ducky","hubris:CuriousFeather","Membership Card","Hololive_Spy+1","Orichalcum","HandDrill","Meat on the Bone","Hololive_Psychosis","Counterbalance","Quantum Egg","Toolbox","Hololive_HuntDinosaur","Ice Cream","Whetstone","Hololive_SummonFox","Elixir"],"campfire_rested":0,"item_purchase_floors":[3,30,30,36,36,38,38,38,38,44,44,44,44,53,53,53,53],"current_hp_per_floor":[35,35,35,35,35,35,35,35,35,28,28,28,28,28,28,28,35,35,31,31,31,31,31,31,31,31,31,36,36,36,36,36,36,40,40,40,40,40,40,40,40,47,47,47,47,47,47,47,47,47,47,47,47,47,47],"gold":154,"neow_bonus":"THREE_ENEMY_KILL","is_daily":false,"chose_seed":false,"campfire_upgraded":8,"win_rate":0.0,"timestamp":1608603809,"path_taken":["M","?","$","?","M","E","R","?","T","?","M","?","E","M","R","BOSS","M","?","?","M","?","E","R","M","T","M","E","?","$","E","R","BOSS","M","$","?","$","?","E","?","E","T","?","E","R","M","M","R","BOSS","R","$","E","BOSS"],"items_purchased_type":["Card","Relic","Relic","Relic","Card","Relic","Relic","Relic","Card","Relic","Relic","Relic","Card","Relic","Relic","Card","Potion"],"build_version":"2020-12-13","purchased_purges":4,"victory":true,"max_hp_per_floor":[35,35,35,35,35,35,35,35,35,35,35,35,35,35,35,35,35,35,40,40,40,40,40,40,40,40,40,40,40,40,40,40,40,40,40,40,40,40,40,40,40,47,47,47,47,47,47,47,47,47,47,47,47,47,47],"card_choices":[{"not_picked":["Hololive_Sequa","Hololive_StrengthChampion","Hololive_RevenueBasedLive"],"picked":"Hololive_FlyingPonyTail","floor":1},{"not_picked":["Hololive_RevenueBasedLive","Hololive_FlareMind","Hololive_CallYogiri"],"picked":"Hololive_StrengthChampion","floor":2},{"not_picked":["Hololive_Breathe","Hololive_CallSakuraMiko","Hololive_ManjiGathering"],"picked":"Hololive_Rebound","floor":5},{"not_picked":["Hololive_StrengthChampion","Hololive_Drill","Hololive_Trident","Hololive_Watashimo"],"picked":"SKIP","floor":6},{"not_picked":["Hololive_HuntDinosaur","Hololive_StrengthChampion","Hololive_RevenueBasedLive","Hololive_Rebound","DeceiveReality"],"picked":"SKIP","floor":11},{"not_picked":["Hololive_Breathe","Hololive_OvertimeWork","Hololive_Drill","TalkToTheHand"],"picked":"Hololive_CallManoAloe","floor":12},{"not_picked":["Hololive_Psychosis","Hololive_RevenueBasedLive","Hololive_StrengthChampion","Replay:Hum"],"picked":"Hololive_CallHimemoriLuna","floor":13},{"not_picked":["Hololive_Psychosis","Hololive_CallFriendA","Hololive_FlyingPonyTail","Pray"],"picked":"Hololive_CallUsadaPekora","floor":14},{"not_picked":["Hololive_WolfAndLamb","Hololive_ASMR","Hololive_MaximGun","Brilliance"],"picked":"Hololive_IdolExercise","floor":16},{"not_picked":["Hololive_HuntDinosaur","Hololive_CallOkamiMio","Hololive_CallCivia","Evaluate"],"picked":"Hololive_CocoNews","floor":18},{"not_picked":["Hololive_Psychosis+1","Hololive_Trident","Hololive_Rebound","BowlingBash"],"picked":"Hololive_CallDoris","floor":21},{"not_picked":["Hololive_CallHoushouMarine","Hololive_HighAtkLowDef","Hololive_CallNakiriAyame","Hololive_Breathe+1","BowlingBash"],"picked":"SKIP","floor":23},{"not_picked":["Hololive_LuckPotion+1","Hololive_Yoholoon","Hololive_StrengthChampion","ClearTheMind"],"picked":"Hololive_Spy","floor":25},{"not_picked":["Hololive_Breathe","Hololive_CallRosalyn","Hololive_LuckPotion","Replay:BluntJabs"],"picked":"Hololive_StrengthChampion+1","floor":27},{"not_picked":["Hololive_SummonFox","Hololive_CallNekomataOkayu","Hololive_CallMurasakiShion","Hololive_Rebound","FlurryOfBlows"],"picked":"SKIP","floor":28},{"not_picked":["Hololive_CallTokinoSora","Hololive_CallYukihanaLamy+1","Hololive_CallYogiri","Hololive_CallDoris","Study"],"picked":"Hololive_CallShirakamiFubuki","floor":31},{"not_picked":["Hololive_ScarfAndHalo","Hololive_IdolExercise","Hololive_BeCareful","Hololive_Recruit","Ragnarok"],"picked":"Hololive_DurableLive","floor":33},{"not_picked":["Hololive_Breathe+1","Hololive_CallInugamiKorone+1","Hololive_Drill","Hololive_HuntDinosaur","WindmillStrike"],"picked":"Hololive_CallYozoraMel+1","floor":35},{"not_picked":["Hololive_OpenUp","Hololive_ScarfAndHalo","Hololive_CallHimemoriLuna+1","Hololive_Breathe+1","Collect"],"picked":"Hololive_FlyingPonyTail+1","floor":40},{"not_picked":["Hololive_CallKiryuuCoco+1","Hololive_StrengthChampion+1","Hololive_CocoNews","Hololive_CallYozoraMel","Hololive_Drill+1","WheelKick"],"picked":"SKIP","floor":41},{"not_picked":["Hololive_CocoNews","Hololive_Rebound+1","Hololive_ASMR","Hololive_CallRoboco+1","EmptyFist"],"picked":"Hololive_CallTsunomakiWatame+1","floor":42},{"not_picked":["Hololive_OvertimeWork","Hololive_Drill+1","Hololive_CallMomosuzuNene","Hololive_CallHoushouMarine","Hololive_RevenueBasedLive+1","Crescendo"],"picked":"SKIP","floor":45},{"not_picked":["Hololive_Trident+1","Hololive_HuntDinosaur","Hololive_OpenUp","Hololive_FlyingPonyTail+1","Hololive_StrengthChampion+1","CutThroughFate"],"picked":"SKIP","floor":47},{"not_picked":["Hololive_Psychosis","Hololive_Breathe","Hololive_LuckPotion","Hololive_OvertimeWork+1","Replay:AtTheReady"],"picked":"Hololive_CallInugamiKorone","floor":48},{"not_picked":["Hololive_Psychosis","Hololive_Trident","Hololive_CallAiraniIofifteen","Hololive_CallUsadaPekora+1","Halt"],"picked":"Hololive_CallAmaneKanata+1","floor":54}],"player_experience":276635,"relics_obtained":[{"floor":6,"key":"Art of War"},{"floor":13,"key":"Sundial"},{"floor":23,"key":"InkBottle"},{"floor":23,"key":"Toy Ornithopter"},{"floor":26,"key":"Simple Rune"},{"floor":28,"key":"Question Card"},{"floor":28,"key":"Bag of Marbles"},{"floor":31,"key":"HornCleat"},{"floor":31,"key":"Pen Nib"},{"floor":40,"key":"hubris:DuctTape"},{"floor":40,"key":"Blood Vial"},{"floor":42,"key":"Blue Doll"},{"floor":42,"key":"Strawberry"},{"floor":43,"key":"hubris:PeanutButter"},{"floor":45,"key":"Dream Catcher"},{"floor":45,"key":"Replay:Arrowhead"},{"floor":54,"key":"Gremlin Food"},{"floor":54,"key":"hubris:SphereOfDissonance"}],"event_choices":[{"damage_healed":0,"gold_gain":0,"player_choice":"Box","damage_taken":0,"relics_obtained":["Replay:Bottled Eggs"],"max_hp_gain":0,"max_hp_loss":0,"event_name":"Big Fish","floor":4,"gold_loss":0,"cards_obtained":["Regret"]},{"cards_removed":["Regret"],"damage_healed":0,"gold_gain":0,"player_choice":"Card Removal","damage_taken":7,"max_hp_gain":0,"max_hp_loss":0,"event_name":"Golden Wing","floor":10,"gold_loss":0},{"damage_healed":0,"gold_gain":0,"player_choice":"Shed Blood","damage_taken":9,"max_hp_gain":5,"max_hp_loss":0,"event_name":"Forgotten Altar","floor":19,"gold_loss":0},{"damage_healed":0,"gold_gain":99,"player_choice":"Stole From Cult","damage_taken":0,"max_hp_gain":0,"max_hp_loss":0,"event_name":"Nest","floor":20,"gold_loss":0},{"damage_healed":0,"gold_gain":0,"player_choice":"Obtained Relic","damage_taken":0,"relics_obtained":["hubris:Metronome"],"max_hp_gain":0,"max_hp_loss":0,"event_name":"Addict","floor":22,"gold_loss":85},{"damage_healed":0,"gold_gain":275,"player_choice":"Desecrate","damage_taken":0,"max_hp_gain":0,"max_hp_loss":0,"event_name":"Golden Shrine","floor":29,"gold_loss":0,"cards_obtained":["Regret"]},{"damage_healed":0,"gold_gain":999,"player_choice":"Gold","damage_taken":0,"max_hp_gain":0,"max_hp_loss":0,"event_name":"MindBloom","floor":37,"gold_loss":0,"cards_obtained":["Normality","Normality"]},{"damage_healed":0,"gold_gain":0,"player_choice":"Got Potions","damage_taken":0,"max_hp_gain":0,"max_hp_loss":0,"event_name":"Lab","floor":39,"gold_loss":0}],"is_beta":false,"boss_relics":[{"not_picked":["Replay:Ancient Bell","hubris:ScarierMask"],"picked":"Black Star"},{"not_picked":["Abe\u0027s Treasure","Tiny House"],"picked":"Replay:Bronze Core"}],"items_purged_floors":[30,36,38,44],"is_endless":false,"potions_floor_spawned":[2,6,12,14,16,21,25,28,33,42,45,48,54],"ascension_level":1}}