{"host":"h8l1uc7c2i19r904","time":1608666192,"event":{"mods":["AchievementEnabler","BaseMod","Colored Map","Colored Powertips","Downfall","Minty Spire (QoL Compilation)","Quick Restart","Replay The Spire","StSLib","SuperFastMode"],"gold_per_floor":[111,2852,1670,1670,1385,1385,85,85],"floor_reached":7,"playtime":839,"items_purged":["Defend_R"],"score":241,"play_id":"2a852f41-e021-42df-9a91-f0e539c7a03f","local_time":"20201222114312","is_ascension_mode":false,"campfire_choices":[{"data":"Flex","floor":6,"key":"SMITH"}],"circlet_count":0,"master_deck":["Strike_R","Strike_R","Strike_R","Strike_R","Strike_R","Defend_R","Defend_R","Defend_R","Bash","Flex+1","ReplayTheSpireMod:IOU","ReplayTheSpireMod:IOU","ReplayTheSpireMod:IOU","ReplayTheSpireMod:IOU","ReplayTheSpireMod:IOU","ReplayTheSpireMod:IOU","ReplayTheSpireMod:IOU","Limit Break","champ:Riposte","Flying Knee"],"relics":["Burning Blood","NeowsBlessing","Replay:Wax Seal","PrismaticShard","Blood Vial"],"acts_visited":["Exordium"],"potions_floor_usage":[7],"damage_taken":[{"damage":0,"enemies":"Cultist","floor":1,"turns":1},{"damage":0,"enemies":"Small Slimes","floor":3,"turns":3},{"damage":0,"enemies":"Jaw Worm","floor":5,"turns":1},{"damage":57,"enemies":"3 Sentries","floor":7,"turns":7}],"seed_played":"-5223505257319378365","potions_obtained":[{"floor":3,"key":"Adrenaline Potion"}],"is_trial":false,"path_per_floor":["M","$","M","?","M","R","E"],"character_chosen":"IRONCLAD","items_purchased":["Replay:Wax Seal","PrismaticShard","Blood Vial","FairyPotion","ElixirPotion","BlessingOfTheForge","Limit Break"],"campfire_rested":0,"item_purchase_floors":[2,2,2,2,2,2,2],"current_hp_per_floor":[80,80,80,80,80,80,23,23],"gold":85,"neow_bonus":"THREE_ENEMY_KILL","is_daily":false,"chose_seed":false,"campfire_upgraded":1,"win_rate":0.0,"timestamp":1608666192,"path_taken":["M","$","?","?","?","R","E"],"items_purchased_type":["Relic","Relic","Relic","Potion","Potion","Potion","Card"],"build_version":"2020-12-13","purchased_purges":1,"victory":false,"max_hp_per_floor":[80,80,80,80,80,80,80,80],"card_choices":[{"not_picked":["Run Through","Massacre"],"picked":"Flex","floor":1},{"not_picked":["Leap","Beam Cell"],"picked":"champ:Riposte","floor":3},{"not_picked":["sneckomod:SoulRoll","ReplayGash"],"picked":"Flying Knee","floor":5}],"player_experience":101136,"relics_obtained":[],"event_choices":[{"damage_healed":0,"gold_gain":0,"player_choice":"Bought 0 Potions","damage_taken":0,"max_hp_gain":0,"max_hp_loss":0,"event_name":"The Woman in Blue","floor":4,"gold_loss":0}],"is_beta":false,"boss_relics":[],"items_purged_floors":[2],"is_endless":false,"potions_floor_spawned":[3],"killed_by":"3 Sentries","ascension_level":0}}