{"host":"0jm2u9rma46qko29","time":1608623221,"event":{"mods":["Act Like it!","BaseMod","Better Altar","Better Note","Better Skull","Better Third Choice","CapriCore","Friendly Minions","Hermit","JesterMod","Luminous","Marisa????????","Minty Spire (QoL Compilation)","Relic Stats","Robot Space Explorer","Shade Mod","Shop Mod","StSLib","The Alterego","The Dragon Tamer","UnlockEverythingMod","Waifu the Spire"],"gold_per_floor":[109,82,82,95,95,95,127,0,0,0,14,26,38,38,38,134,134,147,172,9,9,38,80,80,80,80],"floor_reached":25,"playtime":1071,"items_purged":["Havoc"],"score":263,"play_id":"b6e0d302-0004-48e5-a677-561ae07ba28a","local_time":"20201222014701","is_ascension_mode":true,"campfire_choices":[{"data":"Barricade","floor":6,"key":"SMITH"},{"data":"True Grit","floor":10,"key":"SMITH"},{"data":"Body Slam","floor":15,"key":"SMITH"},{"floor":24,"key":"REST"}],"circlet_count":0,"master_deck":["Strike_R+1","Strike_R","Defend_R","Defend_R","Defend_R","Defend_R","Bash+1","Shockwave","Armaments","Sentinel","Seeing Red","Sever Soul+1","Barricade+1","True Grit+1","Twin Strike+1","Spot Weakness","Enlightenment","Flame Barrier","Body Slam+1","True Grit","Juggernaut","True Grit","Shrug It Off","Dark Embrace","Body Slam+1","Shrug It Off"],"relics":["Black Blood","betterThird:SlimedRelic","Matryoshka","Bag of Marbles","Gremlin Horn","Whetstone","CeramicFish","Orichalcum"],"acts_visited":["Exordium","TheCity"],"potions_floor_usage":[16,21,22,23],"damage_taken":[{"damage":5,"enemies":"Cultist","floor":1,"turns":4},{"damage":7,"enemies":"Jaw Worm","floor":4,"turns":3},{"damage":26,"enemies":"3 Sentries","floor":7,"turns":11},{"damage":0,"enemies":"2 Louse","floor":11,"turns":4},{"damage":9,"enemies":"Large Slime","floor":12,"turns":7},{"damage":6,"enemies":"2 Fungi Beasts","floor":13,"turns":3},{"damage":20,"enemies":"Slime Boss","floor":16,"turns":14},{"damage":33,"enemies":"Shell Parasite","floor":18,"turns":7},{"damage":6,"enemies":"2 Thieves","floor":22,"turns":4},{"damage":60,"enemies":"Book of Stabbing","floor":23,"turns":9},{"damage":8,"enemies":"Slavers","floor":25,"turns":1}],"seed_played":"-5344502189316871644","potions_obtained":[{"floor":4,"key":"ElixirPotion"},{"floor":12,"key":"FearPotion"},{"floor":13,"key":"BloodPotion"},{"floor":18,"key":"PowerPotion"},{"floor":21,"key":"Fruit Juice"},{"floor":21,"key":"BlessingOfTheForge"},{"floor":21,"key":"EssenceOfSteel"}],"is_trial":false,"path_per_floor":["M","?","?","M","?","R","E","?","T","R","M","M","M","?","R","B",null,"M","T","$","?","M","E","R","E"],"character_chosen":"IRONCLAD","items_purchased":["Shrug It Off","Dark Embrace"],"campfire_rested":1,"item_purchase_floors":[20,20],"current_hp_per_floor":[72,61,61,60,46,46,26,32,32,32,38,35,35,35,35,36,78,57,57,57,62,68,20,44,36,36],"gold":80,"neow_bonus":"TRANSFORM_TWO_CARDS","is_daily":false,"chose_seed":false,"campfire_upgraded":3,"win_rate":0.0,"timestamp":1608623221,"path_taken":["M","?","?","M","?","R","E","?","T","R","M","M","M","?","R","BOSS","M","?","$","?","M","E","R","E"],"items_purchased_type":["Card","Card"],"build_version":"2020-12-13","purchased_purges":1,"victory":false,"max_hp_per_floor":[72,72,72,72,72,72,72,78,78,78,78,78,78,78,78,78,78,78,78,78,83,83,83,83,83,83],"relic_stats":{"Gremlin Horn":[7,7],"counters":[11,67],"CeramicFish":36,"Black Blood":77,"Whetstone":["Twin Strike","Sever Soul"],"Orichalcum":[0],"obtain_stats":[{"Matryoshka":7,"Gremlin Horn":9,"betterThird:SlimedRelic":2,"CeramicFish":19,"Black Blood":17,"Bag of Marbles":9,"Whetstone":19,"Orichalcum":23,"Burning Blood":0},{"Matryoshka":3,"Gremlin Horn":3,"betterThird:SlimedRelic":1,"CeramicFish":8,"Black Blood":7,"Bag of Marbles":3,"Whetstone":8,"Orichalcum":10,"Burning Blood":0},{"Matryoshka":18,"Gremlin Horn":18,"betterThird:SlimedRelic":4,"CeramicFish":53,"Black Blood":46,"Bag of Marbles":18,"Whetstone":53,"Orichalcum":66,"Burning Blood":0}]},"card_choices":[{"not_picked":["Heavy Blade","Flex"],"picked":"Armaments","floor":1},{"not_picked":["Iron Wave","Armaments"],"picked":"Twin Strike","floor":4},{"not_picked":["Twin Strike","Blood for Blood"],"picked":"Spot Weakness","floor":7},{"not_picked":["Entrench","Headbutt"],"picked":"Flame Barrier","floor":11},{"not_picked":["Headbutt","Heavy Blade"],"picked":"Body Slam","floor":12},{"not_picked":["Havoc","Flex"],"picked":"True Grit","floor":13},{"not_picked":["Reaper","Fiend Fire"],"picked":"Juggernaut","floor":16},{"not_picked":["Clash","Havoc"],"picked":"True Grit","floor":18},{"not_picked":["Rage","Flame Barrier+1"],"picked":"Body Slam+1","floor":22},{"not_picked":["True Grit","Rampage"],"picked":"Shrug It Off","floor":23}],"player_experience":166491,"relics_obtained":[{"floor":7,"key":"Matryoshka"},{"floor":9,"key":"Bag of Marbles"},{"floor":9,"key":"Gremlin Horn"},{"floor":19,"key":"Whetstone"},{"floor":19,"key":"CeramicFish"},{"floor":23,"key":"Orichalcum"}],"event_choices":[{"damage_healed":0,"gold_gain":0,"player_choice":"Slimed","damage_taken":11,"max_hp_gain":0,"max_hp_loss":0,"event_name":"betterThird:BetterGoop","floor":2,"gold_loss":27},{"damage_healed":60,"gold_gain":0,"player_choice":"Upgrade","damage_taken":14,"max_hp_gain":0,"max_hp_loss":72,"event_name":"betterThird:BetterShining","floor":5,"gold_loss":0,"cards_upgraded":["Bash","Strike_R"]},{"damage_healed":0,"gold_gain":0,"player_choice":"RENOUNCE","damage_taken":127,"max_hp_gain":0,"max_hp_loss":0,"event_name":"betterThird:BetterSerpent","floor":8,"gold_loss":127,"cards_obtained":["Enlightenment"]},{"cards_removed":["Strike_R"],"damage_healed":0,"gold_gain":0,"player_choice":"Purged","damage_taken":0,"max_hp_gain":0,"max_hp_loss":0,"event_name":"Purifier","floor":14,"gold_loss":0},{"damage_healed":0,"gold_gain":0,"player_choice":"Got Potions","damage_taken":0,"max_hp_gain":0,"max_hp_loss":0,"event_name":"Lab","floor":21,"gold_loss":0}],"is_beta":false,"boss_relics":[{"not_picked":["Calling Bell","Runic Pyramid"],"picked":"Black Blood"}],"items_purged_floors":[20],"is_endless":false,"potions_floor_spawned":[4,12,13,18],"killed_by":"Slavers","ascension_level":4}}