{"host":"344lv32hnei0mdhu","time":1608622243,"event":{"mods":["Act Like it!","BaseMod","Better Match","Better Sensory Stone","Better Skull","Better Third Choice","Better Vampires","Colored Powertips","Highlight Path","Minty Spire (QoL Compilation)","Quick Restart","Random Character Button","Rare Cards Sparkle","StSLib"],"gold_per_floor":[114,40,40,57,57,86,86,115,169,188,188,206,224,224,224,320,320,332,332,180,180,24,24,40,58,58,68,68,78,78,98,98,198,198,212,212,222,237,255,255,255,281,281,281,281,298,198,226,226,226,226],"floor_reached":50,"playtime":1705,"items_purged":["Strike_R","Decay"],"score":779,"play_id":"8c98bf82-8ad8-4d43-b718-3cc2176d326a","local_time":"20201222013043","is_ascension_mode":true,"campfire_choices":[{"data":"Inflame","floor":7.0,"key":"SMITH"},{"floor":11.0,"key":"REST"},{"floor":15.0,"key":"REST"},{"floor":23.0,"key":"REST"},{"data":"Limit Break","floor":28.0,"key":"SMITH"},{"floor":32.0,"key":"REST"},{"floor":40,"key":"REST"},{"floor":44,"key":"REST"},{"floor":49,"key":"REST"}],"circlet_count":0,"master_deck":["Strike_R","Strike_R","Defend_R","Defend_R","Defend_R","Defend_R","Bash","Shrug It Off","Limit Break+1","Inflame+1","Twin Strike","Flame Barrier","Battle Trance","Sunder","Immolate","Intimidate","Uppercut","Power Through","Spot Weakness","Offering","Twin Strike+1","Spot Weakness+1","Twin Strike+1","Doubt","Cleave+1","Reckless Charge+1"],"relics":["Burning Blood","NeowsBlessing","Vajra","CaptainsWheel","Red Skull","Mercury Hourglass","Velvet Choker","MutagenicStrength","Akabeko","Bronze Scales","Empty Cage","Happy Flower","Bag of Marbles","Potion Belt"],"acts_visited":["Exordium","TheCity","TheBeyond"],"potions_floor_usage":[33,33,38,39],"damage_taken":[{"damage":0.0,"enemies":"Small Slimes","floor":1.0,"turns":1.0},{"damage":0.0,"enemies":"Cultist","floor":4.0,"turns":1.0},{"damage":0.0,"enemies":"Gremlin Nob","floor":6.0,"turns":1.0},{"damage":32.0,"enemies":"Lagavulin","floor":8.0,"turns":6.0},{"damage":7.0,"enemies":"Jaw Worm","floor":10.0,"turns":4.0},{"damage":3.0,"enemies":"Looter","floor":12.0,"turns":4.0},{"damage":8.0,"enemies":"Blue Slaver","floor":13.0,"turns":5.0},{"damage":41.0,"enemies":"Hexaghost","floor":16.0,"turns":6.0},{"damage":24.0,"enemies":"2 Thieves","floor":18.0,"turns":3.0},{"damage":0.0,"enemies":"Spheric Guardian","floor":24.0,"turns":2.0},{"damage":24.0,"enemies":"Snake Plant","floor":25.0,"turns":4.0},{"damage":0.0,"enemies":"Cultist and Chosen","floor":27.0,"turns":4.0},{"damage":6.0,"enemies":"Sentry and Sphere","floor":29.0,"turns":3.0},{"damage":15.0,"enemies":"Snake Plant","floor":31.0,"turns":3.0},{"damage":73,"enemies":"Automaton","floor":33,"turns":10},{"damage":10,"enemies":"3 Shapes","floor":35,"turns":3},{"damage":11,"enemies":"Orb Walker","floor":37,"turns":4},{"damage":29,"enemies":"3 Darklings","floor":38,"turns":4},{"damage":12,"enemies":"Maw","floor":39,"turns":6},{"damage":40,"enemies":"Reptomancer","floor":42,"turns":5},{"damage":24,"enemies":"4 Shapes","floor":46,"turns":8},{"damage":11,"enemies":"Nemesis","floor":48,"turns":3},{"damage":95,"enemies":"Awakened One","floor":50,"turns":8}],"seed_played":"-110859749710216215","potions_obtained":[{"floor":12.0,"key":"Swift Potion"},{"floor":13.0,"key":"ColorlessPotion"},{"floor":16.0,"key":"AttackPotion"},{"floor":18.0,"key":"Energy Potion"},{"floor":24.0,"key":"HeartOfIron"},{"floor":35,"key":"DistilledChaos"},{"floor":38,"key":"Dexterity Potion"}],"is_trial":false,"path_per_floor":["M","$","?","M","$","E","R","E","T","M","R","M","M","?","R","B",null,"M","?","$","?","$","R","M","M","T","M","R","M","?","M","R","B",null,"M","?","M","M","M","R","?","E","T","R","?","M","$","E","R","B"],"character_chosen":"IRONCLAD","items_purchased":["Fire Breathing","Uppercut","Akabeko"],"campfire_rested":7,"item_purchase_floors":[2,20,22],"current_hp_per_floor":[78,78,80,80,80,80,80,54,54,53,77,80,78,57,80,45,71,53,53,53,53,53,77,80,62,62,68,68,68,68,59,80,13,63,59,59,54,31,25,49,49,15,15,39,80,62,62,57,80,0,0],"gold":226,"neow_bonus":"THREE_ENEMY_KILL","is_daily":false,"chose_seed":false,"campfire_upgraded":2,"win_rate":0.0,"timestamp":1608622243,"path_taken":["M","$","?","M","$","E","R","E","T","?","R","M","M","?","R","BOSS","M","?","$","?","?","R","M","M","T","M","R","M","?","?","R","BOSS","M","?","M","M","M","R","?","E","T","R","?","M","$","E","R","BOSS"],"items_purchased_type":["Card","Card","Relic"],"build_version":"2020-12-13","purchased_purges":2,"victory":false,"max_hp_per_floor":[80,80,80,80,80,80,80,80,80,80,80,80,80,80,80,80,80,80,80,80,80,80,80,80,80,80,80,80,80,80,80,80,80,80,80,80,80,80,80,80,80,80,80,80,80,80,80,80,80,80,80],"card_choices":[{"not_picked":["Perfected Strike","Body Slam"],"picked":"Shrug It Off","floor":1.0},{"not_picked":["Iron Wave","Clothesline"],"picked":"Limit Break","floor":4.0},{"not_picked":["Sentinel","Pommel Strike"],"picked":"Inflame","floor":6.0},{"not_picked":["Searing Blow","True Grit"],"picked":"Twin Strike","floor":8.0},{"not_picked":["Pummel","Flex"],"picked":"Flame Barrier","floor":10.0},{"not_picked":["Iron Wave","Heavy Blade","Clash"],"picked":"SKIP","floor":12.0},{"not_picked":["Sentinel","Shrug It Off"],"picked":"Battle Trance","floor":13.0},{"not_picked":["Exhume","Berserk"],"picked":"Immolate","floor":16.0},{"not_picked":["Warcry","Rampage"],"picked":"Intimidate","floor":18.0},{"not_picked":["Warcry","Clash","Headbutt"],"picked":"SKIP","floor":24.0},{"not_picked":["Sword Boomerang","Pommel Strike+1"],"picked":"Power Through","floor":25.0},{"not_picked":["Rage","Flex"],"picked":"Spot Weakness","floor":27.0},{"not_picked":["Clash","Havoc+1","Cleave"],"picked":"SKIP","floor":29.0},{"not_picked":["Body Slam","Warcry","Headbutt+1"],"picked":"SKIP","floor":31.0},{"not_picked":["Juggernaut","Barricade"],"picked":"Offering","floor":33},{"not_picked":["Pommel Strike+1","Entrench","Infernal Blade"],"picked":"SKIP","floor":35},{"not_picked":["Feel No Pain","Thunderclap+1","Flex"],"picked":"SKIP","floor":37},{"not_picked":["Rupture","Hemokinesis"],"picked":"Twin Strike+1","floor":38},{"not_picked":["Cleave","Dropkick+1"],"picked":"Spot Weakness+1","floor":39},{"not_picked":["Cleave","Sword Boomerang"],"picked":"Twin Strike+1","floor":42},{"not_picked":["Sentinel","Battle Trance+1"],"picked":"Cleave+1","floor":46},{"not_picked":["Clash","Uppercut"],"picked":"Reckless Charge+1","floor":48}],"player_experience":262099,"relics_obtained":[{"floor":6.0,"key":"Vajra"},{"floor":8.0,"key":"CaptainsWheel"},{"floor":9.0,"key":"Red Skull"},{"floor":26.0,"key":"Bronze Scales"},{"floor":42,"key":"Happy Flower"},{"floor":43,"key":"Bag of Marbles"},{"floor":48,"key":"Potion Belt"}],"event_choices":[{"damage_healed":2.0,"max_hp_gain":0.0,"max_hp_loss":0.0,"gold_gain":0.0,"event_name":"Wheel of Change","player_choice":"Full Heal","floor":3.0,"gold_loss":0.0,"damage_taken":0.0},{"damage_healed":0.0,"max_hp_gain":0.0,"max_hp_loss":0.0,"gold_gain":1.0,"event_name":"betterThird:BetterScrap","player_choice":"Relic Card ","floor":14.0,"gold_loss":0.0,"damage_taken":21.0,"cards_obtained":["Sunder","Storm of Steel"]},{"damage_healed":0.0,"max_hp_gain":0.0,"max_hp_loss":0.0,"gold_gain":0.0,"event_name":"Beggar","player_choice":"Ignored","floor":19.0,"gold_loss":0.0,"damage_taken":0.0},{"damage_healed":0.0,"max_hp_gain":0.0,"max_hp_loss":0.0,"gold_gain":0.0,"event_name":"Drug Dealer","player_choice":"Inject Mutagens","floor":21.0,"gold_loss":0.0,"damage_taken":0.0,"relics_obtained":["MutagenicStrength"]},{"damage_healed":0.0,"max_hp_gain":0.0,"max_hp_loss":0.0,"gold_gain":0.0,"event_name":"Wheel of Change","player_choice":"Cursed","floor":30.0,"gold_loss":0.0,"damage_taken":0.0,"cards_obtained":["Decay"]},{"damage_healed":0,"gold_gain":0,"player_choice":"Ignored","damage_taken":0,"max_hp_gain":0,"max_hp_loss":0,"event_name":"Tomb of Lord Red Mask","floor":36,"gold_loss":0},{"cards_removed":["Fire Breathing"],"damage_healed":0,"gold_gain":0,"player_choice":"Removed Power","damage_taken":0,"max_hp_gain":0,"max_hp_loss":0,"event_name":"Falling","floor":41,"gold_loss":0},{"damage_healed":41,"gold_gain":0,"player_choice":"Heal","damage_taken":0,"max_hp_gain":0,"max_hp_loss":0,"event_name":"MindBloom","floor":45,"gold_loss":0,"cards_obtained":["Doubt"]}],"is_beta":false,"boss_relics":[{"not_picked":["Cursed Key","Black Star"],"picked":"Velvet Choker"},{"not_picked":["Philosopher\u0027s Stone","Astrolabe"],"picked":"Empty Cage"}],"items_purged_floors":[20,47],"is_endless":false,"potions_floor_spawned":[12,13,16,18,24,35,38],"killed_by":"Awakened One","ascension_level":9}}