{"host":"63yhhrjweyj22b0v","time":1608668316,"event":{"mods":["BaseMod","Minty Spire (QoL Compilation)","Quick Restart"],"gold_per_floor":[119,44,219,219,232,232,232,232,283,6,22,22,42,72,72,176,176,195,195,195],"floor_reached":19,"playtime":516,"items_purged":["Strike_P"],"score":155,"play_id":"665282d1-ec77-4899-8f6e-04775d812e57","local_time":"20201222141836","is_ascension_mode":false,"campfire_choices":[{"data":"Eruption","floor":6,"key":"SMITH"},{"data":"MentalFortress","floor":8,"key":"SMITH"},{"data":"Vigilance","floor":12,"key":"SMITH"},{"data":"FlurryOfBlows","floor":15,"key":"SMITH"}],"circlet_count":0,"master_deck":["Strike_P","Strike_P","Strike_P","Defend_P","Defend_P","Defend_P","Defend_P","Eruption+1","Vigilance+1","FlurryOfBlows","MentalFortress+1","FlurryOfBlows","EmptyFist","Prostrate","FlurryOfBlows+1","Alpha"],"relics":["PureWater","NeowsBlessing","Bag of Preparation","HandDrill","VioletLotus"],"acts_visited":["Exordium","TheCity"],"potions_floor_usage":[16],"damage_taken":[{"damage":0,"enemies":"2 Louse","floor":1,"turns":1},{"damage":0,"enemies":"Jaw Worm","floor":5,"turns":1},{"damage":0,"enemies":"Cultist","floor":11,"turns":1},{"damage":2,"enemies":"Blue Slaver","floor":13,"turns":2},{"damage":38,"enemies":"The Guardian","floor":16,"turns":9},{"damage":52,"enemies":"3 Byrds","floor":18,"turns":5},{"damage":10,"enemies":"Shell Parasite","floor":19,"turns":3}],"seed_played":"762621095473242486","potions_obtained":[{"floor":11,"key":"StancePotion"},{"floor":16,"key":"DuplicationPotion"}],"is_trial":false,"path_per_floor":["M","$","?","?","M","R","?","R","T","$","M","R","M","?","R","B",null,"M","M"],"character_chosen":"WATCHER","items_purchased":["MentalFortress","HandDrill","EmptyFist"],"campfire_rested":0,"item_purchase_floors":[2,10,10],"current_hp_per_floor":[72,72,72,72,72,72,65,65,65,65,65,65,63,63,63,25,72,20,10,10],"gold":195,"neow_bonus":"THREE_ENEMY_KILL","is_daily":false,"chose_seed":false,"campfire_upgraded":4,"win_rate":0.0,"timestamp":1608668316,"path_taken":["M","$","?","?","?","R","?","R","T","$","M","R","M","?","R","BOSS","M","M"],"items_purchased_type":["Card","Relic","Card"],"build_version":"2020-12-13","purchased_purges":1,"victory":false,"max_hp_per_floor":[72,72,72,72,72,72,72,72,72,72,72,72,72,72,72,72,72,72,72,72],"card_choices":[{"not_picked":["FollowUp","ReachHeaven"],"picked":"FlurryOfBlows","floor":1},{"not_picked":["JustLucky","CrushJoints"],"picked":"FlurryOfBlows","floor":5},{"not_picked":["EmptyBody","InnerPeace"],"picked":"Prostrate","floor":11},{"not_picked":["Study","MasterReality"],"picked":"FlurryOfBlows","floor":13},{"not_picked":["Establishment","DeusExMachina"],"picked":"Alpha","floor":16},{"not_picked":["ForeignInfluence","Indignation","CutThroughFate"],"picked":"SKIP","floor":18}],"player_experience":631478,"relics_obtained":[{"floor":9,"key":"Bag of Preparation"}],"event_choices":[{"damage_healed":0,"gold_gain":175,"player_choice":"AGREE","damage_taken":0,"max_hp_gain":0,"max_hp_loss":0,"event_name":"Liars Game","floor":3,"gold_loss":0,"cards_obtained":["Doubt"]},{"damage_healed":0,"gold_gain":0,"player_choice":"Full Heal","damage_taken":0,"max_hp_gain":0,"max_hp_loss":0,"event_name":"Wheel of Change","floor":4,"gold_loss":0},{"cards_removed":["Doubt"],"damage_healed":0,"gold_gain":0,"player_choice":"Card Removal","damage_taken":7,"max_hp_gain":0,"max_hp_loss":0,"event_name":"Golden Wing","floor":7,"gold_loss":0},{"damage_healed":0,"gold_gain":30,"player_choice":"Searched \u00271\u0027 times","damage_taken":0,"max_hp_gain":0,"max_hp_loss":0,"event_name":"Dead Adventurer","floor":14,"gold_loss":0}],"is_beta":false,"boss_relics":[{"not_picked":["Sozu","Calling Bell"],"picked":"VioletLotus"}],"items_purged_floors":[10],"is_endless":false,"potions_floor_spawned":[11,16],"killed_by":"Shell Parasite","ascension_level":0}}