{"host":"t75twhtg6c476ygg","time":1608644802,"event":{"mods":["AchievementEnabler","BaseMod","Colored Powertips","Minty Spire (QoL Compilation)","Quick Restart","Relic Stats","StSLib","SuperFastMode"],"gold_per_floor":[112,112,112,112,131,164,188,188,188,188,203,223,223,238,238,364,364,379,402,402,427,441,441,484,35,58,105,105,105,139,153,153,288,288,316,42,102,115,115,164,185,185,185,218,242,0,93,121,121,121,144,167,167,26,71,71],"floor_reached":57,"playtime":2432,"items_purged":["Wild Strike+1"],"score":1032,"play_id":"0f4e1f94-9f11-41a3-aa3d-ef3ab5e98c25","local_time":"20201222134642","is_ascension_mode":true,"campfire_choices":[{"data":"Demon Form","floor":8.0,"key":"SMITH"},{"data":"Flex","floor":13.0,"key":"SMITH"},{"data":"Metallicize","floor":15.0,"key":"SMITH"},{"data":"Shockwave","floor":23.0,"key":"SMITH"},{"data":"Double Tap","floor":32.0,"key":"SMITH"},{"floor":42.0,"key":"REST"},{"data":"Whirlwind","floor":49.0,"key":"SMITH"},{"data":"Shrug It Off","floor":53.0,"key":"SMITH"}],"circlet_count":0,"master_deck":["Bash+1","Metallicize+1","Thunderclap+1","Demon Form+1","Seeing Red","Flex+1","Reaper","Limit Break+1","Headbutt+1","Intimidate","Shrug It Off+1","Double Tap+1","Immolate","Heavy Blade+1","Whirlwind+1","Battle Trance+1","Flex+1","Seeing Red+1","Parasite","Feed","Rampage+1","Headbutt+1","Warcry"],"relics":["Burning Blood","NeowsBlessing","Golden Idol","Question Card","Thread and Needle","Bronze Scales","Astrolabe","CeramicFish","Lee\u0027s Waffle","StoneCalendar","Red Skull","Smiling Mask","Pandora\u0027s Box","Bottled Lightning","Gambling Chip","Vajra","FossilizedHelix","Red Mask","Whetstone","Strawberry","Membership Card","Blood Vial","Torii","TungstenRod"],"acts_visited":["Exordium","TheCity","TheBeyond","TheEnding"],"potions_floor_usage":[56,56,56,56,56,56],"damage_taken":[{"damage":0.0,"enemies":"2 Louse","floor":1.0,"turns":1.0},{"damage":0.0,"enemies":"Small Slimes","floor":5.0,"turns":2.0},{"damage":0.0,"enemies":"Lagavulin","floor":6.0,"turns":2.0},{"damage":2.0,"enemies":"Cultist","floor":7.0,"turns":5.0},{"damage":3.0,"enemies":"3 Louse","floor":11.0,"turns":3.0},{"damage":15.0,"enemies":"Gremlin Gang","floor":12.0,"turns":3.0},{"damage":0.0,"enemies":"Blue Slaver","floor":14.0,"turns":5.0},{"damage":21.0,"enemies":"Slime Boss","floor":16.0,"turns":7.0},{"damage":27.0,"enemies":"2 Thieves","floor":18.0,"turns":3.0},{"damage":7.0,"enemies":"Shell Parasite","floor":19.0,"turns":4.0},{"damage":13.0,"enemies":"Snake Plant","floor":21.0,"turns":4.0},{"damage":27.0,"enemies":"Snecko","floor":22.0,"turns":5.0},{"damage":18.0,"enemies":"Gremlin Leader","floor":24.0,"turns":6.0},{"damage":44.0,"enemies":"Slavers","floor":27.0,"turns":7.0},{"damage":27.0,"enemies":"3 Cultists","floor":30.0,"turns":6.0},{"damage":22.0,"enemies":"Snake Plant","floor":31.0,"turns":3.0},{"damage":53.0,"enemies":"Collector","floor":33.0,"turns":7.0},{"damage":18.0,"enemies":"Orb Walker","floor":35.0,"turns":4.0},{"damage":50.0,"enemies":"2 Orb Walkers","floor":37.0,"turns":3.0},{"damage":0.0,"enemies":"3 Darklings","floor":38.0,"turns":1.0},{"damage":52.0,"enemies":"Reptomancer","floor":40.0,"turns":7.0},{"damage":12.0,"enemies":"4 Shapes","floor":41.0,"turns":7.0},{"damage":30.0,"enemies":"Sphere and 2 Shapes","floor":44.0,"turns":3.0},{"damage":72.0,"enemies":"Transient","floor":45.0,"turns":5.0},{"damage":0.0,"enemies":"Writhing Mass","floor":48.0,"turns":3.0},{"damage":0.0,"enemies":"2 Fungi Beasts","floor":51.0,"turns":1.0},{"damage":74.0,"enemies":"Donu and Deca","floor":52.0,"turns":6.0},{"damage":34.0,"enemies":"Shield and Spear","floor":55.0,"turns":5.0},{"damage":38,"enemies":"The Heart","floor":56,"turns":7}],"seed_played":"5323520814103832911","potions_obtained":[{"floor":1.0,"key":"SkillPotion"},{"floor":6.0,"key":"Fire Potion"},{"floor":19.0,"key":"Explosive Potion"},{"floor":24.0,"key":"ColorlessPotion"},{"floor":27.0,"key":"Weak Potion"},{"floor":30.0,"key":"SteroidPotion"},{"floor":31.0,"key":"DistilledChaos"},{"floor":38.0,"key":"Explosive Potion"},{"floor":40.0,"key":"Weak Potion"},{"floor":41.0,"key":"Fruit Juice"},{"floor":51.0,"key":"BlessingOfTheForge"},{"floor":52.0,"key":"LiquidMemories"}],"is_trial":false,"path_per_floor":["M","?","?","?","M","E","M","R","T","?","M","M","R","M","R","B",null,"M","M","?","M","M","R","E","$","T","E","?","$","M","M","R","B",null,"M","$","?","M","?","E","M","R","T","M","M","?","$","M","R","B","M","M","R","$","E","B",null],"character_chosen":"IRONCLAD","items_purchased":["Lee\u0027s Waffle","StoneCalendar","Bottled Lightning","Whirlwind","Whetstone","Strawberry","Fruit Juice","Membership Card"],"campfire_rested":1,"item_purchase_floors":[25,25,36,36,47,47,47,54],"current_hp_per_floor":[78,58,51,51,57,63,67,67,67,67,70,61,61,67,67,52,73,80,79,79,80,59,59,65,87,87,81,81,81,79,63,63,47,77,68,68,43,49,49,27,26,52,52,49,58,58,70,100,100,100,100,98,98,98,98,68],"gold":71,"neow_bonus":"THREE_ENEMY_KILL","is_daily":false,"chose_seed":false,"campfire_upgraded":7,"win_rate":0.0,"timestamp":1608644802,"path_taken":["M","?","?","?","M","E","?","R","T","?","M","M","R","M","R","BOSS","M","?","?","?","M","R","E","$","T","E","?","$","?","M","R","BOSS","M","?","?","?","?","E","M","R","T","M","M","?","?","M","R","BOSS","BOSS","BOSS","R","$","E","BOSS"],"items_purchased_type":["Relic","Relic","Relic","Card","Relic","Relic","Potion","Relic"],"build_version":"2020-12-13","purchased_purges":1,"victory":true,"max_hp_per_floor":[80,80,80,80,80,80,80,80,80,80,80,80,80,80,80,80,80,80,80,80,80,80,80,80,87,87,87,87,87,87,87,87,87,87,87,87,87,87,83,83,88,88,88,88,88,88,100,100,100,100,100,103,103,103,106,106],"relic_stats":{"Lee\u0027s Waffle":22,"Torii":34,"counters":[32,129],"Golden Idol":202,"Astrolabe":["Limit Break","Feel No Pain","Wild Strike"],"CeramicFish":117,"StoneCalendar":[92],"Whetstone":["Bash","Thunderclap"],"Question Card":28,"Smiling Mask":25,"Burning Blood":155,"Blood Vial":2,"Bronze Scales":[394],"Gambling Chip":[22],"Pandora\u0027s Box":["Immolate","Cleave","Fire Breathing","Rupture"],"obtain_stats":[{"Lee\u0027s Waffle":25,"NeowsBlessing":0,"Torii":56,"Golden Idol":2,"Astrolabe":17,"CeramicFish":24,"Vajra":40,"Thread and Needle":6,"StoneCalendar":25,"Whetstone":47,"Question Card":3,"Smiling Mask":27,"Burning Blood":0,"Blood Vial":55,"Bronze Scales":9,"Gambling Chip":37,"Strawberry":47,"Pandora\u0027s Box":34,"Red Mask":46,"Bottled Lightning":36,"Membership Card":54,"Red Skull":26,"FossilizedHelix":43,"TungstenRod":56},{"Lee\u0027s Waffle":13,"NeowsBlessing":0,"Torii":32,"Golden Idol":1,"Astrolabe":8,"CeramicFish":13,"Vajra":21,"Thread and Needle":3,"StoneCalendar":13,"Whetstone":24,"Question Card":1,"Smiling Mask":14,"Burning Blood":0,"Blood Vial":31,"Bronze Scales":4,"Gambling Chip":19,"Strawberry":24,"Pandora\u0027s Box":17,"Red Mask":24,"Bottled Lightning":18,"Membership Card":30,"Red Skull":13,"FossilizedHelix":22,"TungstenRod":32},{"Lee\u0027s Waffle":50,"NeowsBlessing":0,"Torii":123,"Golden Idol":1,"Astrolabe":28,"CeramicFish":50,"Vajra":88,"Thread and Needle":5,"StoneCalendar":50,"Whetstone":103,"Question Card":1,"Smiling Mask":57,"Burning Blood":0,"Blood Vial":122,"Bronze Scales":10,"Gambling Chip":80,"Strawberry":103,"Pandora\u0027s Box":73,"Red Mask":103,"Bottled Lightning":77,"Membership Card":117,"Red Skull":50,"FossilizedHelix":95,"TungstenRod":123}],"TungstenRod":23},"card_choices":[{"not_picked":["Power Through","Sword Boomerang"],"picked":"Metallicize","floor":1.0},{"not_picked":["Wild Strike","Rupture","Infernal Blade"],"picked":"Thunderclap","floor":5.0},{"not_picked":["Twin Strike","Anger","Warcry"],"picked":"Demon Form","floor":6.0},{"not_picked":["Iron Wave","Anger","Clothesline","Wild Strike"],"picked":"SKIP","floor":7.0},{"not_picked":["Armaments","Blood for Blood","Heavy Blade"],"picked":"Flex","floor":11.0},{"not_picked":["Anger","Juggernaut","Headbutt"],"picked":"Shockwave","floor":12.0},{"not_picked":["Wild Strike","Anger","Sever Soul","Armaments"],"picked":"SKIP","floor":14.0},{"not_picked":["Impervious","Barricade","Corruption"],"picked":"Reaper","floor":16.0},{"not_picked":["Havoc","Armaments","Headbutt"],"picked":"Sword Boomerang","floor":18.0},{"not_picked":["Cleave","Carnage+1","Iron Wave"],"picked":"Intimidate","floor":19.0},{"not_picked":["Disarm","Perfected Strike+1","Dual Wield","Anger"],"picked":"SKIP","floor":21.0},{"not_picked":["Burning Pact","Blood for Blood+1","Feel No Pain","Heavy Blade+1"],"picked":"SKIP","floor":22.0},{"not_picked":["True Grit","Heavy Blade","Sentinel","Wild Strike"],"picked":"SKIP","floor":24.0},{"not_picked":["Heavy Blade+1","Reckless Charge+1","Battle Trance"],"picked":"Shrug It Off","floor":27.0},{"not_picked":["Pommel Strike+1","Carnage+1","True Grit"],"picked":"Double Tap","floor":30.0},{"not_picked":["Twin Strike","Metallicize","Warcry","Hemokinesis+1"],"picked":"SKIP","floor":31.0},{"not_picked":["Reaper","Feed","Exhume"],"picked":"Immolate","floor":33.0},{"not_picked":["Headbutt+1","Uppercut+1","True Grit"],"picked":"Heavy Blade+1","floor":35.0},{"not_picked":["Wild Strike","Twin Strike+1","Heavy Blade+1","Sword Boomerang"],"picked":"SKIP","floor":38.0},{"not_picked":["Thunderclap+1","Combust+1","Armaments+1"],"picked":"Battle Trance+1","floor":40.0},{"not_picked":["Sever Soul+1","Battle Trance+1","Iron Wave","Bludgeon"],"picked":"SKIP","floor":41.0},{"not_picked":["Sword Boomerang","Wild Strike","Dropkick"],"picked":"Flex+1","floor":44.0},{"not_picked":["Sword Boomerang+1","Intimidate","Perfected Strike+1"],"picked":"Seeing Red+1","floor":45.0},{"not_picked":["Uppercut","Bloodletting","Body Slam","Anger"],"picked":"SKIP","floor":48.0},{"not_picked":["Cleave","Havoc+1","Thunderclap","Combust+1"],"picked":"SKIP","floor":51.0},{"not_picked":["Cleave","Havoc+1","Thunderclap","Combust+1"],"picked":"SKIP","floor":51.0},{"not_picked":["Headbutt+1","Rampage+1","Twin Strike+1","Perfected Strike+1"],"picked":"SKIP","floor":52.0},{"not_picked":["Headbutt+1","Twin Strike+1","Perfected Strike+1"],"picked":"Rampage+1","floor":52.0},{"not_picked":["Twin Strike+1","Uppercut+1","Fiend Fire"],"picked":"Warcry","floor":55.0}],"player_experience":185562,"relics_obtained":[{"floor":6.0,"key":"Thread and Needle"},{"floor":9.0,"key":"Bronze Scales"},{"floor":24.0,"key":"CeramicFish"},{"floor":26.0,"key":"Red Skull"},{"floor":27.0,"key":"Smiling Mask"},{"floor":37.0,"key":"Gambling Chip"},{"floor":40.0,"key":"Vajra"},{"floor":43.0,"key":"FossilizedHelix"},{"floor":55.0,"key":"Blood Vial"}],"event_choices":[{"damage_healed":0.0,"max_hp_gain":0.0,"max_hp_loss":0.0,"gold_gain":0.0,"event_name":"Golden Idol","player_choice":"Take Damage","floor":2.0,"gold_loss":0.0,"damage_taken":20.0,"relics_obtained":["Golden Idol"]},{"damage_healed":0.0,"max_hp_gain":0.0,"max_hp_loss":0.0,"gold_gain":0.0,"event_name":"Scrap Ooze","player_choice":"Success","floor":3.0,"gold_loss":0.0,"damage_taken":7.0,"relics_obtained":["Question Card"]},{"cards_removed":["Strike_R"],"damage_healed":0.0,"max_hp_gain":0.0,"max_hp_loss":0.0,"gold_gain":0.0,"event_name":"Bonfire Elementals","player_choice":"Offered Basic","floor":4.0,"gold_loss":0.0,"damage_taken":0.0},{"damage_healed":0.0,"max_hp_gain":0.0,"max_hp_loss":0.0,"gold_gain":0.0,"cards_transformed":["Defend_R"],"event_name":"Transmorgrifier","player_choice":"Transformed","floor":10.0,"gold_loss":0.0,"damage_taken":0.0,"cards_obtained":["Seeing Red"]},{"cards_removed":["Feel No Pain"],"damage_healed":0.0,"max_hp_gain":0.0,"max_hp_loss":0.0,"gold_gain":0.0,"event_name":"Purifier","player_choice":"Purged","floor":20.0,"gold_loss":0.0,"damage_taken":0.0},{"cards_removed":["Shockwave"],"damage_healed":0.0,"max_hp_gain":0.0,"max_hp_loss":0.0,"gold_gain":0.0,"event_name":"Purifier","player_choice":"Purged","floor":28.0,"gold_loss":0.0,"damage_taken":0.0},{"damage_healed":0.0,"max_hp_gain":0.0,"max_hp_loss":0.0,"gold_gain":0.0,"event_name":"Mysterious Sphere","player_choice":"Fight","floor":37.0,"gold_loss":0.0,"damage_taken":0.0},{"damage_healed":0.0,"max_hp_gain":0.0,"max_hp_loss":4.0,"gold_gain":0.0,"event_name":"Winding Halls","player_choice":"Max HP","floor":39.0,"gold_loss":0.0,"damage_taken":0.0},{"damage_healed":0.0,"max_hp_gain":0.0,"max_hp_loss":0.0,"gold_gain":0.0,"event_name":"Tomb of Lord Red Mask","player_choice":"Paid","floor":46.0,"gold_loss":242.0,"damage_taken":0.0,"relics_obtained":["Red Mask"]}],"is_beta":false,"boss_relics":[{"not_picked":["Empty Cage","Cursed Key"],"picked":"Astrolabe"},{"not_picked":["Black Blood","SacredBark"],"picked":"Pandora\u0027s Box"}],"items_purged_floors":[47],"is_endless":false,"potions_floor_spawned":[1,6,19,24,27,30,31,38,40,41,51,52],"ascension_level":6}}