{"host":"usewcu4ohw2wtmxk","time":1608618403,"event":{"mods":["BaseMod","Minty Spire (QoL Compilation)","Permanent Neow","Quick Restart","Relic Stats","UnlockEverythingMod"],"gold_per_floor":[117,117,131,131,144,169,179,179,179,179,179,128,153,163,163,235,235,253,253,264,275,294,294,321,321,345,374,299,299,309,344,344,421,421,440,459,192,82,102,129,129,158,230,255,266,104,115,147,147,147,147,147,147,58,89,89,89],"floor_reached":56,"playtime":4349,"items_purged":["Defend_P","Defend_P","Strike_P"],"score":2820,"play_id":"8f2bf011-1ab5-4780-9ead-e43fa725af46","local_time":"20201222142643","is_ascension_mode":true,"campfire_choices":[{"data":"Eruption","floor":8.0,"key":"SMITH"},{"data":"FlurryOfBlows","floor":15.0,"key":"SMITH"},{"floor":23.0,"key":"REST"},{"data":"WheelKick","floor":25.0,"key":"SMITH"},{"floor":32.0,"key":"REST"},{"floor":41.0,"key":"RECALL"},{"data":"1","floor":49.0,"key":"LIFT"},{"data":"2","floor":53.0,"key":"LIFT"}],"circlet_count":0,"master_deck":["AscendersBane","Strike_P+1","Strike_P+1","Defend_P+1","Defend_P+1","Eruption+1","Vigilance+1","FlurryOfBlows+1","CutThroughFate+1","BowlingBash+1","Scrawl+1","Indignation+1","Brilliance+1","Pray+1","WheelKick+1","Worship+1","Prostrate+1","MentalFortress+1","LessonLearned+1","Crescendo+1","FearNoEvil+1","Adaptation+1","Wallop+1","Pray+1","TalkToTheHand+1","MentalFortress+1","Purity+1"],"relics":["PureWater","Thread and Needle","Orichalcum","Lantern","InkBottle","HornCleat","Dream Catcher","Toxic Egg 2","Philosopher\u0027s Stone","Enchiridion","Pantograph","FossilizedHelix","Question Card","Runic Dome","Meat on the Bone","Art of War","Yang","Girya","Damaru","Blood Vial"],"acts_visited":["Exordium","TheCity","TheBeyond","TheEnding"],"potions_floor_usage":[],"damage_taken":[{"damage":3.0,"enemies":"Cultist","floor":1.0,"turns":3.0},{"damage":0.0,"enemies":"Jaw Worm","floor":3.0,"turns":2.0},{"damage":0.0,"enemies":"Small Slimes","floor":5.0,"turns":3.0},{"damage":30.0,"enemies":"Lagavulin","floor":6.0,"turns":5.0},{"damage":0.0,"enemies":"2 Fungi Beasts","floor":7.0,"turns":3.0},{"damage":0.0,"enemies":"Gremlin Nob","floor":13.0,"turns":3.0},{"damage":0.0,"enemies":"Exordium Thugs","floor":14.0,"turns":3.0},{"damage":13.0,"enemies":"Slime Boss","floor":16.0,"turns":6.0},{"damage":12.0,"enemies":"Shell Parasite","floor":18.0,"turns":3.0},{"damage":0.0,"enemies":"Spheric Guardian","floor":20.0,"turns":2.0},{"damage":0.0,"enemies":"Chosen and Byrds","floor":21.0,"turns":2.0},{"damage":0.0,"enemies":"Centurion and Healer","floor":22.0,"turns":3.0},{"damage":0.0,"enemies":"Book of Stabbing","floor":24.0,"turns":2.0},{"damage":10.0,"enemies":"Slavers","floor":27.0,"turns":2.0},{"damage":0.0,"enemies":"Snake Plant","floor":30.0,"turns":3.0},{"damage":7.0,"enemies":"Gremlin Leader","floor":31.0,"turns":3.0},{"damage":0.0,"enemies":"Automaton","floor":33.0,"turns":4.0},{"damage":9.0,"enemies":"3 Darklings","floor":35.0,"turns":4.0},{"damage":0.0,"enemies":"3 Shapes","floor":36.0,"turns":3.0},{"damage":0.0,"enemies":"Spire Growth","floor":39.0,"turns":4.0},{"damage":0.0,"enemies":"Reptomancer","floor":40.0,"turns":2.0},{"damage":0.0,"enemies":"Giant Head","floor":42.0,"turns":5.0},{"damage":0.0,"enemies":"Nemesis","floor":44.0,"turns":3.0},{"damage":0.0,"enemies":"Maw","floor":45.0,"turns":3.0},{"damage":10.0,"enemies":"Writhing Mass","floor":47.0,"turns":4.0},{"damage":0.0,"enemies":"Giant Head","floor":48.0,"turns":3.0},{"damage":0.0,"enemies":"Donu and Deca","floor":50.0,"turns":6.0},{"damage":0.0,"enemies":"Awakened One","floor":51.0,"turns":4.0},{"damage":11.0,"enemies":"Shield and Spear","floor":55.0,"turns":6.0},{"damage":78,"enemies":"The Heart","floor":56,"turns":3}],"seed_played":"-5226180635727858320","potions_obtained":[{"floor":1.0,"key":"LiquidBronze"},{"floor":6.0,"key":"Regen Potion"},{"floor":16.0,"key":"SkillPotion"},{"floor":22.0,"key":"Swift Potion"},{"floor":27.0,"key":"EntropicBrew"},{"floor":29.0,"key":"Explosive Potion"},{"floor":33.0,"key":"BottledMiracle"},{"floor":36.0,"key":"LiquidMemories"}],"is_trial":false,"path_per_floor":["M","?","M","T","M","E","M","R","T","?","?","?","E","M","R","B",null,"M","?","M","M","M","R","E","R","T","E","$","?","M","E","R","B",null,"M","M","$","?","M","E","R","E","T","E","M","$","M","E","R","B","B",null,"R","$","E","B"],"character_chosen":"WATCHER","items_purchased":["Adaptation","Wallop","MentalFortress","Purity+1"],"campfire_rested":2,"item_purchase_floors":[37,37,46,54],"current_hp_per_floor":[40,45,45,45,45,15,15,15,15,10,10,10,19,19,19,6,56,44,23,23,23,23,44,44,44,44,34,34,34,34,27,48,73,73,64,64,64,64,64,64,64,64,64,64,64,64,54,54,54,73,73,73,73,73,62,0,0],"gold":89,"neow_bonus":"ONE_RARE_RELIC","is_daily":false,"chose_seed":false,"campfire_upgraded":3,"win_rate":0.0,"timestamp":1608618403,"path_taken":["M","?","M","?","M","E","M","R","T","?","?","?","E","M","R","BOSS","M","?","M","M","M","R","E","R","T","E","$","?","M","E","R","BOSS","M","?","$","?","M","E","R","E","T","E","M","$","?","E","R","BOSS","BOSS","R","$","E","BOSS"],"items_purchased_type":["Card","Card","Card","Card"],"build_version":"2020-12-13","purchased_purges":3,"victory":false,"max_hp_per_floor":[68,73,73,73,73,73,73,73,73,73,73,73,73,73,73,73,73,73,73,73,73,73,73,73,73,73,73,73,73,73,73,73,73,73,73,73,73,73,73,73,73,73,73,73,73,73,73,73,73,73,73,73,73,73,73,73,73],"relic_stats":{"Blood Vial":2,"Dream Catcher":2,"counters":[30,102],"Pantograph":53,"Yang":[126],"Art of War":[1],"Orichalcum":[96],"Question Card":12,"obtain_stats":[{"Girya":44,"Lantern":6,"Enchiridion":19,"Damaru":48,"Thread and Needle":0,"Yang":43,"Orichalcum":4,"Question Card":31,"Blood Vial":55,"Runic Dome":34,"Dream Catcher":12,"HornCleat":10,"Pantograph":24,"Philosopher\u0027s Stone":17,"Art of War":42,"PureWater":0,"Toxic Egg 2":13,"InkBottle":9,"FossilizedHelix":27,"Meat on the Bone":40},{"Girya":23,"Lantern":4,"Enchiridion":9,"Damaru":26,"Thread and Needle":0,"Yang":22,"Orichalcum":2,"Question Card":16,"Blood Vial":29,"Runic Dome":17,"Dream Catcher":5,"HornCleat":5,"Pantograph":13,"Philosopher\u0027s Stone":8,"Art of War":22,"PureWater":0,"Toxic Egg 2":6,"InkBottle":5,"FossilizedHelix":14,"Meat on the Bone":21},{"Girya":73,"Lantern":13,"Enchiridion":31,"Damaru":83,"Thread and Needle":0,"Yang":70,"Orichalcum":5,"Question Card":48,"Blood Vial":99,"Runic Dome":52,"Dream Catcher":16,"HornCleat":16,"Pantograph":40,"Philosopher\u0027s Stone":28,"Art of War":70,"PureWater":0,"Toxic Egg 2":19,"InkBottle":16,"FossilizedHelix":42,"Meat on the Bone":65}],"InkBottle":[53],"Meat on the Bone":0},"card_choices":[{"not_picked":["Wireheading","SashWhip"],"picked":"FlurryOfBlows","floor":1.0},{"not_picked":["JustLucky","ReachHeaven"],"picked":"CutThroughFate","floor":3.0},{"not_picked":["JustLucky","SashWhip","WaveOfTheHand"],"picked":"SKIP","floor":5.0},{"not_picked":["EmptyBody","WaveOfTheHand","CutThroughFate"],"picked":"SKIP","floor":6.0},{"not_picked":["Consecrate","FollowUp","JustLucky"],"picked":"SKIP","floor":7.0},{"not_picked":["FollowUp","SandsOfTime","BowlingBash"],"picked":"SKIP","floor":13.0},{"not_picked":["FollowUp","SandsOfTime"],"picked":"BowlingBash","floor":13.0},{"not_picked":["FollowUp","JustLucky","ThirdEye+1"],"picked":"SKIP","floor":14.0},{"not_picked":["ConjureBlade+1","Wish+1"],"picked":"Scrawl+1","floor":16.0},{"not_picked":["JustLucky","Evaluate+1","DeceiveReality+1"],"picked":"SKIP","floor":18.0},{"not_picked":["Evaluate+1","FollowUp+1"],"picked":"Indignation+1","floor":20.0},{"not_picked":["FollowUp","Sanctity+1","JustLucky"],"picked":"SKIP","floor":21.0},{"not_picked":["FollowUp","Sanctity+1","JustLucky"],"picked":"SKIP","floor":21.0},{"not_picked":["FollowUp","Sanctity+1","JustLucky"],"picked":"SKIP","floor":21.0},{"not_picked":["ClearTheMind+1","FlyingSleeves+1"],"picked":"Brilliance","floor":22.0},{"not_picked":["SashWhip","Halt+1"],"picked":"Pray+1","floor":23.0},{"not_picked":["SashWhip+1","EmptyMind+1"],"picked":"WheelKick","floor":24.0},{"not_picked":["Protect+1","EmptyBody+1"],"picked":"Worship+1","floor":27.0},{"not_picked":["Perseverance+1","SashWhip","Halt+1"],"picked":"SKIP","floor":30.0},{"not_picked":["Perseverance+1","FollowUp"],"picked":"Prostrate+1","floor":31.0},{"not_picked":["FollowUp","Halt+1","DeceiveReality+1"],"picked":"MentalFortress+1","floor":32.0},{"not_picked":["Alpha+1","SpiritShield+1","Vault+1"],"picked":"LessonLearned","floor":33.0},{"not_picked":["ThirdEye+1","Protect+1","Consecrate","Crescendo+1"],"picked":"SKIP","floor":35.0},{"not_picked":["ThirdEye+1","Protect+1","Consecrate"],"picked":"Crescendo+1","floor":35.0},{"not_picked":["SignatureMove","DeceiveReality+1","Weave"],"picked":"FearNoEvil","floor":36.0},{"not_picked":["Adaptation","PathToVictory+1","ThirdEye+1"],"picked":"Pray+1","floor":39.0},{"not_picked":["Prostrate+1","PathToVictory+1","EmptyMind+1","BowlingBash"],"picked":"SKIP","floor":40.0},{"not_picked":["Blasphemy+1","SignatureMove","ThirdEye+1","FollowUp"],"picked":"SKIP","floor":42.0},{"not_picked":["Halt+1","EmptyBody+1","FlurryOfBlows","BattleHymn"],"picked":"SKIP","floor":44.0},{"not_picked":["JustLucky","Alpha+1","SashWhip"],"picked":"TalkToTheHand+1","floor":45.0},{"not_picked":["PathToVictory+1","Fasting2","Consecrate","CutThroughFate+1"],"picked":"SKIP","floor":47.0},{"not_picked":["Consecrate","ReachHeaven","ThirdEye+1","ClearTheMind+1"],"picked":"SKIP","floor":48.0},{"not_picked":["Consecrate","ReachHeaven","ThirdEye+1","ClearTheMind+1"],"picked":"SKIP","floor":48.0},{"not_picked":["EmptyFist","ClearTheMind+1","FearNoEvil+1","ConjureBlade+1"],"picked":"SKIP","floor":55.0}],"player_experience":211882,"relics_obtained":[{"floor":4.0,"key":"Orichalcum"},{"floor":6.0,"key":"Lantern"},{"floor":9.0,"key":"InkBottle"},{"floor":13.0,"key":"Toxic Egg 2"},{"floor":19.0,"key":"Enchiridion"},{"floor":24.0,"key":"Pantograph"},{"floor":27.0,"key":"FossilizedHelix"},{"floor":31.0,"key":"Question Card"},{"floor":40.0,"key":"Meat on the Bone"},{"floor":42.0,"key":"Art of War"},{"floor":43.0,"key":"Yang"},{"floor":44.0,"key":"Girya"},{"floor":48.0,"key":"Damaru"},{"floor":55.0,"key":"Blood Vial"}],"event_choices":[{"damage_healed":0.0,"max_hp_gain":5.0,"max_hp_loss":0.0,"gold_gain":0.0,"event_name":"Big Fish","player_choice":"Donut","floor":2.0,"gold_loss":0.0,"damage_taken":0.0},{"damage_healed":0.0,"max_hp_gain":0.0,"max_hp_loss":0.0,"gold_gain":0.0,"event_name":"Scrap Ooze","player_choice":"Success","floor":10.0,"gold_loss":0.0,"damage_taken":5.0,"relics_obtained":["HornCleat"]},{"damage_healed":0.0,"max_hp_gain":0.0,"max_hp_loss":0.0,"gold_gain":0.0,"event_name":"Shining Light","player_choice":"Ignored","floor":11.0,"gold_loss":0.0,"damage_taken":0.0},{"damage_healed":0.0,"max_hp_gain":0.0,"max_hp_loss":0.0,"gold_gain":0.0,"event_name":"WeMeetAgain","player_choice":"Paid Gold","floor":12.0,"gold_loss":51.0,"damage_taken":0.0,"relics_obtained":["Dream Catcher"]},{"damage_healed":0.0,"max_hp_gain":0.0,"max_hp_loss":0.0,"gold_gain":0.0,"event_name":"Cursed Tome","player_choice":"Obtained Book","floor":19.0,"gold_loss":0.0,"damage_taken":21.0},{"damage_healed":0.0,"max_hp_gain":0.0,"max_hp_loss":0.0,"gold_gain":0.0,"event_name":"Lab","player_choice":"Got Potions","floor":29.0,"gold_loss":0.0,"damage_taken":0.0},{"cards_removed":["Strike_P"],"damage_healed":0.0,"max_hp_gain":0.0,"max_hp_loss":0.0,"gold_gain":0.0,"event_name":"Designer","player_choice":"Upgrade and Remove","floor":38.0,"gold_loss":110.0,"damage_taken":0.0,"cards_upgraded":["Strike_P"]}],"is_beta":false,"boss_relics":[{"not_picked":["Fusion Hammer","SacredBark"],"picked":"Philosopher\u0027s Stone"},{"not_picked":["Runic Pyramid","Cursed Key"],"picked":"Runic Dome"}],"items_purged_floors":[28,37,46],"is_endless":false,"potions_floor_spawned":[1,6,16,18,22,27,33,35,36,47,48],"killed_by":"The Heart","ascension_level":20}}