{"host":"u8v3smlhv612t412","time":1608643933,"event":{"mods":["BaseMod","Better Altar","Better Match","Better Note","Better Skull","Better Third Choice","BetterRewards","Colored Powertips","DeckTracker","Minty Spire (QoL Compilation)","Quick Restart","Rare Cards Sparkle","Relic Stats","Spicy Shops","StSLib","slay the spire mod where everything is the same but ironclad has a cowboy hat"],"gold_per_floor":[109,123,123,134,147,147,174,174,174,174,194,194,205,217,217,313,363,379,398,412,412,327,327,354,354,399,50,63,63,63],"floor_reached":29,"playtime":1438,"items_purged":["Strike_P","Defend_P","Strike_P"],"score":311,"play_id":"ccb1ea71-c976-470d-82ff-b9c191764f74","local_time":"20201222083213","is_ascension_mode":true,"campfire_choices":[{"data":"Eruption","floor":6,"key":"SMITH"},{"data":"Halt","floor":8,"key":"SMITH"},{"data":"Vigilance","floor":10,"key":"SMITH"},{"data":"Study","floor":12,"key":"SMITH"},{"data":"LikeWater","floor":15,"key":"SMITH"},{"data":"Scrawl","floor":23,"key":"SMITH"},{"data":"Protect","floor":25,"key":"SMITH"}],"circlet_count":0,"master_deck":["Strike_P","Strike_P","Defend_P","Defend_P","Defend_P","Eruption+1","Vigilance+1","Study+1","Consecrate+1","BowlingBash+1","Halt+1","Wallop+1","FlurryOfBlows+1","EmptyFist+1","LikeWater+1","FlurryOfBlows+1","CrushJoints+1","Establishment+1","FlyingSleeves+1","WindmillStrike+1","Protect+1","Scrawl+1","Sanctity","ClearTheMind","FollowUp+1"],"relics":["PureWater","Mummified Hand","Molten Egg 2","Pear","Matryoshka","Tiny House","Nilry\u0027s Codex","Blue Candle","Orichalcum","Happy Flower","PreservedInsect","Lantern"],"acts_visited":["Exordium","TheCity"],"potions_floor_usage":[11,13,19,24,28,28],"damage_taken":[{"damage":0,"enemies":"2 Louse","floor":1,"turns":3},{"damage":0,"enemies":"Cultist","floor":2,"turns":3},{"damage":0,"enemies":"Small Slimes","floor":4,"turns":3},{"damage":0,"enemies":"3 Louse","floor":5,"turns":2},{"damage":0,"enemies":"Lagavulin","floor":7,"turns":4},{"damage":7,"enemies":"Blue Slaver","floor":11,"turns":2},{"damage":1,"enemies":"Exordium Wildlife","floor":13,"turns":3},{"damage":13,"enemies":"Red Slaver","floor":14,"turns":2},{"damage":21,"enemies":"The Guardian","floor":16,"turns":10},{"damage":8,"enemies":"2 Thieves","floor":18,"turns":2},{"damage":5,"enemies":"Shell Parasite","floor":19,"turns":4},{"damage":3,"enemies":"Snecko","floor":20,"turns":4},{"damage":31,"enemies":"Gremlin Leader","floor":24,"turns":6},{"damage":19,"enemies":"Centurion and Healer","floor":28,"turns":3},{"damage":12,"enemies":"Shelled Parasite and Fungi","floor":29,"turns":2}],"seed_played":"8844775788989446319","potions_obtained":[{"floor":2,"key":"StancePotion"},{"floor":7,"key":"DuplicationPotion"},{"floor":16,"key":"FearPotion"},{"floor":17,"key":"StancePotion"},{"floor":19,"key":"Weak Potion"}],"is_trial":false,"path_per_floor":["M","M","?","M","M","R","E","R","T","R","M","R","M","M","R","B",null,"M","M","M","?","?","R","E","R","T","$","M","M"],"character_chosen":"WATCHER","items_purchased":["Mummified Hand","Study","Molten Egg 2","Consecrate+1","BowlingBash+1","ClearTheMind","Lantern","Explosive Potion","Strength Potion"],"campfire_rested":0,"item_purchase_floors":[0,0,0,0,0,27,27,27,27],"current_hp_per_floor":[40,40,45,45,45,45,55,55,55,55,48,48,47,34,34,13,87,79,74,71,55,55,55,24,24,24,24,5,0,0],"gold":63,"neow_bonus":"","is_daily":false,"chose_seed":false,"campfire_upgraded":7,"win_rate":0.0,"timestamp":1608643933,"path_taken":["M","M","?","M","M","R","E","R","T","R","M","R","?","M","R","BOSS","M","M","M","?","?","R","E","R","T","$","M","M"],"items_purchased_type":["Relic","Card","Relic","Card","Card","Card","Relic","Potion","Potion"],"build_version":"2020-12-13","purchased_purges":3,"victory":false,"max_hp_per_floor":[72,72,72,72,72,72,82,82,82,82,82,82,82,82,82,82,87,87,87,87,87,87,87,87,87,87,87,87,87,87],"relic_stats":{"Happy Flower":[1],"counters":[67,260],"Mummified Hand":[33],"Blue Candle":[0],"PreservedInsect":0,"Orichalcum":[6],"obtain_stats":[{"Lantern":0,"Tiny House":17,"Torii":0,"Nilry\u0027s Codex":21,"CeramicFish":0,"SacredBark":34,"Juzu Bracelet":0,"TeardropLocket":9,"Ginger":25,"Smiling Mask":9,"Ancient Tea Set":0,"Matryoshka":0,"Sundial":30,"Mummified Hand":0,"Strawberry":0,"VioletLotus":17,"Toxic Egg 2":13,"InkBottle":26,"Pear":7,"Happy Flower":26,"Blue Candle":5,"PreservedInsect":7,"Omamori":19,"Letter Opener":10,"War Paint":27,"Frozen Egg 2":0,"Orichalcum":24,"Anchor":24,"Bottled Flame":7,"Molten Egg 2":0,"Art of War":21,"Bag of Marbles":0,"Membership Card":0,"PureWater":0},{"Lantern":0,"Tiny House":10,"Torii":16,"Nilry\u0027s Codex":64,"CeramicFish":16,"SacredBark":33,"Juzu Bracelet":48,"TeardropLocket":6,"Ginger":30,"Smiling Mask":47,"Ancient Tea Set":48,"Matryoshka":37,"Sundial":32,"Mummified Hand":52,"Strawberry":48,"VioletLotus":25,"Toxic Egg 2":8,"InkBottle":30,"Pear":57,"Happy Flower":65,"Blue Candle":19,"PreservedInsect":41,"Omamori":26,"Letter Opener":7,"War Paint":31,"Frozen Egg 2":42,"Orichalcum":65,"Anchor":15,"Bottled Flame":21,"Molten Egg 2":52,"Art of War":27,"Bag of Marbles":37,"Membership Card":42,"PureWater":0},{"Lantern":0,"Tiny House":38,"Torii":70,"Nilry\u0027s Codex":249,"CeramicFish":70,"SacredBark":130,"Juzu Bracelet":192,"TeardropLocket":22,"Ginger":117,"Smiling Mask":186,"Ancient Tea Set":192,"Matryoshka":143,"Sundial":125,"Mummified Hand":207,"Strawberry":192,"VioletLotus":97,"Toxic Egg 2":31,"InkBottle":117,"Pear":222,"Happy Flower":255,"Blue Candle":77,"PreservedInsect":164,"Omamori":100,"Letter Opener":28,"War Paint":121,"Frozen Egg 2":166,"Orichalcum":255,"Anchor":65,"Bottled Flame":85,"Molten Egg 2":207,"Art of War":103,"Bag of Marbles":143,"Membership Card":166,"PureWater":0}]},"card_choices":[{"not_picked":["FlyingSleeves+1","ClearTheMind"],"picked":"Halt","floor":1},{"not_picked":["PathToVictory","Study"],"picked":"SashWhip+1","floor":2},{"not_picked":["Pray","JustLucky+1"],"picked":"Wallop+1","floor":4},{"not_picked":["ThirdEye","Protect"],"picked":"FlurryOfBlows+1","floor":5},{"not_picked":["EmptyBody","Ragnarok+1"],"picked":"EmptyFist+1","floor":7},{"not_picked":["FlurryOfBlows+1","Collect"],"picked":"LikeWater","floor":11},{"not_picked":["Protect","CrushJoints+1"],"picked":"FlurryOfBlows+1","floor":13},{"not_picked":["BattleHymn","JustLucky+1"],"picked":"CrushJoints+1","floor":14},{"not_picked":["Vault","Devotion"],"picked":"Establishment","floor":16},{"not_picked":["CrushJoints+1","Wallop+1"],"picked":"FlyingSleeves+1","floor":17},{"not_picked":["Halt","FlurryOfBlows+1"],"picked":"WindmillStrike+1","floor":18},{"not_picked":["FlurryOfBlows+1","Evaluate+1"],"picked":"Protect","floor":19},{"not_picked":["LikeWater+1","FollowUp+1"],"picked":"Scrawl","floor":20},{"not_picked":["EmptyFist+1","ThirdEye+1"],"picked":"Sanctity","floor":24},{"not_picked":["Prostrate","JustLucky+1"],"picked":"FollowUp+1","floor":28}],"player_experience":472923,"relics_obtained":[{"floor":7,"key":"Pear"},{"floor":9,"key":"Matryoshka"},{"floor":21,"key":"Nilry\u0027s Codex"},{"floor":24,"key":"Orichalcum"},{"floor":26,"key":"Happy Flower"},{"floor":26,"key":"PreservedInsect"}],"event_choices":[{"cards_removed":["SashWhip"],"damage_healed":5,"gold_gain":0,"player_choice":"Offered Common","damage_taken":0,"max_hp_gain":0,"max_hp_loss":0,"event_name":"Bonfire Elementals","floor":3,"gold_loss":0},{"cards_removed":["SashWhip"],"damage_healed":5,"gold_gain":0,"player_choice":"Offered Special","damage_taken":0,"max_hp_gain":0,"max_hp_loss":0,"event_name":"Bonfire Elementals","floor":3,"gold_loss":0},{"damage_healed":0,"gold_gain":0,"player_choice":"Obtained Book","damage_taken":16,"max_hp_gain":0,"max_hp_loss":0,"event_name":"Cursed Tome","floor":21,"gold_loss":0},{"damage_healed":0,"gold_gain":0,"player_choice":"Obtained Relic","damage_taken":0,"relics_obtained":["Blue Candle"],"max_hp_gain":0,"max_hp_loss":0,"event_name":"Addict","floor":22,"gold_loss":85}],"is_beta":false,"boss_relics":[{"not_picked":["Runic Dome","Busted Crown"],"picked":"Tiny House"}],"items_purged_floors":[0,0,27],"is_endless":false,"potions_floor_spawned":[2,7,16,19],"killed_by":"Shelled Parasite and Fungi","ascension_level":1}}