{"host":"a8svnhkzvql11ago","time":1608677688,"event":{"mods":["Act Like it!","BaseMod","Better Sensory Stone","Colored Powertips","Conspire","Exacting","Highlight Path","Hubris","Magitek Elite","Minty Spire (QoL Compilation)","Replay The Spire","Shop Mod","StSLib","Transform Curses","vexMod"],"gold_per_floor":[118,118,133,133,133,175,175,199,199,237,260,287,287,308,308,413,413,447,447,470,41,47,47],"floor_reached":22,"playtime":2001,"items_purged":[],"score":213,"play_id":"eb933159-8fa1-4dae-99d4-61ea7406f052","local_time":"20201222175448","is_ascension_mode":false,"campfire_choices":[{"floor":7,"key":"REST"},{"floor":13,"key":"REST"},{"floor":15,"key":"REST"}],"circlet_count":0,"master_deck":["Strike_P","Strike_P","Strike_P","Strike_P","Defend_P","Defend_P","Defend_P","Defend_P","Eruption","Vigilance","EmptyBody","LikeWater","BowlingBash","Adaptation","SpiritShield","Meditate","PathToVictory","Brilliance","LikeWater","Establishment+1","FearNoEvil+1","LikeWater","DevaForm"],"relics":["PureWater","NeowsBlessing","hubris:EvacipatedBox","hubris:FruitBowl","CeramicFish","Gremlin Horn","hubris:Backtick","Membership Card","Replay:Bandana","PreservedInsect","vexMod:Cooldron","MerchantsRug"],"acts_visited":["Exordium","TheCity"],"potions_floor_usage":[16,16,20,22,22,22],"damage_taken":[{"damage":0,"enemies":"Cultist","floor":1,"turns":1},{"damage":0,"enemies":"2 Louse","floor":3,"turns":2},{"damage":0,"enemies":"3 Sentries","floor":6,"turns":2},{"damage":10,"enemies":"Jaw Worm","floor":8,"turns":4},{"damage":6,"enemies":"Lots of Slimes","floor":10,"turns":5},{"damage":5,"enemies":"Looter","floor":11,"turns":4},{"damage":8,"enemies":"Red Slaver","floor":12,"turns":5},{"damage":0,"enemies":"Exordium Wildlife","floor":14,"turns":4},{"damage":40,"enemies":"Fading Forest","floor":16,"turns":11},{"damage":48,"enemies":"3 Byrds","floor":18,"turns":5},{"damage":15,"enemies":"conspire:FuzzyDice","floor":20,"turns":7},{"damage":15,"enemies":"Snake Plant","floor":22,"turns":5}],"seed_played":"1014590705188251152","potions_obtained":[{"floor":3,"key":"Adrenaline Potion"},{"floor":8,"key":"Weak Potion"},{"floor":10,"key":"LifebloodPotion"},{"floor":20,"key":"BlessingOfTheForge"}],"is_trial":false,"path_per_floor":["M","?","M","?","$","E","R","M","T","M","M","M","R","M","R","B",null,"M","?","M","$","M"],"character_chosen":"WATCHER","items_purchased":["hubris:EvacipatedBox","hubris:FruitBowl","Replay:Bandana","PreservedInsect","vexMod:Cooldron","DevaForm","Adrenaline Potion","SkillPotion","MerchantsRug"],"campfire_rested":3,"item_purchase_floors":[5,5,21,21,21,21,21,21,21],"current_hp_per_floor":[72,72,72,72,34,34,55,45,45,39,34,26,47,47,68,38,72,24,24,9,9,0,0],"gold":47,"neow_bonus":"THREE_ENEMY_KILL","is_daily":false,"chose_seed":false,"campfire_upgraded":0,"win_rate":0.0,"timestamp":1608677688,"path_taken":["M","?","M","?","?","E","R","M","T","M","M","M","R","M","R","BOSS","M","?","M","$","?"],"items_purchased_type":["Relic","Relic","Relic","Relic","Relic","Card","Potion","Potion","Relic"],"build_version":"2020-12-13","purchased_purges":0,"victory":false,"max_hp_per_floor":[72,72,72,72,72,72,72,72,72,72,72,72,72,72,72,72,72,72,72,72,72,72,72],"card_choices":[{"not_picked":["CutThroughFate","Replay:ManipulateFuture"],"picked":"EmptyBody","floor":1},{"not_picked":["Halt","Replay:BluntJabs"],"picked":"BowlingBash","floor":3},{"not_picked":["Replay:BluntJabs","Replay:Anticipation"],"picked":"Adaptation","floor":6},{"not_picked":["Consecrate","Crescendo"],"picked":"SpiritShield","floor":8},{"not_picked":["CrushJoints","TalkToTheHand"],"picked":"Meditate","floor":10},{"not_picked":["ClearTheMind","WheelKick"],"picked":"PathToVictory","floor":11},{"not_picked":["Replay:Anticipation","CrushJoints"],"picked":"Brilliance","floor":12},{"not_picked":["Replay:Cycle","WheelKick"],"picked":"LikeWater","floor":14},{"not_picked":["Vault","Brilliance"],"picked":"Establishment","floor":16},{"not_picked":["EmptyFist","Swivel"],"picked":"FearNoEvil+1","floor":18},{"not_picked":["Collect","Replay:AtTheReady+1"],"picked":"LikeWater","floor":20}],"player_experience":161623,"relics_obtained":[{"floor":6,"key":"CeramicFish"},{"floor":9,"key":"Gremlin Horn"}],"event_choices":[{"damage_healed":0,"gold_gain":0,"player_choice":"Ignored","damage_taken":0,"max_hp_gain":0,"max_hp_loss":0,"event_name":"Golden Wing","floor":4,"gold_loss":0},{"damage_healed":0,"gold_gain":0,"player_choice":"Upgraded","damage_taken":0,"max_hp_gain":0,"max_hp_loss":0,"event_name":"Upgrade Shrine","floor":19,"gold_loss":0,"cards_upgraded":["Establishment"]}],"is_beta":false,"boss_relics":[{"not_picked":["Astrolabe","vexMod:EndlessSickness","conspire:RoyalGoblet"],"picked":"hubris:Backtick"}],"items_purged_floors":[],"is_endless":false,"potions_floor_spawned":[3,8,11,20],"killed_by":"Snake Plant","ascension_level":0}}