{"host":"efbmiwe3kdtynlc6","time":1608637129,"event":{"mods":["BaseMod","Colored Map","Minty Spire (QoL Compilation)","Permanent Neow","Quick Restart","Rare Cards Sparkle","StSLib","SuperFastMode","UnlockEverythingMod","everything is the same but u backflip on backflip"],"gold_per_floor":[109,109,123,134,152,152,132,151,151,181,181,192,117,144,144,222,222,241,241,257,268,284,284,284,27,81,116,136,136,163,179,179,252,252,262,262,275,497,497,258,286,305,305,305,305,337,337,352,352,352,352],"floor_reached":50,"playtime":1757,"items_purged":["Strike_G","Defend_G","Grand Finale+1"],"score":1114,"play_id":"ec9d55d2-a150-4ab4-915c-0452cc5e02a5","local_time":"20201222203849","is_ascension_mode":true,"campfire_choices":[{"data":"Accuracy","floor":6.0,"key":"SMITH"},{"data":"Blade Dance","floor":11.0,"key":"SMITH"},{"data":"Reflex","floor":15.0,"key":"SMITH"},{"data":"After Image","floor":23.0,"key":"SMITH"},{"floor":29.0,"key":"REST"},{"data":"Wraith Form v2","floor":32.0,"key":"SMITH"},{"data":"Wraith Form v2","floor":45.0,"key":"SMITH"},{"data":"Concentrate","floor":47.0,"key":"SMITH"},{"floor":49,"key":"RECALL"}],"circlet_count":0,"master_deck":["AscendersBane","Defend_G","Defend_G","Defend_G","Defend_G","Survivor","Neutralize","Blade Dance+1","Blade Dance","Accuracy+1","PiercingWail","Reflex+1","Concentrate+1","After Image+1","Dagger Throw+1","Blade Dance+1","Wraith Form v2+1","Acrobatics","Wraith Form v2+1","Cloak And Dagger","Finesse","Deflect","Infinite Blades"],"relics":["Ring of the Snake","Snake Skull","Nunchaku","Pear","Astrolabe","OrangePellets","Akabeko","Red Mask","Potion Belt","HoveringKite","Eternal Feather","Pocketwatch"],"acts_visited":["Exordium","TheCity","TheBeyond"],"potions_floor_usage":[50],"damage_taken":[{"damage":0.0,"enemies":"Jaw Worm","floor":1.0,"turns":6.0},{"damage":0.0,"enemies":"Cultist","floor":3.0,"turns":3.0},{"damage":0.0,"enemies":"Small Slimes","floor":4.0,"turns":2.0},{"damage":0.0,"enemies":"3 Louse","floor":5.0,"turns":3.0},{"damage":4.0,"enemies":"2 Fungi Beasts","floor":8.0,"turns":3.0},{"damage":12.0,"enemies":"3 Sentries","floor":10.0,"turns":8.0},{"damage":4.0,"enemies":"Blue Slaver","floor":12.0,"turns":3.0},{"damage":11.0,"enemies":"Lagavulin","floor":14.0,"turns":5.0},{"damage":21.0,"enemies":"Hexaghost","floor":16.0,"turns":6.0},{"damage":3.0,"enemies":"Chosen","floor":18.0,"turns":5.0},{"damage":0.0,"enemies":"Spheric Guardian","floor":20.0,"turns":3.0},{"damage":11.0,"enemies":"Cultist and Chosen","floor":21.0,"turns":7.0},{"damage":26.0,"enemies":"Snake Plant","floor":22.0,"turns":8.0},{"damage":3.0,"enemies":"Masked Bandits","floor":27.0,"turns":3.0},{"damage":0.0,"enemies":"Centurion and Healer","floor":28.0,"turns":4.0},{"damage":20.0,"enemies":"Slavers","floor":30.0,"turns":5.0},{"damage":0.0,"enemies":"Snecko","floor":31.0,"turns":3.0},{"damage":13.0,"enemies":"Automaton","floor":33.0,"turns":7.0},{"damage":0.0,"enemies":"Orb Walker","floor":35.0,"turns":5.0},{"damage":0.0,"enemies":"3 Darklings","floor":37.0,"turns":6.0},{"damage":0.0,"enemies":"Giant Head","floor":41.0,"turns":8.0},{"damage":17.0,"enemies":"Transient","floor":42.0,"turns":6.0},{"damage":31.0,"enemies":"Reptomancer","floor":46.0,"turns":10.0},{"damage":0,"enemies":"Sphere and 2 Shapes","floor":48,"turns":4},{"damage":59,"enemies":"Awakened One","floor":50,"turns":11}],"seed_played":"-7744864502115960631","potions_obtained":[{"floor":1.0,"key":"Strength Potion"},{"floor":4.0,"key":"EssenceOfSteel"},{"floor":7.0,"key":"Swift Potion"},{"floor":12.0,"key":"GamblersBrew"},{"floor":20.0,"key":"SneckoOil"},{"floor":22.0,"key":"GamblersBrew"},{"floor":27.0,"key":"Block Potion"},{"floor":31.0,"key":"FearPotion"},{"floor":33.0,"key":"GamblersBrew"},{"floor":41.0,"key":"AttackPotion"},{"floor":42.0,"key":"Weak Potion"}],"is_trial":false,"path_per_floor":["M","?","M","M","M","R","?","M","T","E","R","M","$","E","R","B",null,"M","?","M","M","M","R","?","$","T","?","M","R","E","M","R","B",null,"M","?","M","?","?","$","E","M","T","?","R","E","R","M","R","B"],"character_chosen":"THE_SILENT","items_purchased":["OrangePellets","GhostInAJar"],"campfire_rested":1,"item_purchase_floors":[25,40],"current_hp_per_floor":[59,59,59,59,59,59,59,55,55,43,43,39,39,38,38,17,61,58,58,58,47,21,21,21,21,21,18,18,40,20,20,20,7,59,59,49,49,49,49,49,49,32,32,32,44,13,25,25,37,0,0],"gold":352,"neow_bonus":"THREE_CARDS","is_daily":false,"chose_seed":false,"campfire_upgraded":7,"win_rate":0.0,"timestamp":1608637129,"path_taken":["M","?","M","M","?","R","?","M","T","E","R","M","$","E","R","BOSS","M","?","M","M","?","R","?","$","T","?","M","R","E","M","R","BOSS","M","?","M","?","?","$","E","?","T","?","R","E","R","M","R","BOSS"],"items_purchased_type":["Relic","Potion"],"build_version":"2020-12-13","purchased_purges":3,"victory":false,"max_hp_per_floor":[66,66,66,66,66,66,66,66,66,66,66,66,66,76,76,76,76,76,76,76,76,76,76,76,76,76,76,76,76,76,76,76,76,76,76,76,76,76,76,76,76,76,76,76,76,76,76,76,76,76,76],"card_choices":[{"not_picked":["Dodge and Roll","Cloak And Dagger"],"picked":"Dagger Throw","floor":0.0},{"not_picked":["Expertise","Setup"],"picked":"Blade Dance","floor":1.0},{"not_picked":["Dagger Throw","Infinite Blades"],"picked":"Blade Dance","floor":3.0},{"not_picked":["PiercingWail","Dagger Spray"],"picked":"Accuracy","floor":4.0},{"not_picked":["Deadly Poison","Dodge and Roll"],"picked":"PiercingWail","floor":5.0},{"not_picked":["Bane","Sucker Punch","Dagger Spray"],"picked":"SKIP","floor":8.0},{"not_picked":["Choke","Wraith Form v2"],"picked":"Reflex","floor":10.0},{"not_picked":["Slice","Dodge and Roll","PiercingWail"],"picked":"SKIP","floor":12.0},{"not_picked":["Bane","Infinite Blades"],"picked":"Concentrate","floor":14.0},{"not_picked":["Adrenaline","Corpse Explosion"],"picked":"After Image","floor":16.0},{"not_picked":["Infinite Blades","Catalyst+1","Heel Hook"],"picked":"SKIP","floor":18.0},{"not_picked":["Underhanded Strike","Dagger Spray","Blur"],"picked":"SKIP","floor":20.0},{"not_picked":["Riddle With Holes","Deadly Poison","Footwork"],"picked":"SKIP","floor":21.0},{"not_picked":["Bane","Noxious Fumes","Poisoned Stab"],"picked":"SKIP","floor":22.0},{"not_picked":["Backflip","Dagger Throw"],"picked":"Acrobatics","floor":27.0},{"not_picked":["Quick Slash","Acrobatics","Deadly Poison"],"picked":"SKIP","floor":28.0},{"not_picked":["Distraction","Heel Hook+1","Grand Finale"],"picked":"SKIP","floor":30.0},{"not_picked":["Dodge and Roll","Quick Slash","Dagger Throw"],"picked":"SKIP","floor":31.0},{"not_picked":["Tools of the Trade","Bullet Time"],"picked":"Wraith Form v2","floor":33.0},{"not_picked":["Flechettes+1","Flying Knee"],"picked":"Cloak And Dagger","floor":35.0},{"not_picked":["Chrysalis","Magnetism"],"picked":"Finesse","floor":36.0},{"not_picked":["Sucker Punch","Bane","Quick Slash"],"picked":"SKIP","floor":37.0},{"not_picked":["Blade Dance","Backflip","Heel Hook"],"picked":"SKIP","floor":41.0},{"not_picked":["Die Die Die","Slice"],"picked":"Deflect","floor":42.0},{"not_picked":["Outmaneuver","Blur","Bane"],"picked":"SKIP","floor":46.0},{"not_picked":["Backflip","Backstab+1"],"picked":"Infinite Blades","floor":48}],"player_experience":321483,"relics_obtained":[{"floor":9.0,"key":"Snake Skull"},{"floor":10.0,"key":"Nunchaku"},{"floor":14.0,"key":"Pear"},{"floor":26.0,"key":"Akabeko"},{"floor":27.0,"key":"Red Mask"},{"floor":30.0,"key":"Potion Belt"},{"floor":41.0,"key":"Eternal Feather"},{"floor":46.0,"key":"Pocketwatch"}],"event_choices":[{"damage_healed":0.0,"max_hp_gain":0.0,"max_hp_loss":0.0,"gold_gain":0.0,"cards_transformed":["Strike_G"],"event_name":"Transmorgrifier","player_choice":"Transformed","floor":2.0,"gold_loss":0.0,"damage_taken":0.0,"cards_obtained":["Bouncing Flask"]},{"damage_healed":0.0,"max_hp_gain":0.0,"max_hp_loss":0.0,"gold_gain":0.0,"event_name":"The Woman in Blue","player_choice":"Bought 1 Potion","floor":7.0,"gold_loss":0.0,"damage_taken":0.0},{"damage_healed":0.0,"max_hp_gain":0.0,"max_hp_loss":0.0,"gold_gain":0.0,"cards_transformed":["Bouncing Flask"],"event_name":"Transmorgrifier","player_choice":"Transformed","floor":19.0,"gold_loss":0.0,"damage_taken":0.0,"cards_obtained":["Wraith Form v2"]},{"damage_healed":0.0,"max_hp_gain":0.0,"max_hp_loss":0.0,"gold_gain":0.0,"event_name":"Vampires","player_choice":"Ignored","floor":24.0,"gold_loss":0.0,"damage_taken":0.0},{"damage_healed":0.0,"max_hp_gain":0.0,"max_hp_loss":0.0,"gold_gain":0.0,"event_name":"Masked Bandits","player_choice":"Fought Bandits","floor":27.0,"gold_loss":0.0,"damage_taken":0.0},{"damage_healed":0.0,"max_hp_gain":0.0,"max_hp_loss":0.0,"gold_gain":0.0,"event_name":"SensoryStone","player_choice":"Memory 3","floor":36.0,"gold_loss":0.0,"damage_taken":10.0},{"damage_healed":0.0,"max_hp_gain":0.0,"max_hp_loss":0.0,"gold_gain":222.0,"event_name":"Tomb of Lord Red Mask","player_choice":"Wore Mask","floor":38.0,"gold_loss":0.0,"damage_taken":0.0},{"damage_healed":0.0,"max_hp_gain":0.0,"max_hp_loss":0.0,"gold_gain":0.0,"cards_transformed":["Dagger Throw"],"event_name":"Transmorgrifier","player_choice":"Transformed","floor":39.0,"gold_loss":0.0,"damage_taken":0.0,"cards_obtained":["All Out Attack"]},{"cards_removed":["All Out Attack"],"damage_healed":0.0,"max_hp_gain":0.0,"max_hp_loss":0.0,"gold_gain":0.0,"event_name":"Falling","player_choice":"Removed Attack","floor":44.0,"gold_loss":0.0,"damage_taken":0.0}],"is_beta":false,"boss_relics":[{"not_picked":["Coffee Dripper","Black Star"],"picked":"Astrolabe"},{"not_picked":["Snecko Eye","Velvet Choker"],"picked":"HoveringKite"}],"items_purged_floors":[13,25,40],"is_endless":false,"potions_floor_spawned":[1,4,12,20,22,27,31,33,41,42],"killed_by":"Awakened One","ascension_level":20}}