{"host":"kqqjvufdj6ouyvqb","time":1608647206,"event":{"mods":["ATMod(阿瑾Mod)","Act Like it!","BaseMod","Colored Powertips","Downfall","Hallownest","HololiveMod","Lobotomy","LobotomyExtend","Minty Spire (QoL Compilation)","Prisma Mod","Quick Restart","Replay The Spire","StSLib","The Alterego","The Construct","The Gatherer","WarShipGirlsR/战舰少女R mod","[IsaacMod]以撒尖塔"],"gold_per_floor":[116,46,46,85,111,165,216,330,330,330,385,429,429,515,515,639,639,639,702,297,403,424,424],"floor_reached":22,"playtime":863,"items_purged":[],"score":336,"play_id":"c7988c85-deb2-4c70-b8d0-f8acf6dbd407","local_time":"20201222222646","is_ascension_mode":true,"campfire_choices":[{"data":"AT_FamilyPortrait","floor":10,"key":"SMITH"},{"data":"Hololive_CallSakuraMiko","floor":13,"key":"SMITH"},{"data":"1","floor":15,"key":"LIFT"}],"circlet_count":0,"master_deck":["Hololive_Strike+1","Hololive_Defend","Hololive_CallSakuraMiko","Hololive_CallSakuraMiko","Hololive_CallSakuraMiko","Hololive_CallSakuraMiko","Hololive_CallSakuraMiko+1","AT_FamilyPortrait+1","Hololive_CallFriendA+1","Hololive_CallCivia+1","Hololive_ScarfAndHalo+1","Hololive_SummonFox","Hololive_OvertimeWork","Hololive_Rebound","Hololive_StrengthChampion+1","Pot Of Greed","Pot Of Greed","Shame"],"relics":["Hololive_TopUpMoney","HushsDoor","AT_ATBox","Chaos","Astrolabe","LetterFromLob","Hallownest:StagBellRelic1","Girya","Regal Pillow","Whetstone","Snack Pack","SteamSale","Centennial Puzzle","Grinning Jar"],"acts_visited":["Exordium","Hallownest:Greenpath"],"potions_floor_usage":[16,16,16],"damage_taken":[{"damage":0,"enemies":"Hallownest:2_Tiktiks_and_1_Crawlid","floor":1,"turns":4},{"damage":0,"enemies":"2_ Uuma","floor":4,"turns":4},{"damage":0,"enemies":"Hallownest:monsterHuskGuard","floor":5,"turns":3},{"damage":0,"enemies":"Hallownest:eliteCrystalGuardian","floor":6,"turns":4},{"damage":0,"enemies":"Hallownest:Wandering_and_Horned","floor":7,"turns":3},{"damage":0,"enemies":"Hallownest:eliteMossKnight","floor":8,"turns":7},{"damage":0,"enemies":"Hallownest:monsterAspidMother","floor":11,"turns":3},{"damage":19,"enemies":"Hallownest:2_Tiktiks_1_Baldur_1_Crawlid","floor":12,"turns":6},{"damage":0,"enemies":"Hallownest:MossCreep_and_Mosskin","floor":14,"turns":4},{"damage":22,"enemies":"Hallownest:BossFalseKnight","floor":16,"turns":8},{"damage":13,"enemies":"Hallownest:Guard_and_Sentry","floor":22,"turns":3}],"seed_played":"9027015137628818188","potions_obtained":[{"floor":1,"key":"Swift Potion"},{"floor":7,"key":"Regen Potion"},{"floor":14,"key":"CultistPotion"}],"is_trial":false,"path_per_floor":["M","?","?","M","M","E","M","E","T","R","M","M","R","M","R","B",null,"M","?","$","?","M"],"character_chosen":"Hololive_HololiveCharacter","items_purchased":["SteamSale","Hololive_SummonFox","Hololive_OvertimeWork","Hololive_Rebound","Hololive_StrengthChampion+1","Centennial Puzzle","Grinning Jar"],"campfire_rested":0,"item_purchase_floors":[20,20,20,20,20,20,20],"current_hp_per_floor":[32,32,32,32,32,32,32,32,32,32,32,13,13,13,13,6,28,28,13,13,13,0,0],"gold":424,"neow_bonus":"BOSS_RELIC","is_daily":false,"chose_seed":false,"campfire_upgraded":2,"win_rate":0.0,"timestamp":1608647206,"path_taken":["M","?","?","M","M","E","M","E","T","R","M","M","R","?","R","BOSS","M","?","$","?","M"],"items_purchased_type":["Relic","Card","Card","Card","Card","Relic","Relic"],"build_version":"2020-12-13","purchased_purges":0,"victory":false,"max_hp_per_floor":[35,35,35,35,35,35,35,35,35,35,35,35,35,35,35,35,35,35,35,35,35,35,35],"card_choices":[{"not_picked":[],"picked":"Bomb","floor":0}],"player_experience":206730,"relics_obtained":[{"floor":1,"key":"LetterFromLob"},{"floor":6,"key":"Girya"},{"floor":8,"key":"Regal Pillow"},{"floor":9,"key":"Whetstone"}],"event_choices":[],"is_beta":false,"boss_relics":[{"not_picked":["Potion Belt","PillsDrop"],"picked":"Snack Pack"},{"not_picked":[]}],"items_purged_floors":[],"is_endless":false,"potions_floor_spawned":[1,7,11,14],"killed_by":"Hallownest:Guard_and_Sentry","ascension_level":6}}