{"host":"ju66gn9zov5ov15o","time":1608673007,"event":{"mods":["2.2 Compatiblity","Act Like it!","BaseMod","Downfall","GifTheSpireLib","Minty Spire (QoL Compilation)","Pale of the Ancients","StSLib"],"gold_per_floor":[99,112,131,131,149,162,213,213,40,40,51,64,64,84,95,95,95,95],"floor_reached":16,"playtime":780,"items_purged":[],"score":96,"play_id":"89ba36a5-f402-4574-bc17-778ac5a95a72","local_time":"20201222223647","is_ascension_mode":false,"campfire_choices":[{"data":"champ:Taunt","floor":1,"key":"SMITH"},{"data":"champ:Lariat","floor":8,"key":"SMITH"},{"data":"champ:EndlessRage","floor":10,"key":"SMITH"},{"data":"champ:EnragedBash","floor":13,"key":"SMITH"}],"circlet_count":0,"master_deck":["champ:Strike","champ:Strike","champ:Strike","champ:Strike","champ:Defend","champ:Defend","champ:Defend","champ:Defend","champ:Execute","champ:Taunt+1","champ:FanOfKnives","champ:Encircle","champ:Lariat+1","champ:EndlessRage+1","champ:FocusedBerserking","champ:IronFortress","champ:EnragedBash+1","champ:AdrenalArmor"],"relics":["champ:ChampionCrown","Orichalcum"],"acts_visited":["Exordium"],"potions_floor_usage":[9,9,16,16,16,16],"damage_taken":[{"damage":8,"enemies":"2 Louse","floor":2,"turns":3},{"damage":4,"enemies":"Cultist","floor":3,"turns":4},{"damage":7,"enemies":"Jaw Worm","floor":5,"turns":3},{"damage":49,"enemies":"Large Slime","floor":6,"turns":9},{"damage":25,"enemies":"downfall:FleeingMerchant","floor":9,"turns":4},{"damage":44,"enemies":"Blue Slaver","floor":11,"turns":5},{"damage":29,"enemies":"Exordium Thugs","floor":12,"turns":5},{"damage":31,"enemies":"Large Slime","floor":14,"turns":5},{"damage":17,"enemies":"2 Fungi Beasts","floor":15,"turns":2},{"damage":36,"enemies":"downfall:Watcher","floor":16,"turns":5}],"seed_played":"-6040996736994475329","potions_obtained":[{"floor":2,"key":"Dexterity Potion"},{"floor":4,"key":"champ:CounterPotion"},{"floor":4,"key":"EntropicBrew"},{"floor":11,"key":"SteroidPotion"},{"floor":14,"key":"Block Potion"}],"is_trial":false,"path_per_floor":["R","M","M","?","M","M","T","R","$","R","M","M","R","M","M","B"],"character_chosen":"THE_CHAMP","items_purchased":["champ:FocusedBerserking","champ:IronFortress"],"campfire_rested":0,"item_purchase_floors":[9,9],"current_hp_per_floor":[99,96,92,92,89,73,73,73,70,70,64,46,46,36,36,0,0,0],"gold":95,"neow_bonus":"TEN_PERCENT_HP_BONUS","is_daily":false,"chose_seed":false,"campfire_upgraded":4,"win_rate":0.0,"timestamp":1608673007,"path_taken":["R","M","M","?","M","M","T","R","$","R","?","M","R","?","M","BOSS"],"items_purchased_type":["Card","Card"],"build_version":"2020-12-13","purchased_purges":0,"victory":false,"max_hp_per_floor":[99,99,99,99,99,99,99,99,99,99,99,99,99,99,99,99,99,99],"card_choices":[{"not_picked":["champ:GladiatorStyle","champ:FocusedBerserking"],"picked":"champ:FanOfKnives","floor":2},{"not_picked":["champ:ViciousMockery","champ:EnGarde"],"picked":"champ:Encircle","floor":3},{"not_picked":["champ:Encircle","champ:DefensiveShout"],"picked":"champ:Lariat","floor":5},{"not_picked":["champ:BerserkerStyle","champ:Backstep"],"picked":"champ:EndlessRage","floor":6},{"not_picked":["champ:Circumvent","champ:PerfectedStrike","champ:TornadoPunch"],"picked":"SKIP","floor":9},{"not_picked":["champ:Haymaker","champ:Devastate","champ:Encircle"],"picked":"SKIP","floor":11},{"not_picked":["champ:PreciseThrust","champ:FocusedBerserking"],"picked":"champ:EnragedBash","floor":12},{"not_picked":["champ:FanOfKnives","champ:FlashCut"],"picked":"champ:AdrenalArmor","floor":14},{"not_picked":["champ:GladiatorStyle","champ:FanOfKnives","champ:Encircle"],"picked":"SKIP","floor":15}],"player_experience":187995,"relics_obtained":[{"floor":7,"key":"Orichalcum"}],"event_choices":[{"damage_healed":0,"gold_gain":0,"player_choice":"Got Potions","damage_taken":0,"max_hp_gain":0,"max_hp_loss":0,"event_name":"Lab","floor":4,"gold_loss":0}],"is_beta":false,"boss_relics":[],"items_purged_floors":[],"is_endless":false,"potions_floor_spawned":[2,6,11,14],"killed_by":"downfall:Watcher","ascension_level":0}}