{"host":"usewcu4ohw2wtmxk","time":1608639845,"event":{"mods":["BaseMod","Minty Spire (QoL Compilation)","Permanent Neow","Quick Restart","Relic Stats","UnlockEverythingMod"],"gold_per_floor":[114,127,202,202,219,219,247,260,328,360,360,375,389,389,389],"floor_reached":14,"playtime":262,"items_purged":[],"score":204,"play_id":"a91573a6-87cb-466b-8d18-ffe63367636e","local_time":"20201222202405","is_ascension_mode":true,"campfire_choices":[{"data":"Sunder","floor":6.0,"key":"SMITH"},{"floor":11.0,"key":"REST"}],"circlet_count":0,"master_deck":["AscendersBane","Strike_B","Strike_B","Strike_B","Defend_B","Defend_B","Defend_B","Defend_B","Zap","Dualcast","Ball Lightning","Sunder+1","Glacier"],"relics":["Cracked Core","Omamori","Girya","Molten Egg 2","Toy Ornithopter"],"acts_visited":["Exordium"],"potions_floor_usage":[],"damage_taken":[{"damage":6.0,"enemies":"Jaw Worm","floor":1.0,"turns":4.0},{"damage":0.0,"enemies":"Cultist","floor":2.0,"turns":3.0},{"damage":0.0,"enemies":"Small Slimes","floor":5.0,"turns":3.0},{"damage":25.0,"enemies":"3 Sentries","floor":7.0,"turns":5.0},{"damage":3.0,"enemies":"3 Louse","floor":8.0,"turns":3.0},{"damage":10.0,"enemies":"Lagavulin","floor":10.0,"turns":3.0},{"damage":26.0,"enemies":"Gremlin Gang","floor":12.0,"turns":5.0},{"damage":3,"enemies":"Blue Slaver","floor":13,"turns":4},{"damage":0,"enemies":"Gremlin Nob","floor":14,"turns":2}],"seed_played":"-1113639461754613265","potions_obtained":[{"floor":1.0,"key":"DistilledChaos"},{"floor":2.0,"key":"LiquidMemories"},{"floor":7.0,"key":"LiquidMemories"}],"is_trial":false,"path_per_floor":["M","M","?","?","M","R","E","M","T","E","R","M","M","E"],"character_chosen":"DEFECT","items_purchased":[],"campfire_rested":1,"item_purchase_floors":[],"current_hp_per_floor":[58,58,47,47,47,47,22,19,19,9,30,4,1,1,1],"gold":389,"neow_bonus":"RANDOM_COMMON_RELIC","is_daily":false,"chose_seed":false,"campfire_upgraded":1,"win_rate":0.0,"timestamp":1608639845,"path_taken":["M","M","?","?","M","R","E","?","T","E","R","?","M","E"],"items_purchased_type":[],"build_version":"2020-12-13","purchased_purges":0,"victory":false,"max_hp_per_floor":[71,71,71,71,71,71,71,71,71,71,71,71,71,71,71],"relic_stats":{"counters":[9,32],"obtain_stats":[{"Girya":7,"Molten Egg 2":9,"Omamori":0,"Cracked Core":0,"Toy Ornithopter":10},{"Girya":4,"Molten Egg 2":5,"Omamori":0,"Cracked Core":0,"Toy Ornithopter":6},{"Girya":15,"Molten Egg 2":18,"Omamori":0,"Cracked Core":0,"Toy Ornithopter":21}],"Toy Ornithopter":0},"card_choices":[{"not_picked":["Capacitor","Self Repair"],"picked":"Ball Lightning","floor":1.0},{"not_picked":["Doom and Gloom","Steam Power","Compile Driver"],"picked":"SKIP","floor":2.0},{"not_picked":["Sunder","Conserve Battery","Rebound"],"picked":"SKIP","floor":5.0},{"not_picked":["Conserve Battery","Rebound"],"picked":"Sunder","floor":5.0},{"not_picked":["Stack","Sweeping Beam","Sunder"],"picked":"SKIP","floor":7.0},{"not_picked":["Steam Power","Sunder","Sweeping Beam"],"picked":"SKIP","floor":8.0},{"not_picked":["Conserve Battery","Go for the Eyes+1"],"picked":"Glacier","floor":10.0},{"not_picked":["Hyperbeam+1","Consume","Go for the Eyes+1"],"picked":"SKIP","floor":12.0},{"not_picked":["Darkness","Aggregate","Auto Shields"],"picked":"SKIP","floor":13}],"player_experience":224577,"relics_obtained":[{"floor":7.0,"key":"Girya"},{"floor":9.0,"key":"Molten Egg 2"},{"floor":10.0,"key":"Toy Ornithopter"}],"event_choices":[{"damage_healed":0.0,"max_hp_gain":0.0,"max_hp_loss":0.0,"gold_gain":75.0,"event_name":"World of Goop","player_choice":"Gather Gold","floor":3.0,"gold_loss":0.0,"damage_taken":11.0},{"cards_removed":["Strike_B"],"damage_healed":0.0,"max_hp_gain":0.0,"max_hp_loss":0.0,"gold_gain":0.0,"event_name":"Bonfire Elementals","player_choice":"Offered Basic","floor":4.0,"gold_loss":0.0,"damage_taken":0.0}],"is_beta":false,"boss_relics":[],"items_purged_floors":[],"is_endless":false,"potions_floor_spawned":[1,2,7],"killed_by":"Gremlin Nob","ascension_level":20}}