{"host":"5qewjvycy34u7aeo","time":1608618017,"event":{"mods":["Act Like it!","Aspiration","BaseMod","Conspire","Downfall","GifTheSpireLib","Hubris","Infinite Spire","Minty Spire (QoL Compilation)","Permanent Neow","Replay The Spire","Shop Mod","StSLib","Stuff the Spire"],"gold_per_floor":[349,359,378,378,389,406,455,470,41,69,169,19,30,56,69,167,167,92,112,125,141,141,175,201,216,81,93,93,120,140,167,180,279,279,279,290,304,320,503,517,517,517,544,80,80,80,99,99,117,117,117,147,147,147,147],"floor_reached":56,"playtime":4268,"items_purged":["Slimebound:Defend_Slimebound","StuffTheSpire:CuriosityCurse","Slimebound:Strike_Slimebound","Slimebound:Defend_Slimebound"],"score":1512,"play_id":"eb41e0ff-51b9-4bc9-be3b-69b1aa19d366","local_time":"20201221222017","is_ascension_mode":true,"campfire_choices":[{"floor":1,"key":"RECALL"},{"data":"infinitespire:Gouge","floor":12,"key":"SMITH"},{"data":"Slimebound:Defend_Slimebound","floor":18,"key":"PURGE"},{"floor":35,"key":"DIG"},{"data":"Slimebound:Split","floor":45,"key":"SMITH"},{"data":"Slimebound:Teamwork","floor":54,"key":"SMITH"}],"circlet_count":0,"master_deck":["Slimebound:Tackle","Slimebound:Split+1","Slimebound:RejuvenatingLick","infinitespire:Gouge+1","Slimebound:Recollect","Slimebound:SplitBruiser","Slimebound:SlimeTap","Slimebound:ViciousTackle+1","Slimebound:Nibble","Slimebound:ProtectTheBoss","Slimebound:SlimeTap","Slimebound:Teamwork+1","Slimebound:Recycling","Slimebound:Recollect+1","Slimebound:LevelUp+1","Slimebound:HauntingLick","Slimebound:SplitAcid","Slimebound:LeadByExample","Slimebound:SplitLeeching","Slimebound:SplitAcid","Slimebound:DuplicatedForm","ReplayTheSpireMod:Black Plague","Slimebound:HauntingLick","Slimebound:SplitMire","Slimebound:Repurpose","Slimebound:OneTwoCombo+1","Slimebound:SamplingLick","Slimebound:Repurpose","Slimebound:DivideAndConquer+1","Slimebound:SplitLeeching+1","Slimebound:SplitMire","Slimebound:SamplingLick+1","Slimebound:SplitLeeching+1","Slimebound:SplitLeeching+1","Slimebound:Darklings+1","Parasite","Slimebound:SplitBruiser+1","Slimebound:SamplingLick+1"],"relics":["Slimebound:AbsorbEndCombat","Vajra","Lantern","Gremlin Horn","Toy Ornithopter","downfall:HeartBlessingGreen","downfall:HeartBlessingRed","infinitespire:Beetle Shell","Replay:Drink Me","downfall:HeartBlessingBlue","StuffTheSpire:NeowsTribute","MealTicket","Bag of Preparation","conspire:RunicOctahedron","conspire:GiftBox","Golden Egg","Regal Pillow","expansioncontent:StudyCardRelic","StuffTheSpire:HeavyRock","infinitespire:Golems Mask","aspiration:TomeofQuesting","hubris:Metronome","Singing Bowl"],"acts_visited":["Exordium","TheCity","TheBeyond","TheEnding"],"potions_floor_usage":[11,11],"damage_taken":[{"damage":0,"enemies":"2 Louse","floor":2,"turns":2},{"damage":10,"enemies":"Jaw Worm","floor":3,"turns":3},{"damage":4,"enemies":"Cultist","floor":5,"turns":3},{"damage":8,"enemies":"Exordium Thugs","floor":6,"turns":3},{"damage":13,"enemies":"Blue Slaver","floor":8,"turns":3},{"damage":17,"enemies":"downfall:FleeingMerchant","floor":9,"turns":4},{"damage":35,"enemies":"Lagavulin","floor":10,"turns":4},{"damage":16,"enemies":"downfall:LadyInBlue","floor":11,"turns":8},{"damage":0,"enemies":"3 Louse","floor":13,"turns":2},{"damage":18,"enemies":"3 Sentries","floor":14,"turns":4},{"damage":8,"enemies":"2 Fungi Beasts","floor":15,"turns":3},{"damage":17,"enemies":"downfall:Ironclad","floor":16,"turns":6},{"damage":8,"enemies":"conspire:FuzzyDice","floor":19,"turns":4},{"damage":14,"enemies":"3 Byrds","floor":20,"turns":3},{"damage":8,"enemies":"Snake Plant","floor":21,"turns":3},{"damage":12,"enemies":"conspire:Head Lice","floor":23,"turns":3},{"damage":22,"enemies":"3 Cultists","floor":25,"turns":3},{"damage":28,"enemies":"downfall:FleeingMerchant","floor":26,"turns":4},{"damage":20,"enemies":"Centurion and Healer","floor":27,"turns":3},{"damage":35,"enemies":"Gremlin Leader","floor":29,"turns":2},{"damage":16,"enemies":"Snake Plant","floor":30,"turns":2},{"damage":38,"enemies":"Nightmare","floor":31,"turns":4},{"damage":46,"enemies":"Sentry and Sphere","floor":32,"turns":3},{"damage":46,"enemies":"downfall:Watcher","floor":33,"turns":5},{"damage":16,"enemies":"3 Darklings","floor":36,"turns":1},{"damage":20,"enemies":"3 Shapes","floor":37,"turns":1},{"damage":12,"enemies":"Spire Growth","floor":38,"turns":2},{"damage":23,"enemies":"downfall:FleeingMerchant","floor":39,"turns":1},{"damage":32,"enemies":"Transient","floor":40,"turns":5},{"damage":35,"enemies":"Reptomancer","floor":43,"turns":2},{"damage":23,"enemies":"4 Shapes","floor":47,"turns":2},{"damage":40,"enemies":"Writhing Mass","floor":49,"turns":2},{"damage":47,"enemies":"downfall:Defect","floor":50,"turns":3},{"damage":51,"enemies":"downfall:CharBossMerchant","floor":52,"turns":3},{"damage":71,"enemies":"downfall:NeowBoss","floor":55,"turns":11}],"seed_played":"-433477487418572032","potions_obtained":[{"floor":3,"key":"Elixir"},{"floor":6,"key":"Strength Potion"},{"floor":8,"key":"Swift Potion"},{"floor":11,"key":"Guardian:BlockOnCardUsePotion"},{"floor":11,"key":"CultistPotion"},{"floor":20,"key":"Reflective Coating"}],"is_trial":false,"path_per_floor":["R","M","M","?","M","M","T","M","$","E","?","R","M","E","M","B",null,"R","M","M","M","?","E","T","M","$","M","AVR","E","M","NM","M","B",null,"R","M","M","M","$","M","T","?","E","?","R","T","M","?","M","B",null,"E","$","R","B",null],"character_chosen":"SLIMEBOUND","items_purchased":["Slimebound:SlimeTap","Vajra","Lantern","Slimebound:ViciousTackle+1","Slimebound:SplitLeeching","Slimebound:SplitLeeching","Slimebound:SamplingLick","Slimebound:SplitLeeching","hubris:Metronome"],"campfire_rested":0,"item_purchase_floors":[9,9,9,9,26,39,44,44,44],"current_hp_per_floor":[42,46,50,35,45,55,55,59,59,43,60,60,60,60,60,60,45,55,55,55,55,55,55,55,52,55,55,55,55,55,55,36,55,55,55,55,55,55,55,55,55,55,55,55,55,55,55,55,55,55,55,55,55,55,55],"gold":147,"neow_bonus":"TWO_FIFTY_GOLD","is_daily":false,"chose_seed":false,"campfire_upgraded":3,"win_rate":0.0,"timestamp":1608618017,"path_taken":["R","M","M","?","M","M","T","M","$","E","?","R","?","E","M","BOSS","R","M","M","M","?","E","T","M","$","M","AVR","E","M","NM","M","BOSS","R","M","M","M","$","M","T","?","E","?","R","?","M","?","M","BOSS","E","$","R","BOSS"],"items_purchased_type":["Card","Relic","Relic","Card","Card","Card","Card","Card","Relic"],"build_version":"2020-12-13","purchased_purges":4,"victory":true,"max_hp_per_floor":[60,60,60,60,60,60,60,60,60,60,60,60,60,60,60,60,45,55,55,55,55,55,55,55,55,55,55,55,55,55,55,55,55,55,55,55,55,55,55,55,55,55,55,55,55,55,55,55,55,55,55,55,55,55,55],"card_choices":[{"not_picked":["Slimebound:RollThrough","Slimebound:GrowthPunch"],"picked":"Slimebound:RejuvenatingLick","floor":2},{"not_picked":["Slimebound:GrowthPunch","Slimebound:SlimeSpikes","Slimebound:PressTheAttack"],"picked":"SKIP","floor":3},{"not_picked":["infinitespire:UltimateForm","infinitespire:Oblivion"],"picked":"infinitespire:Gouge","floor":4},{"not_picked":["Slimebound:LeechingTouch","Slimebound:ComboTackle"],"picked":"Slimebound:Recollect","floor":5},{"not_picked":["Slimebound:SlimeSpikes","Slimebound:Replication","Slimebound:GrowthPunch"],"picked":"SKIP","floor":6},{"not_picked":["Slimebound:DivideAndConquer","Slimebound:LeechEnergy"],"picked":"Slimebound:SplitBruiser","floor":8},{"not_picked":["Slimebound:LeechEnergy","Slimebound:SplitAcid","Slimebound:ComboTackle"],"picked":"SKIP","floor":9},{"not_picked":["Slimebound:Equalize","Slimebound:GrowthPunch","Slimebound:PressTheAttack"],"picked":"SKIP","floor":10},{"not_picked":["Slimebound:SlimeSpikes","Slimebound:Schlurp"],"picked":"Slimebound:Nibble","floor":11},{"not_picked":["Slimebound:Recollect","Slimebound:Chomp"],"picked":"Slimebound:ProtectTheBoss","floor":13},{"not_picked":["Slimebound:Replication","Slimebound:Equalize"],"picked":"Slimebound:SlimeTap","floor":14},{"not_picked":["Slimebound:LeechEnergy","Slimebound:ProtectTheBoss"],"picked":"Slimebound:Teamwork","floor":15},{"not_picked":["Slimebound:Teamwork","Slimebound:OozeBath"],"picked":"Slimebound:Recycling","floor":16},{"not_picked":["Slimebound:LeechingTouch","Slimebound:GrowthPunch","Slimebound:Grow"],"picked":"SKIP","floor":19},{"not_picked":["Slimebound:SlimeBrawl","Slimebound:LeadByExample"],"picked":"Slimebound:Recollect+1","floor":20},{"not_picked":["Slimebound:ComboTackle","Slimebound:PressTheAttack"],"picked":"Slimebound:LevelUp+1","floor":21},{"not_picked":["Slimebound:LeadByExample","Slimebound:FlameTackle"],"picked":"Slimebound:HauntingLick","floor":23},{"not_picked":["Slimebound:LeechingTouch","Slimebound:TongueLash"],"picked":"Slimebound:SplitAcid","floor":25},{"not_picked":["Slimebound:PressTheAttack","Slimebound:CheckThePlaybook"],"picked":"Slimebound:LeadByExample","floor":26},{"not_picked":["Slimebound:Schlurp","Slimebound:BestDefense+1"],"picked":"Slimebound:SplitAcid","floor":27},{"not_picked":["Slimebound:WasteNot","Slimebound:Overexert"],"picked":"Slimebound:DuplicatedForm","floor":28},{"not_picked":["Slimebound:LeechingTouch","Slimebound:GoopSpray"],"picked":"Slimebound:HauntingLick","floor":29},{"not_picked":["Slimebound:TongueLash+1","Slimebound:BestDefense"],"picked":"Slimebound:SplitMire","floor":30},{"not_picked":["Slimebound:Dissolve","Slimebound:BestDefense+1","Slimebound:SlimeBarrage"],"picked":"SKIP","floor":31},{"not_picked":["Slimebound:LeadByExample","Slimebound:ViciousTackle"],"picked":"Slimebound:Repurpose","floor":32},{"not_picked":["Slimebound:SlimeSlap","Slimebound:MassRepurpose"],"picked":"Slimebound:OneTwoCombo","floor":33},{"not_picked":["Slimebound:Nibble","Slimebound:LivingWall+1"],"picked":"Slimebound:SamplingLick","floor":36},{"not_picked":["Slimebound:ComboTackle","Slimebound:RollThrough+1"],"picked":"Slimebound:Repurpose","floor":37},{"not_picked":["Slimebound:Repurpose+1","Slimebound:GoopSpray+1"],"picked":"Slimebound:DivideAndConquer+1","floor":38},{"not_picked":["Slimebound:ComboTackle","Slimebound:Gluttony+1","Slimebound:GrowthPunch+1"],"picked":"SKIP","floor":39},{"not_picked":["Slimebound:ComboTackle","Slimebound:GrowthPunch"],"picked":"Slimebound:SplitMire","floor":40},{"not_picked":["Slimebound:SlimeTap+1","Slimebound:FlameTackle","Slimebound:Prepare+1"],"picked":"SKIP","floor":43},{"not_picked":["Slimebound:SplitAcid","Slimebound:ViciousTackle"],"picked":"Slimebound:SplitLeeching+1","floor":47},{"not_picked":["Slimebound:LeechEnergy","Slimebound:GoopSpray"],"picked":"Slimebound:SplitBruiser+1","floor":49},{"not_picked":["Slimebound:HungryTackle+1","Slimebound:LeadByExample+1"],"picked":"Slimebound:SamplingLick+1","floor":52}],"player_experience":389980,"relics_obtained":[{"floor":10,"key":"Gremlin Horn"},{"floor":11,"key":"Toy Ornithopter"},{"floor":14,"key":"infinitespire:Beetle Shell"},{"floor":23,"key":"MealTicket"},{"floor":24,"key":"Bag of Preparation"},{"floor":29,"key":"Golden Egg"},{"floor":31,"key":"Regal Pillow"},{"floor":35,"key":"StuffTheSpire:HeavyRock"},{"floor":41,"key":"infinitespire:Golems Mask"},{"floor":43,"key":"aspiration:TomeofQuesting"},{"floor":46,"key":"Singing Bowl"}],"event_choices":[{"cards_removed":["Slimebound:CorrosiveSpit"],"damage_healed":0,"gold_gain":0,"player_choice":"Removed Skill","damage_taken":0,"max_hp_gain":0,"max_hp_loss":0,"event_name":"Falling","floor":42,"gold_loss":0}],"is_beta":false,"boss_relics":[{"not_picked":["Ring of Chaos","Honey Jar"],"picked":"Replay:Drink Me"},{"not_picked":["StuffTheSpire:RunicConfusion","Replay:Ancient Bell"],"picked":"expansioncontent:StudyCardRelic"}],"items_purged_floors":[26,28,39,44],"is_endless":false,"potions_floor_spawned":[3,6,8,14,16,19,20,23,27,31,32,37,43,49,52],"ascension_level":1}}