{"host":"9ndbo4kgsfoemf7y","time":1608641427,"event":{"mods":["AchievementEnabler","BaseMod","Colored Map","DeckTracker","Keyboard Shortcuts","Minty Spire (QoL Compilation)","Permanent Neow","Quick Restart","Relic Stats","StSLib","SuperFastMode"],"gold_per_floor":[214,18,34,70,70,128,142,142,195,195,236,264,33,71,71,190,190,206,224,52,65,65,99,111,167,179,270,12,67,108,133,133,272,272,315,14,347,357,375,375,420,420,420,420,474,474,485,561,561,561],"floor_reached":51,"playtime":2297,"items_purged":["Defend_B+1","Strike_B","Strike_B+1"],"score":892,"play_id":"af4205a4-8a35-485b-9a77-a38957230b6e","local_time":"20201222215027","is_ascension_mode":true,"campfire_choices":[{"data":"Double Energy","floor":8.0,"key":"SMITH"},{"data":"Streamline","floor":10.0,"key":"SMITH"},{"data":"Ball Lightning","floor":15.0,"key":"SMITH"},{"data":"Capacitor","floor":24.0,"key":"SMITH"},{"data":"Meteor Strike","floor":32.0,"key":"SMITH"},{"data":"HandOfGreed","floor":40.0,"key":"SMITH"},{"data":"Cold Snap","floor":44.0,"key":"SMITH"},{"data":"Undo","floor":46.0,"key":"SMITH"},{"data":"Conserve Battery","floor":49,"key":"SMITH"}],"circlet_count":0,"master_deck":["Strike_B+1","Strike_B+1","Defend_B+1","Defend_B+1","Defend_B+1","Zap","Dualcast","Ball Lightning+1","HandOfGreed+1","Conserve Battery+1","Cold Snap+1","Double Energy+1","Streamline+1","Capacitor+1","Hologram","Meteor Strike+1","Go for the Eyes+1","Undo+1","Force Field","Sunder+1","Glacier+1","Meteor Strike+1","All For One+1","Undo+1"],"relics":["Cracked Core","HornCleat","Blood Vial","War Paint","Odd Mushroom","Lee\u0027s Waffle","Shuriken","Snecko Eye","MawBank","Darkstone Periapt","Molten Egg 2","Red Mask","DataDisk","Toxic Egg 2","Nuclear Battery","TungstenRod","Emotion Chip","Regal Pillow","Strawberry","Dead Branch"],"acts_visited":["Exordium","TheCity","TheBeyond"],"potions_floor_usage":[],"damage_taken":[{"damage":6.0,"enemies":"2 Louse","floor":1.0,"turns":3.0},{"damage":6.0,"enemies":"Jaw Worm","floor":3.0,"turns":2.0},{"damage":0.0,"enemies":"Small Slimes","floor":4.0,"turns":2.0},{"damage":27.0,"enemies":"Lagavulin","floor":6.0,"turns":6.0},{"damage":11.0,"enemies":"3 Louse","floor":7.0,"turns":3.0},{"damage":19.0,"enemies":"Gremlin Nob","floor":11.0,"turns":4.0},{"damage":9.0,"enemies":"The Mushroom Lair","floor":12.0,"turns":4.0},{"damage":2.0,"enemies":"3 Sentries","floor":14.0,"turns":5.0},{"damage":29.0,"enemies":"The Guardian","floor":16.0,"turns":9.0},{"damage":1.0,"enemies":"Shell Parasite","floor":18.0,"turns":3.0},{"damage":0.0,"enemies":"2 Thieves","floor":19.0,"turns":3.0},{"damage":1.0,"enemies":"Snake Plant","floor":21.0,"turns":3.0},{"damage":10.0,"enemies":"Gremlin Leader","floor":23.0,"turns":6.0},{"damage":0.0,"enemies":"Book of Stabbing","floor":25.0,"turns":4.0},{"damage":16.0,"enemies":"Masked Bandits","floor":27.0,"turns":5.0},{"damage":0.0,"enemies":"Gremlin Leader","floor":29.0,"turns":4.0},{"damage":0.0,"enemies":"Sentry and Sphere","floor":30.0,"turns":3.0},{"damage":0.0,"enemies":"Centurion and Healer","floor":31.0,"turns":3.0},{"damage":24.0,"enemies":"Collector","floor":33.0,"turns":9.0},{"damage":3.0,"enemies":"3 Darklings","floor":35.0,"turns":4.0},{"damage":0.0,"enemies":"Orb Walker","floor":38.0,"turns":3.0},{"damage":9.0,"enemies":"3 Darklings","floor":39.0,"turns":4.0},{"damage":0.0,"enemies":"Jaw Worm Horde","floor":41.0,"turns":3.0},{"damage":0.0,"enemies":"Nemesis","floor":45.0,"turns":3.0},{"damage":0,"enemies":"Writhing Mass","floor":47,"turns":3},{"damage":0,"enemies":"2 Orb Walkers","floor":48,"turns":3},{"damage":20,"enemies":"Donu and Deca","floor":50,"turns":6}],"seed_played":"5431241029356454969","potions_obtained":[{"floor":4.0,"key":"LiquidMemories"},{"floor":7.0,"key":"FearPotion"},{"floor":11.0,"key":"SpeedPotion"},{"floor":12.0,"key":"DistilledChaos"},{"floor":16.0,"key":"BlessingOfTheForge"},{"floor":23.0,"key":"SpeedPotion"},{"floor":39.0,"key":"SkillPotion"},{"floor":41.0,"key":"Block Potion"},{"floor":47,"key":"EssenceOfDarkness"},{"floor":48,"key":"DistilledChaos"}],"is_trial":false,"path_per_floor":["M","$","M","M","?","E","M","R","T","R","E","?","$","E","R","B",null,"M","M","$","M","?","E","R","E","T","?","$","E","M","M","R","B",null,"M","$","?","M","M","R","M","T","T","R","E","R","M","?","R","B",null],"character_chosen":"DEFECT","items_purchased":["HandOfGreed","Conserve Battery","Lee\u0027s Waffle","Force Field","DataDisk","TungstenRod"],"campfire_rested":0,"item_purchase_floors":[2,2,13,20,28,36],"current_hp_per_floor":[69,69,63,63,63,36,25,25,25,25,8,1,76,74,74,47,76,75,76,76,75,75,66,66,68,68,54,54,56,58,60,60,38,76,73,73,73,75,67,67,69,69,69,69,78,78,80,82,82,63],"gold":561,"neow_bonus":"HUNDRED_GOLD","is_daily":false,"chose_seed":false,"campfire_upgraded":9,"win_rate":0.0,"timestamp":1608641427,"path_taken":["M","$","M","M","?","E","M","R","T","R","E","?","$","E","R","BOSS","M","M","$","M","?","E","R","E","T","?","$","E","M","M","R","BOSS","M","$","?","M","M","R","M","?","T","R","E","R","?","?","R","BOSS"],"items_purchased_type":["Card","Card","Relic","Card","Relic","Relic"],"build_version":"2020-12-13","purchased_purges":3,"victory":true,"max_hp_per_floor":[75,75,75,75,69,69,69,69,69,69,69,69,76,76,76,76,76,76,76,76,76,76,76,76,76,76,76,76,76,76,76,76,76,76,76,76,76,76,76,76,76,76,76,76,83,83,83,83,83,83],"relic_stats":{"Darkstone Periapt":0,"Lee\u0027s Waffle":75,"Regal Pillow":0,"counters":[27,110],"Dead Branch":[4],"War Paint":["Defend_B","Defend_B"],"MawBank":60,"Blood Vial":32,"Emotion Chip":[12,3,4,0,5],"Shuriken":[39],"Snecko Eye":[128,133,130,106],"obtain_stats":[{"Darkstone Periapt":25,"Lee\u0027s Waffle":13,"Regal Pillow":43,"Golden Idol":5,"Dead Branch":48,"War Paint":11,"Odd Mushroom":12,"MawBank":23,"Nuclear Battery":34,"Blood Vial":9,"DataDisk":28,"Emotion Chip":42,"HornCleat":6,"Shuriken":14,"Strawberry":45,"Snecko Eye":17,"Molten Egg 2":26,"Red Mask":27,"Toxic Egg 2":29,"Cracked Core":0,"TungstenRod":36},{"Darkstone Periapt":14,"Lee\u0027s Waffle":7,"Regal Pillow":23,"Golden Idol":3,"Dead Branch":26,"War Paint":6,"Odd Mushroom":7,"MawBank":13,"Nuclear Battery":19,"Blood Vial":5,"DataDisk":15,"Emotion Chip":23,"HornCleat":4,"Shuriken":8,"Strawberry":24,"Snecko Eye":9,"Molten Egg 2":14,"Red Mask":15,"Toxic Egg 2":16,"Cracked Core":0,"TungstenRod":20},{"Darkstone Periapt":57,"Lee\u0027s Waffle":24,"Regal Pillow":95,"Golden Idol":7,"Dead Branch":104,"War Paint":20,"Odd Mushroom":24,"MawBank":53,"Nuclear Battery":81,"Blood Vial":16,"DataDisk":62,"Emotion Chip":95,"HornCleat":13,"Shuriken":29,"Strawberry":98,"Snecko Eye":38,"Molten Egg 2":57,"Red Mask":62,"Toxic Egg 2":66,"Cracked Core":0,"TungstenRod":85}],"TungstenRod":3},"card_choices":[{"not_picked":["Rebound","Hologram"],"picked":"Ball Lightning","floor":1.0},{"not_picked":["Turbo","Go for the Eyes"],"picked":"Cold Snap","floor":3.0},{"not_picked":["Stack","Rebound"],"picked":"Double Energy","floor":4.0},{"not_picked":["Hologram","Rebound"],"picked":"Streamline","floor":6.0},{"not_picked":["Compile Driver","Streamline"],"picked":"Capacitor","floor":7.0},{"not_picked":["Reinforced Body","Storm","Amplify"],"picked":"SKIP","floor":11.0},{"not_picked":["Reinforced Body","Storm","Amplify"],"picked":"SKIP","floor":11.0},{"not_picked":["Melter","Cold Snap"],"picked":"Hologram","floor":12.0},{"not_picked":["Reprogram","Darkness","Rebound"],"picked":"SKIP","floor":14.0},{"not_picked":["Rainbow","Amplify"],"picked":"Meteor Strike","floor":16.0},{"not_picked":["Turbo","Hello World+1"],"picked":"Go for the Eyes+1","floor":18.0},{"not_picked":["Conserve Battery","Leap"],"picked":"Undo","floor":19.0},{"not_picked":["Gash","Recycle","Steam"],"picked":"SKIP","floor":21.0},{"not_picked":["Streamline","Barrage","Amplify"],"picked":"SKIP","floor":23.0},{"not_picked":["Cold Snap","Leap","Gash"],"picked":"SKIP","floor":25.0},{"not_picked":["Barrage+1","Chaos+1"],"picked":"Sunder+1","floor":27.0},{"not_picked":["Skim+1","All For One+1"],"picked":"Glacier+1","floor":29.0},{"not_picked":["Barrage+1","Chill+1","Steam Power+1"],"picked":"SKIP","floor":30.0},{"not_picked":["Coolheaded+1","Ball Lightning+1","Steam+1"],"picked":"SKIP","floor":31.0},{"not_picked":["Echo Form","Rainbow+1"],"picked":"Meteor Strike+1","floor":33.0},{"not_picked":["Fusion+1","Recycle+1","Ball Lightning+1"],"picked":"SKIP","floor":35.0},{"not_picked":["Skim+1","Rebound+1","Leap+1"],"picked":"SKIP","floor":38.0},{"not_picked":["Leap+1","Fusion+1","Go for the Eyes+1"],"picked":"SKIP","floor":39.0},{"not_picked":["Rebound+1","Conserve Battery+1","FTL+1"],"picked":"SKIP","floor":41.0},{"not_picked":["Cold Snap+1","Turbo+1"],"picked":"All For One+1","floor":45.0},{"not_picked":["Ball Lightning+1","Barrage+1","Go for the Eyes+1"],"picked":"SKIP","floor":47},{"not_picked":["Leap+1","Compile Driver+1"],"picked":"Undo+1","floor":48}],"player_experience":731704,"relics_obtained":[{"floor":6.0,"key":"HornCleat"},{"floor":9.0,"key":"Blood Vial"},{"floor":11.0,"key":"War Paint"},{"floor":12.0,"key":"Odd Mushroom"},{"floor":14.0,"key":"Shuriken"},{"floor":23.0,"key":"MawBank"},{"floor":25.0,"key":"Darkstone Periapt"},{"floor":26.0,"key":"Molten Egg 2"},{"floor":27.0,"key":"Red Mask"},{"floor":29.0,"key":"Toxic Egg 2"},{"floor":42.0,"key":"Emotion Chip"},{"floor":43.0,"key":"Regal Pillow"},{"floor":45.0,"key":"Strawberry"},{"floor":48,"key":"Dead Branch"}],"event_choices":[{"damage_healed":0.0,"max_hp_gain":0.0,"max_hp_loss":6.0,"gold_gain":0.0,"event_name":"Golden Idol","player_choice":"Lose Max HP","floor":5.0,"gold_loss":0.0,"damage_taken":0.0,"relics_obtained":["Golden Idol"]},{"damage_healed":0.0,"max_hp_gain":0.0,"max_hp_loss":0.0,"gold_gain":0.0,"event_name":"Mushrooms","player_choice":"Fought Mushrooms","floor":12.0,"gold_loss":0.0,"damage_taken":0.0},{"damage_healed":0.0,"max_hp_gain":0.0,"max_hp_loss":0.0,"gold_gain":0.0,"event_name":"Back to Basics","player_choice":"Simplicity","floor":22.0,"gold_loss":0.0,"damage_taken":0.0,"cards_upgraded":["Strike_B","Strike_B","Strike_B","Defend_B","Defend_B"]},{"damage_healed":0.0,"max_hp_gain":0.0,"max_hp_loss":0.0,"gold_gain":0.0,"event_name":"Masked Bandits","player_choice":"Fought Bandits","floor":27.0,"gold_loss":0.0,"damage_taken":0.0},{"damage_healed":0.0,"max_hp_gain":0.0,"max_hp_loss":0.0,"gold_gain":333.0,"event_name":"The Moai Head","player_choice":"Gave Idol","floor":37.0,"relics_lost":["Golden Idol"],"gold_loss":0.0,"damage_taken":0.0},{"damage_healed":0,"gold_gain":0,"player_choice":"Fight","damage_taken":0,"max_hp_gain":0,"max_hp_loss":0,"event_name":"Mysterious Sphere","floor":48,"gold_loss":0}],"is_beta":false,"boss_relics":[{"not_picked":["Runic Pyramid","SlaversCollar"],"picked":"Snecko Eye"},{"not_picked":["Sozu","Empty Cage"],"picked":"Nuclear Battery"}],"items_purged_floors":[13,20,28],"is_endless":false,"potions_floor_spawned":[4,7,11,12,16,19,23,29,31,39,41,47,48],"ascension_level":1}}