{"host":"6qo42zgaknezulyg","time":1608606548,"event":{"mods":["2.2 Compatiblity","BaseMod","Keyboard Shortcuts","Minty Spire (QoL Compilation)","Permanent Neow","Quick Restart","StSLib","SuperFastMode","The Runesmith"],"gold_per_floor":[114,133,24,44,61,89,101,128,178,32,32,32,32,52,52,177,177,202,216,3,3,23,56,56,79,79,114,139,139,139,183,183,312,312,327,390,406,739,750,775,775,172,172,72,72,91,102,119,119,119],"floor_reached":51,"playtime":5784,"items_purged":["Runesmith:Strike_RS","Runesmith:Defend_RS"],"score":901,"play_id":"094dbfa1-af0b-4f7c-bb41-609d291e9052","local_time":"20201222120908","is_ascension_mode":true,"campfire_choices":[{"floor":13.0,"key":"REST"},{"data":"Runesmith:UnlimitedPower","floor":15.0,"key":"SMITH"},{"floor":24.0,"key":"REST"},{"floor":29.0,"key":"REST"},{"floor":32.0,"key":"REST"},{"floor":45.0,"key":"RECALL"},{"floor":49,"key":"REST"}],"circlet_count":0,"master_deck":["Runesmith:Defend_RS","Runesmith:Defend_RS","Runesmith:Defend_RS","Runesmith:CraftFirestone","Runesmith:Fortify","Runesmith:Superposition","Runesmith:ChaoticBlast","Runesmith:CraftReservo","Runesmith:UnlimitedPower+1","Runesmith:BackupBattery","Runesmith:LightningRod","Runesmith:Grindstone","Runesmith:MetallurgicalResearch","Runesmith:BackupBattery+1","Runesmith:Superposition+1","Runesmith:Permafrost","Runesmith:Superposition+1","Runesmith:Reinforce+1","Runesmith:Malloc+1","Runesmith:LightningRod+1","Runesmith:CreatorForm","Runesmith:Superposition+1","Runesmith:CraftPrismatica+1","Metamorphosis+1","Runesmith:CraftIndustria+1","Runesmith:GrandSlam"],"relics":["Runesmith:BrokenRuby","Runesmith:Locket","Bronze Scales","Blue Candle","Lantern","Snecko Eye","PreservedInsect","Nloth\u0027s Gift","InkBottle","Toxic Egg 2","Oddly Smooth Stone","Gremlin Horn","Fusion Hammer","Bird Faced Urn","Bottled Lightning","Pen Nib","Incense Burner","Orrery","Meat on the Bone"],"acts_visited":["Exordium","TheCity","TheBeyond"],"potions_floor_usage":[50,50,50],"damage_taken":[{"damage":3.0,"enemies":"Cultist","floor":1.0,"turns":4.0},{"damage":0.0,"enemies":"2 Louse","floor":2.0,"turns":2.0},{"damage":10.0,"enemies":"Small Slimes","floor":4.0,"turns":2.0},{"damage":2.0,"enemies":"3 Louse","floor":5.0,"turns":3.0},{"damage":13.0,"enemies":"Lagavulin","floor":6.0,"turns":7.0},{"damage":7.0,"enemies":"Red Slaver","floor":7.0,"turns":3.0},{"damage":30.0,"enemies":"Gremlin Nob","floor":8.0,"turns":5.0},{"damage":0.0,"enemies":"Looter","floor":14.0,"turns":2.0},{"damage":8.0,"enemies":"Slime Boss","floor":16.0,"turns":9.0},{"damage":0.0,"enemies":"Spheric Guardian","floor":18.0,"turns":3.0},{"damage":21.0,"enemies":"2 Thieves","floor":19.0,"turns":3.0},{"damage":0.0,"enemies":"Snake Plant","floor":22.0,"turns":2.0},{"damage":8.0,"enemies":"Book of Stabbing","floor":23.0,"turns":3.0},{"damage":6.0,"enemies":"Chosen and Byrds","floor":25.0,"turns":2.0},{"damage":32.0,"enemies":"Gremlin Leader","floor":27.0,"turns":3.0},{"damage":4.0,"enemies":"Centurion and Healer","floor":28.0,"turns":2.0},{"damage":7.0,"enemies":"Slavers","floor":31.0,"turns":3.0},{"damage":0.0,"enemies":"Collector","floor":33.0,"turns":8.0},{"damage":0.0,"enemies":"3 Darklings","floor":35.0,"turns":3.0},{"damage":0.0,"enemies":"Mind Bloom Boss Battle","floor":36.0,"turns":5.0},{"damage":0.0,"enemies":"Orb Walker","floor":37.0,"turns":3.0},{"damage":4.0,"enemies":"4 Shapes","floor":39.0,"turns":5.0},{"damage":0.0,"enemies":"Reptomancer","floor":40.0,"turns":3.0},{"damage":0.0,"enemies":"3 Darklings","floor":46.0,"turns":2.0},{"damage":0.0,"enemies":"Writhing Mass","floor":47.0,"turns":3.0},{"damage":0,"enemies":"Sphere and 2 Shapes","floor":48,"turns":4},{"damage":38,"enemies":"Donu and Deca","floor":50,"turns":6}],"seed_played":"1110604502981946541","potions_obtained":[{"floor":1.0,"key":"Energy Potion"},{"floor":4.0,"key":"Regen Potion"},{"floor":5.0,"key":"Fire Potion"},{"floor":14.0,"key":"Energy Potion"},{"floor":19.0,"key":"AttackPotion"},{"floor":28.0,"key":"Dexterity Potion"},{"floor":33.0,"key":"GamblersBrew"},{"floor":39.0,"key":"Block Potion"},{"floor":48,"key":"Strength Potion"}],"is_trial":false,"path_per_floor":["M","M","$","M","M","E","M","E","T","$","?","?","R","M","R","B",null,"M","M","$","?","M","E","R","M","T","E","M","R","?","E","R","B",null,"M","?","M","?","M","E","?","$","T","$","R","M","M","M","R","B",null],"character_chosen":"RUNESMITH_CLASS","items_purchased":["Runesmith:ChaoticBlast","Lantern","PreservedInsect","Runesmith:Permafrost","Pen Nib","Incense Burner","Orrery"],"campfire_rested":5,"item_purchase_floors":[3,10,20,20,42,42,42],"current_hp_per_floor":[60,60,60,50,48,35,28,12,12,12,12,12,29,29,29,21,58,58,37,37,37,37,29,46,40,40,8,4,21,21,14,31,31,58,58,58,58,58,58,58,58,58,58,58,58,58,58,58,58,36],"gold":119,"neow_bonus":"ONE_RARE_RELIC","is_daily":false,"chose_seed":false,"campfire_upgraded":1,"win_rate":0.0,"timestamp":1608606548,"path_taken":["M","M","$","?","M","E","M","E","T","$","?","?","R","M","R","BOSS","M","M","$","?","?","E","R","M","T","E","M","R","?","E","R","BOSS","M","?","M","?","M","E","?","?","T","$","R","M","M","M","R","BOSS"],"items_purchased_type":["Card","Relic","Relic","Card","Relic","Relic","Relic"],"build_version":"2020-12-13","purchased_purges":2,"victory":true,"max_hp_per_floor":[63,63,63,63,63,63,63,63,63,63,58,58,58,58,58,58,58,58,58,58,58,58,58,58,58,58,58,58,58,58,58,58,58,58,58,58,58,58,58,58,58,58,58,58,58,58,58,58,58,58],"card_choices":[{"not_picked":["Runesmith:ChiselStab","Runesmith:CraftMagma"],"picked":"Runesmith:Superposition","floor":1.0},{"not_picked":["Runesmith:HeatedChisel","Runesmith:Firestorm","Runesmith:MakeshiftArmor"],"picked":"SKIP","floor":2.0},{"not_picked":["Runesmith:HeatedChisel","Runesmith:Firestorm","Runesmith:MakeshiftArmor"],"picked":"SKIP","floor":2.0},{"not_picked":["Runesmith:HeatedChisel","Runesmith:Firestorm","Runesmith:MakeshiftArmor"],"picked":"SKIP","floor":2.0},{"not_picked":["Runesmith:ChiselStab","Runesmith:HeatedChisel","Runesmith:GenerateForcefield"],"picked":"SKIP","floor":4.0},{"not_picked":["Runesmith:ChiselStab","Runesmith:HeatedChisel","Runesmith:GenerateForcefield"],"picked":"SKIP","floor":4.0},{"not_picked":["Runesmith:Refine","Runesmith:RuneHurl"],"picked":"Runesmith:CraftReservo","floor":5.0},{"not_picked":["Runesmith:EarthShield","Runesmith:Electrocute"],"picked":"Runesmith:UnlimitedPower","floor":6.0},{"not_picked":["Runesmith:RuneHurl","Runesmith:EarthShield"],"picked":"Runesmith:BackupBattery","floor":7.0},{"not_picked":["Runesmith:Attraction","Runesmith:HeatExchange"],"picked":"Runesmith:LightningRod","floor":8.0},{"not_picked":["Runesmith:HeatExchange","Runesmith:EnergizedChisel","Runesmith:PoweredAnvil"],"picked":"SKIP","floor":14.0},{"not_picked":["Runesmith:GrandSlam","Runesmith:ArcReactor"],"picked":"Runesmith:MetallurgicalResearch","floor":16.0},{"not_picked":["Runesmith:CraftReservo","Runesmith:Overpower"],"picked":"Runesmith:BackupBattery+1","floor":18.0},{"not_picked":["Runesmith:Firestorm+1","Runesmith:Empowerment"],"picked":"Runesmith:Superposition+1","floor":19.0},{"not_picked":["Runesmith:Grindstone","Runesmith:ShiftingStrike","Runesmith:RuneHurl"],"picked":"SKIP","floor":22.0},{"not_picked":["Runesmith:Firewall","Runesmith:Empowerment+1"],"picked":"Runesmith:Superposition+1","floor":23.0},{"not_picked":["Runesmith:EarthShield","Runesmith:CraftProtectio","Runesmith:Supernova"],"picked":"SKIP","floor":25.0},{"not_picked":["Runesmith:ChaoticBlast","Runesmith:MakeshiftArmor+1","Runesmith:Grindstone+1"],"picked":"SKIP","floor":27.0},{"not_picked":["Runesmith:ShiftingStrike","Runesmith:CraftIncendium+1","Runesmith:UnstableHammer"],"picked":"SKIP","floor":28.0},{"not_picked":["Runesmith:NegativeSpace+1","Runesmith:Retool+1"],"picked":"Runesmith:LightningRod+1","floor":31.0},{"not_picked":["Runesmith:UnlimitedPower","Runesmith:CraftMedicinae+1"],"picked":"Runesmith:CreatorForm","floor":33.0},{"not_picked":["Runesmith:UnstableHammer+1","Runesmith:Supernova+1","Runesmith:Overpower"],"picked":"SKIP","floor":35.0},{"not_picked":["Runesmith:Terraform+1","Runesmith:CraftReservo+1"],"picked":"Runesmith:Superposition+1","floor":37.0},{"not_picked":["Runesmith:ReplicatingBarrier","Runesmith:CraftProtectio+1","Runesmith:HeatedChisel"],"picked":"SKIP","floor":39.0},{"not_picked":["Runesmith:ArcReactor","Runesmith:BackupBattery+1"],"picked":"Runesmith:CraftPrismatica+1","floor":40.0},{"not_picked":["Secret Technique+1","Magnetism"],"picked":"Metamorphosis+1","floor":41.0},{"not_picked":["Runesmith:Duplicate+1","Runesmith:CraftProtectio+1"],"picked":"Runesmith:CraftIndustria+1","floor":42.0},{"not_picked":["Runesmith:ChiselStab+1","Runesmith:ShiftingStrike","Runesmith:EarthShield+1"],"picked":"SKIP","floor":46.0},{"not_picked":["Runesmith:FieryHammer+1","Runesmith:Retool+1"],"picked":"Runesmith:GrandSlam","floor":47.0},{"not_picked":["Runesmith:RuneHurl","Runesmith:CraftProtectio+1","Runesmith:WhiteBalance+1"],"picked":"SKIP","floor":48}],"player_experience":735624,"relics_obtained":[{"floor":6.0,"key":"Bronze Scales"},{"floor":8.0,"key":"Blue Candle"},{"floor":9.0,"key":"Runesmith:MiniCore"},{"floor":23.0,"key":"InkBottle"},{"floor":26.0,"key":"Toxic Egg 2"},{"floor":27.0,"key":"Oddly Smooth Stone"},{"floor":31.0,"key":"Gremlin Horn"},{"floor":36.0,"key":"Bird Faced Urn"},{"floor":40.0,"key":"Bottled Lightning"},{"floor":43.0,"key":"Meat on the Bone"}],"event_choices":[{"damage_healed":0.0,"max_hp_gain":0.0,"max_hp_loss":5.0,"gold_gain":0.0,"event_name":"Golden Idol","player_choice":"Lose Max HP","floor":11.0,"gold_loss":0.0,"damage_taken":0.0,"relics_obtained":["Golden Idol"]},{"damage_healed":0.0,"max_hp_gain":0.0,"max_hp_loss":0.0,"gold_gain":0.0,"cards_transformed":["Runesmith:Strike_RS"],"event_name":"Living Wall","player_choice":"Change","floor":12.0,"gold_loss":0.0,"damage_taken":0.0,"cards_obtained":["Runesmith:Grindstone"]},{"damage_healed":0.0,"max_hp_gain":0.0,"max_hp_loss":0.0,"gold_gain":0.0,"event_name":"N\u0027loth","player_choice":"Traded Relic","floor":21.0,"relics_lost":["Runesmith:MiniCore"],"gold_loss":0.0,"damage_taken":0.0,"relics_obtained":["Nloth\u0027s Gift"]},{"damage_healed":0.0,"max_hp_gain":0.0,"max_hp_loss":0.0,"gold_gain":0.0,"cards_transformed":["Runesmith:Strike_RS","Runesmith:Strike_RS"],"event_name":"Drug Dealer","player_choice":"Became Test Subject","floor":30.0,"gold_loss":0.0,"damage_taken":0.0,"cards_obtained":["Runesmith:Reinforce","Runesmith:Malloc"]},{"damage_healed":0.0,"max_hp_gain":0.0,"max_hp_loss":0.0,"gold_gain":0.0,"event_name":"MindBloom","player_choice":"Fight","floor":36.0,"gold_loss":0.0,"damage_taken":0.0},{"damage_healed":0.0,"max_hp_gain":0.0,"max_hp_loss":0.0,"gold_gain":333.0,"event_name":"The Moai Head","player_choice":"Gave Idol","floor":38.0,"relics_lost":["Golden Idol"],"gold_loss":0.0,"damage_taken":0.0},{"damage_healed":0.0,"max_hp_gain":0.0,"max_hp_loss":0.0,"gold_gain":0.0,"event_name":"SensoryStone","player_choice":"Memory 1","floor":41.0,"gold_loss":0.0,"damage_taken":0.0}],"is_beta":false,"boss_relics":[{"not_picked":["Black Star","Astrolabe"],"picked":"Snecko Eye"},{"not_picked":["Cursed Key","Calling Bell"],"picked":"Fusion Hammer"}],"items_purged_floors":[3,44],"is_endless":false,"potions_floor_spawned":[1,4,5,14,19,23,28,33,39,40,46,48],"ascension_level":2}}