{"host":"6to0pdz5g3mubtyg","time":1608673964,"event":{"mods":["Act Like it!","Aspiration","BaseMod","BetterRewards","Colored Map","Energized Spire","Hallownest","Highlight Path","Infinite Spire","Jorbs\u0027s Wanderer Trilogy","Minty Spire (QoL Compilation)","Shade Mod","StSLib","The Animator","The Blue Laboratory","The Bug Knight"],"gold_per_floor":[119,132,132,132,132,132,132,143,170,95,95,127,127,158,158,254,254,268,268,286,286,297,297,297,297,297,212,244,244,244,262,262,359,359,379,412,392,87,132,132,132],"floor_reached":40,"playtime":1761,"items_purged":["Defend_R","Defend_R"],"score":527,"play_id":"339cc71a-ae78-488b-b436-49531eb6f812","local_time":"20201222145244","is_ascension_mode":true,"campfire_choices":[{"data":"infinitespire:FinalStrike","floor":6.0,"key":"SMITH"},{"data":"Heavy Blade","floor":11.0,"key":"SMITH"},{"data":"Wild Strike","floor":13.0,"key":"SMITH"},{"data":"Inflame","floor":15.0,"key":"SMITH"},{"floor":23.0,"key":"REST"},{"data":"Pommel Strike","floor":25.0,"key":"SMITH"},{"floor":29.0,"key":"REST"},{"floor":32.0,"key":"REST"}],"circlet_count":0,"master_deck":["Strike_R","Strike_R","Strike_R","Strike_R","Strike_R","Defend_R","Bash","Pommel Strike+1","infinitespire:FinalStrike+1","Heavy Blade+1","Wild Strike+1","Inflame+1","Fire Breathing","Twin Strike+1","infinitespire:Execution","Pain","Burning Pact+1","Demon Form","Twin Strike","Twin Strike"],"relics":["Burning Blood","aspiration:Nostalgia","HollowMod:VesselMask","aspiration:TomeofQuesting","Akabeko","Toy Ornithopter","energizedSpire:TabascoSauce","Black Star","Matryoshka","Juzu Bracelet","Self Forming Clay","infinitespire:WardingShard","WarpedTongs","aspiration:RitualDagger","Tiny Chest","Shovel"],"acts_visited":["Exordium","TheCity","TheBeyond"],"potions_floor_usage":[33,36,40,40,40],"damage_taken":[{"damage":15.0,"enemies":"Small Slimes","floor":1.0,"turns":3.0},{"damage":12.0,"enemies":"Jaw Worm","floor":2.0,"turns":3.0},{"damage":0.0,"enemies":"2 Louse","floor":8.0,"turns":2.0},{"damage":0.0,"enemies":"Gremlin Nob","floor":12.0,"turns":2.0},{"damage":0.0,"enemies":"HollowMod:MossKnight","floor":14.0,"turns":3.0},{"damage":58.0,"enemies":"Hexaghost","floor":16.0,"turns":6.0},{"damage":6.0,"enemies":"3 Byrds","floor":18.0,"turns":4.0},{"damage":22.0,"enemies":"2 Thieves","floor":20.0,"turns":3.0},{"damage":22.0,"enemies":"3 Cultists","floor":22.0,"turns":4.0},{"damage":35.0,"enemies":"Nightmare","floor":28.0,"turns":4.0},{"damage":19.0,"enemies":"Snecko","floor":31.0,"turns":3.0},{"damage":39,"enemies":"Automaton","floor":33,"turns":5},{"damage":18,"enemies":"Orb Walker","floor":35,"turns":2},{"damage":40,"enemies":"3 Shapes","floor":36,"turns":3},{"damage":78,"enemies":"2 Orb Walkers","floor":39,"turns":5},{"damage":90,"enemies":"Nightmare","floor":40,"turns":6}],"seed_played":"1132091589167300196","potions_obtained":[{"floor":12.0,"key":"blueLaboratory:PyrophylliteBrew"},{"floor":14.0,"key":"blueLaboratory:NullPotion"},{"floor":16.0,"key":"blueLaboratory:CorrosionFlask"},{"floor":35,"key":"ColorlessPotion"},{"floor":37,"key":"blueLaboratory:ForbiddenFruitJuice"}],"is_trial":false,"path_per_floor":["M","M","?","?","?","R","?","M","T","$","R","E","R","E","R","B",null,"M","?","M","AVR","M","R","?","R","T","?","NM","R","?","M","R","B",null,"M","M","?","$","?","NM"],"character_chosen":"IRONCLAD","items_purchased":["Tiny Chest","Twin Strike"],"campfire_rested":3,"item_purchase_floors":[38,38],"current_hp_per_floor":[71,65,45,45,53,53,53,59,59,59,59,65,65,71,71,19,80,77,77,58,58,39,63,63,63,63,63,31,55,55,39,63,29,80,65,30,30,30,37,0,0],"gold":132,"neow_bonus":"NOSTALGIA","is_daily":false,"chose_seed":false,"campfire_upgraded":5,"win_rate":0.0,"timestamp":1608673964,"path_taken":["M","M","?","?","?","R","?","M","T","$","R","E","R","E","R","BOSS","M","?","M","AVR","M","R","?","R","T","?","NM","R","?","M","R","BOSS","M","M","?","?","?","NM"],"items_purchased_type":["Relic","Card"],"build_version":"2020-12-13","purchased_purges":2,"victory":false,"max_hp_per_floor":[80,80,80,80,80,80,80,80,80,80,80,80,80,80,80,80,80,80,80,80,80,80,80,80,80,80,80,80,80,80,80,80,80,80,80,80,80,80,80,70,70],"card_choices":[{"not_picked":["Dark Embrace","Blood for Blood"],"picked":"Pommel Strike","floor":1.0},{"not_picked":["Havoc","Hemokinesis","Sword Boomerang"],"picked":"SKIP","floor":2.0},{"not_picked":["infinitespire:Execution","infinitespire:Collect"],"picked":"infinitespire:FinalStrike","floor":3.0},{"not_picked":["Iron Wave","Havoc"],"picked":"Heavy Blade","floor":8.0},{"not_picked":["Clash","Shrug It Off"],"picked":"Wild Strike","floor":12.0},{"not_picked":["Power Through","Metallicize"],"picked":"Inflame","floor":14.0},{"not_picked":["Body Slam","Thunderclap"],"picked":"Fire Breathing","floor":18.0},{"not_picked":["Battle Trance","Seeing Red+1"],"picked":"Twin Strike+1","floor":20.0},{"not_picked":["Warcry","Iron Wave","Sentinel"],"picked":"SKIP","floor":22.0},{"not_picked":["infinitespire:NeuralNetwork","infinitespire:Starlight"],"picked":"infinitespire:Execution","floor":28.0},{"not_picked":["Burning Pact","Second Wind+1","Sword Boomerang"],"picked":"SKIP","floor":28.0},{"not_picked":["Metallicize","Cleave"],"picked":"Burning Pact+1","floor":31.0},{"not_picked":["Bludgeon","Fiend Fire"],"picked":"Demon Form","floor":33},{"not_picked":["Rage+1","True Grit+1","Armaments"],"picked":"SKIP","floor":35},{"not_picked":["Armaments","Sword Boomerang+1"],"picked":"Twin Strike","floor":36}],"player_experience":212513,"relics_obtained":[{"floor":9.0,"key":"aspiration:TomeofQuesting"},{"floor":12.0,"key":"Akabeko"},{"floor":14.0,"key":"Toy Ornithopter"},{"floor":26.0,"key":"Matryoshka"},{"floor":28.0,"key":"Self Forming Clay"},{"floor":28.0,"key":"infinitespire:WardingShard"},{"floor":39,"key":"Shovel"}],"event_choices":[{"cards_removed":["Defend_R"],"damage_healed":0.0,"max_hp_gain":0.0,"max_hp_loss":0.0,"gold_gain":0.0,"event_name":"Living Wall","player_choice":"Forget","floor":7.0,"gold_loss":0.0,"damage_taken":0.0},{"damage_healed":0.0,"max_hp_gain":0.0,"max_hp_loss":0.0,"gold_gain":0.0,"event_name":"Ghosts","player_choice":"Ignored","floor":19.0,"gold_loss":0.0,"damage_taken":0.0},{"damage_healed":0.0,"max_hp_gain":0.0,"max_hp_loss":0.0,"gold_gain":0.0,"event_name":"Vampires","player_choice":"Ignored","floor":24.0,"gold_loss":0.0,"damage_taken":0.0},{"damage_healed":0.0,"max_hp_gain":0.0,"max_hp_loss":0.0,"gold_gain":0.0,"event_name":"Addict","player_choice":"Obtained Relic","floor":27.0,"gold_loss":85.0,"damage_taken":0.0,"relics_obtained":["Juzu Bracelet"]},{"damage_healed":0.0,"max_hp_gain":0.0,"max_hp_loss":0.0,"gold_gain":0.0,"event_name":"Accursed Blacksmith","player_choice":"Rummage","floor":30.0,"gold_loss":0.0,"damage_taken":0.0,"relics_obtained":["WarpedTongs"],"cards_obtained":["Pain"]},{"damage_healed":0,"gold_gain":0,"player_choice":"Bought 1 Potion","damage_taken":0,"max_hp_gain":0,"max_hp_loss":0,"event_name":"The Woman in Blue","floor":37,"gold_loss":0},{"damage_healed":0,"gold_gain":0,"player_choice":"Fight","damage_taken":0,"max_hp_gain":0,"max_hp_loss":0,"event_name":"Mysterious Sphere","floor":39,"gold_loss":0}],"is_beta":false,"boss_relics":[{"not_picked":["Runic Dome","SacredBark"],"picked":"energizedSpire:TabascoSauce"},{"not_picked":["energizedSpire:NeverEndingSparkler","aspiration:SilentSkillbook"],"picked":"aspiration:RitualDagger"}],"items_purged_floors":[10,38],"is_endless":true,"potions_floor_spawned":[12,14,16,20,22,31,35],"killed_by":"Nightmare","ascension_level":3}}