{"host":"d9m9v0h6vo0edadb","time":1608635348,"event":{"mods":["BaseMod","Hermit","Keyboard Shortcuts","Minty Spire (QoL Compilation)","StSLib","SuperFastMode","The Cursed"],"gold_per_floor":[111,121,46,63,63,63,75,45,92,108,122,22,22,22],"floor_reached":13,"playtime":274,"items_purged":["Strike_G","Strike_G"],"score":158,"play_id":"de2d85ea-2730-41b9-9c40-b5f7911deb1e","local_time":"20201222200908","is_ascension_mode":true,"campfire_choices":[{"data":"Cloak And Dagger","floor":6,"key":"SMITH"}],"circlet_count":0,"master_deck":["AscendersBane","Strike_G","Strike_G","Strike_G","Defend_G","Defend_G","Defend_G","Defend_G","Defend_G","Survivor","Neutralize","Cloak And Dagger+1","PiercingWail","Crippling Poison","Infinite Blades","Blade Dance","Backflip"],"relics":["Ring of the Snake","Omamori"],"acts_visited":["Exordium"],"potions_floor_usage":[11,13],"damage_taken":[{"damage":4,"enemies":"Small Slimes","floor":1,"turns":5},{"damage":9,"enemies":"Jaw Worm","floor":2,"turns":7},{"damage":3,"enemies":"Cultist","floor":4,"turns":5},{"damage":9,"enemies":"2 Fungi Beasts","floor":7,"turns":4},{"damage":10,"enemies":"Exordium Thugs","floor":8,"turns":5},{"damage":1,"enemies":"Blue Slaver","floor":10,"turns":3},{"damage":6,"enemies":"Lots of Slimes","floor":11,"turns":3},{"damage":45,"enemies":"Lagavulin","floor":13,"turns":8}],"seed_played":"7212480951133874484","potions_obtained":[{"floor":0,"key":"SkillPotion"},{"floor":0,"key":"BlessingOfTheForge"},{"floor":7,"key":"Fruit Juice"},{"floor":11,"key":"Explosive Potion"}],"is_trial":false,"path_per_floor":["M","M","$","M","?","R","M","M","T","M","M","$","E"],"character_chosen":"THE_SILENT","items_purchased":[],"campfire_rested":0,"item_purchase_floors":[],"current_hp_per_floor":[55,46,46,43,48,48,39,29,29,28,27,27,0,0],"gold":22,"neow_bonus":"THREE_SMALL_POTIONS","is_daily":false,"chose_seed":false,"campfire_upgraded":1,"win_rate":0.0,"timestamp":1608635348,"path_taken":["M","M","$","M","?","R","M","M","T","M","M","$","E"],"items_purchased_type":[],"build_version":"2020-12-13","purchased_purges":2,"victory":false,"max_hp_per_floor":[66,66,66,66,71,71,71,71,71,71,76,76,76,76],"card_choices":[{"not_picked":["Underhanded Strike","Blur"],"picked":"Cloak And Dagger","floor":1},{"not_picked":["Blur","Sucker Punch"],"picked":"PiercingWail","floor":2},{"not_picked":["Eviscerate","Bane"],"picked":"Crippling Poison","floor":4},{"not_picked":["Underhanded Strike","Slice"],"picked":"Infinite Blades","floor":7},{"not_picked":["Dagger Spray","Terror"],"picked":"Blade Dance","floor":8},{"not_picked":["Dodge and Roll","Unload"],"picked":"Backflip","floor":10},{"not_picked":["Poisoned Stab","Reflex","Eviscerate"],"picked":"SKIP","floor":11}],"player_experience":940966,"relics_obtained":[{"floor":9,"key":"Omamori"}],"event_choices":[{"damage_healed":0,"gold_gain":0,"player_choice":"Donut","damage_taken":0,"max_hp_gain":5,"max_hp_loss":0,"event_name":"Big Fish","floor":5,"gold_loss":0}],"is_beta":false,"boss_relics":[],"items_purged_floors":[3,12],"is_endless":false,"potions_floor_spawned":[7,11],"killed_by":"Lagavulin","ascension_level":20}}