{"host":"93x13jgem5w43hjr","time":1608613561,"event":{"mods":["AchievementEnabler","BaseMod","Colored Map","Colored Powertips","Downfall","Minty Spire (QoL Compilation)","Remilia??????","StSLib","The Animator","The Hierophant"],"gold_per_floor":[128,56,131,141,44,77,88,38,61,61,86,86,123,123,123,221,221,238,238,238,249,264,264,277,17,90,90,122,28,44,44,44,141,141,160,9,39,57,68,68,94,119,143,143,157,0,0,10,10,10,10],"floor_reached":50,"playtime":3176,"items_purged":["animator:Strike"],"score":535,"play_id":"faa4f73b-123c-4844-9705-3e782a248b2f","local_time":"20201221220601","is_ascension_mode":false,"campfire_choices":[{"data":"animator:DolaSchwi","floor":10,"key":"SMITH"},{"data":"animator:Laby","floor":12,"key":"SMITH"},{"floor":15,"key":"REST"},{"data":"animator:Aisha","floor":23,"key":"SMITH"},{"data":"animator:Emilia","floor":27,"key":"SMITH"},{"data":"animator:Demiurge","floor":32,"key":"SMITH"},{"floor":40,"key":"REST"},{"floor":47,"key":"REST"},{"floor":49,"key":"REST"}],"circlet_count":0,"master_deck":["animator:Strike_NoGameNoLife+1","animator:Defend_NoGameNoLife","animator:Strike","animator:Strike","animator:Defend","animator:Defend","animator:Defend","animator:DolaSchwi+1","animator:Tatsumaki","animator:Aisha+1","animator:Laby+1","animator:Urushihara+1","animator:LeleiLaLalena","animator:Tatsumaki","animator:Jibril","animator:Boros","animator:Jibril","animator:Emilia+1","animator:Demiurge+1","animator:Magilou","animator:DolaSchwi","animator:MetalKnight","animator:FielNirvalen","animator:DolaCouronne","Writhe","animator:NarberalGamma"],"relics":["animator:LivingPicture","animator:TheMissingPiece","NeowsBlessing","Calipers","Ancient Tea Set","PreservedInsect","Whetstone","Mark of Pain","HornCleat","Strawberry","Cursed Key","Vajra","animator:WizardHat","Juzu Bracelet","Red Mask"],"acts_visited":["Exordium","TheCity","TheBeyond"],"potions_floor_usage":[13,16,16,28,33,35,35,41,50,50,50],"damage_taken":[{"damage":0,"enemies":"Jaw Worm","floor":1,"turns":1},{"damage":0,"enemies":"Small Slimes","floor":4,"turns":1},{"damage":0,"enemies":"Gremlin Nob","floor":6,"turns":1},{"damage":2,"enemies":"2 Louse","floor":7,"turns":3},{"damage":4,"enemies":"3 Sentries","floor":11,"turns":5},{"damage":17,"enemies":"Lagavulin","floor":13,"turns":4},{"damage":3,"enemies":"The Guardian","floor":16,"turns":7},{"damage":21,"enemies":"Spheric Guardian","floor":18,"turns":4},{"damage":0,"enemies":"Chosen","floor":21,"turns":4},{"damage":20,"enemies":"Snake Plant","floor":22,"turns":5},{"damage":4,"enemies":"Centurion and Healer","floor":24,"turns":7},{"damage":2,"enemies":"Gremlin Leader","floor":28,"turns":5},{"damage":0,"enemies":"Shelled Parasite and Fungi","floor":30,"turns":4},{"damage":15,"enemies":"Automaton","floor":33,"turns":8},{"damage":2,"enemies":"3 Darklings","floor":35,"turns":3},{"damage":20,"enemies":"3 Shapes","floor":37,"turns":3},{"damage":19,"enemies":"Transient","floor":38,"turns":5},{"damage":33,"enemies":"Writhing Mass","floor":39,"turns":5},{"damage":2,"enemies":"Reptomancer","floor":41,"turns":4},{"damage":21,"enemies":"Jaw Worm Horde","floor":42,"turns":4},{"damage":4,"enemies":"3 Darklings","floor":45,"turns":3},{"damage":5,"enemies":"4 Shapes","floor":48,"turns":3},{"damage":51,"enemies":"Donu and Deca","floor":50,"turns":6}],"seed_played":"8680298254993102416","potions_obtained":[{"floor":4,"key":"sneckomod:MuddlingPotion"},{"floor":11,"key":"Energy Potion"},{"floor":13,"key":"FearPotion"},{"floor":21,"key":"BlessingOfTheForge"},{"floor":28,"key":"Fire Potion"},{"floor":30,"key":"Explosive Potion"},{"floor":33,"key":"Swift Potion"},{"floor":38,"key":"CultistPotion"},{"floor":39,"key":"Fire Potion"},{"floor":42,"key":"SteroidPotion"},{"floor":45,"key":"Explosive Potion"}],"is_trial":false,"path_per_floor":["M","$","?","M","$","E","M","?","T","R","E","R","E","?","R","B",null,"M","?","?","M","M","R","M","$","T","R","E","$","M","$","R","B",null,"M","$","M","M","M","R","E","M","T","?","M","?","R","M","R","B"],"character_chosen":"THE_ANIMATOR","items_purchased":["animator:Aisha","animator:Urushihara","animator:Emilia","animator:Magilou","Vajra"],"campfire_rested":4,"item_purchase_floors":[2,5,25,29,36],"current_hp_per_floor":[66,66,55,55,55,55,53,53,53,53,49,49,32,32,51,49,67,49,33,67,67,52,52,54,54,54,54,59,59,59,59,59,50,74,72,72,52,39,7,29,30,12,12,12,8,8,30,25,47,0,0],"gold":10,"neow_bonus":"THREE_ENEMY_KILL","is_daily":false,"chose_seed":false,"campfire_upgraded":5,"win_rate":0.0,"timestamp":1608613561,"path_taken":["M","$","?","M","$","E","M","?","T","R","E","R","E","?","R","BOSS","M","?","?","?","?","R","M","$","T","R","E","$","M","?","R","BOSS","M","$","M","M","M","R","E","?","T","?","M","?","R","M","R","BOSS"],"items_purchased_type":["Card","Card","Card","Card","Relic"],"build_version":"2020-12-13","purchased_purges":1,"victory":false,"max_hp_per_floor":[66,66,66,66,66,66,66,66,66,66,66,66,66,66,66,67,67,67,67,67,67,67,67,67,67,67,67,74,74,74,74,74,74,74,74,74,74,74,75,75,75,75,75,75,75,75,75,75,75,75,75],"card_choices":[{"not_picked":["animator:Ciel","animator:Bozes"],"picked":"animator:Tatsumaki","floor":1},{"not_picked":["animator:YaoHaDucy","animator:Geryuganshoop"],"picked":"animator:Laby","floor":4},{"not_picked":["animator:RoryMercury","animator:Elsword"],"picked":"animator:LeleiLaLalena","floor":6},{"not_picked":["animator:Melzalgald","animator:MumenRider"],"picked":"animator:Tatsumaki","floor":7},{"not_picked":["animator:Souei","animator:Sonic","animator:Bozes"],"picked":"SKIP","floor":11},{"not_picked":["animator:Kaijin","animator:CrowleyEusford"],"picked":"animator:Jibril","floor":13},{"not_picked":["animator:FeridBathory","animator:Ainz"],"picked":"animator:Boros","floor":16},{"not_picked":["animator:Raven+1","animator:Entoma","animator:Shuna+1"],"picked":"SKIP","floor":18},{"not_picked":["animator:Entoma","animator:Shion"],"picked":"animator:Jibril","floor":22},{"not_picked":["animator:Tatsumaki","animator:Shigure+1"],"picked":"animator:Lu","floor":24},{"not_picked":["animator:Kuribayashi","animator:Ainz"],"picked":"animator:Demiurge","floor":28},{"not_picked":["animator:DolaRiku","animator:DolaCouronne"],"picked":"animator:DolaSchwi","floor":30},{"not_picked":["animator:Shigure","animator:Evileye+1","animator:Mitsuba+1"],"picked":"SKIP","floor":35},{"not_picked":["animator:Mikaela","animator:GazelDwargon"],"picked":"animator:MetalKnight","floor":37},{"not_picked":["animator:RoryMercury+1","animator:Genos","animator:Shigure+1"],"picked":"SKIP","floor":38},{"not_picked":["animator:Tet","animator:DolaStephanie"],"picked":"animator:FielNirvalen","floor":39},{"not_picked":["animator:MumenRider+1","animator:Tet","animator:Shalltear+1"],"picked":"SKIP","floor":41},{"not_picked":["animator:Vesta","animator:DolaSchwi+1"],"picked":"animator:DolaCouronne","floor":42},{"not_picked":["animator:Saitama","animator:Vesta"],"picked":"animator:NarberalGamma","floor":45}],"player_experience":178001,"relics_obtained":[{"floor":6,"key":"Calipers"},{"floor":9,"key":"Ancient Tea Set"},{"floor":11,"key":"PreservedInsect"},{"floor":13,"key":"Whetstone"},{"floor":26,"key":"HornCleat"},{"floor":28,"key":"Strawberry"},{"floor":41,"key":"animator:WizardHat"},{"floor":43,"key":"Juzu Bracelet"}],"event_choices":[{"damage_healed":0,"gold_gain":75,"player_choice":"Gather Gold","damage_taken":11,"max_hp_gain":0,"max_hp_loss":0,"event_name":"World of Goop","floor":3,"gold_loss":0},{"cards_removed":["animator:DolaCouronne"],"damage_healed":0,"gold_gain":0,"player_choice":"Card Removal","damage_taken":0,"max_hp_gain":0,"max_hp_loss":0,"event_name":"The Cleric","floor":8,"gold_loss":50},{"damage_healed":0,"gold_gain":0,"player_choice":"Searched \u00270\u0027 times","damage_taken":0,"max_hp_gain":0,"max_hp_loss":0,"event_name":"Dead Adventurer","floor":14,"gold_loss":0},{"damage_healed":0,"gold_gain":0,"player_choice":"Obtained Book","damage_taken":16,"max_hp_gain":0,"max_hp_loss":0,"event_name":"Cursed Tome","floor":19,"gold_loss":0},{"damage_healed":34,"gold_gain":0,"player_choice":"Full Heal","damage_taken":0,"max_hp_gain":0,"max_hp_loss":0,"event_name":"Wheel of Change","floor":20,"gold_loss":0},{"cards_removed":["animator:Lu"],"damage_healed":0,"gold_gain":0,"player_choice":"Removed Attack","damage_taken":0,"max_hp_gain":0,"max_hp_loss":0,"event_name":"Falling","floor":44,"gold_loss":0},{"damage_healed":0,"gold_gain":0,"player_choice":"Paid","damage_taken":0,"relics_obtained":["Red Mask"],"max_hp_gain":0,"max_hp_loss":0,"event_name":"Tomb of Lord Red Mask","floor":46,"gold_loss":157}],"is_beta":false,"boss_relics":[{"not_picked":["animator:CursedBlade","Black Star"],"picked":"Mark of Pain"},{"not_picked":["animator:RacePiece","Coffee Dripper"],"picked":"Cursed Key"}],"items_purged_floors":[25],"is_endless":false,"potions_floor_spawned":[4,11,13,21,28,30,33,38,39,42,45],"killed_by":"Donu and Deca","ascension_level":0}}