{"host":"7rmsgc3rayi00cdt","time":1608628687,"event":{"mods":["BaseMod","Minty Spire (QoL Compilation)"],"gold_per_floor":[112,126,39,59,76,110,110,120,120,136,149,149,163,176,176,254,254,267,284,294,310,225,225,258,258,307,337,349,349,349,349],"floor_reached":30,"playtime":1357,"items_purged":[],"score":549,"play_id":"52350325-3146-4ef7-a705-47419e02f4a8","local_time":"20201222091807","is_ascension_mode":true,"campfire_choices":[{"data":"Neutralize","floor":7,"key":"SMITH"},{"floor":12,"key":"REST"},{"floor":15,"key":"REST"},{"floor":23,"key":"REST"},{"floor":25,"key":"DIG"}],"circlet_count":0,"master_deck":["AscendersBane","Strike_G","Strike_G","Strike_G","Defend_G","Defend_G","Defend_G","Defend_G","Survivor","Neutralize+1","Venomology+1","Glass Knife+1","Terror+1","Finisher","Blade Dance","Choke","Prepared","Cloak And Dagger","Caltrops","Accuracy","Escape Plan","Die Die Die","PiercingWail","Heel Hook","After Image","CurseOfTheBell","Backflip","Backstab","Expertise+1","Noxious Fumes","Infinite Blades"],"relics":["Astrolabe","PreservedInsect","Peace Pipe","Calling Bell","Bag of Marbles","Pantograph","Turnip","Singing Bowl","Shovel","Nunchaku","Ancient Tea Set","Molten Egg 2"],"acts_visited":["Exordium","TheCity"],"potions_floor_usage":[5,6,8,10,13,13,16,16,19,19,20,21,21,24,28,29,30],"damage_taken":[{"damage":0,"enemies":"Cultist","floor":1,"turns":2},{"damage":0,"enemies":"Jaw Worm","floor":2,"turns":3},{"damage":0,"enemies":"2 Louse","floor":4,"turns":3},{"damage":0,"enemies":"Looter","floor":5,"turns":1},{"damage":15,"enemies":"Lagavulin","floor":6,"turns":4},{"damage":13,"enemies":"Large Slime","floor":8,"turns":4},{"damage":0,"enemies":"2 Fungi Beasts","floor":10,"turns":2},{"damage":0,"enemies":"Looter","floor":11,"turns":2},{"damage":0,"enemies":"Gremlin Gang","floor":13,"turns":4},{"damage":10,"enemies":"2 Fungi Beasts","floor":14,"turns":3},{"damage":37,"enemies":"Hexaghost","floor":16,"turns":7},{"damage":11,"enemies":"Shell Parasite","floor":18,"turns":5},{"damage":1,"enemies":"2 Thieves","floor":19,"turns":4},{"damage":10,"enemies":"Snecko","floor":20,"turns":3},{"damage":1,"enemies":"3 Cultists","floor":21,"turns":4},{"damage":0,"enemies":"Gremlin Leader","floor":24,"turns":4},{"damage":23,"enemies":"Book of Stabbing","floor":27,"turns":5},{"damage":11,"enemies":"Chosen and Byrds","floor":28,"turns":4},{"damage":3,"enemies":"Shelled Parasite and Fungi","floor":29,"turns":2},{"damage":47,"enemies":"Gremlin Leader","floor":30,"turns":4}],"seed_played":"-4276113779121684558","potions_obtained":[{"floor":6,"key":"Explosive Potion"},{"floor":10,"key":"Swift Potion"},{"floor":11,"key":"Fruit Juice"},{"floor":14,"key":"Fire Potion"},{"floor":18,"key":"CunningPotion"},{"floor":20,"key":"Swift Potion"},{"floor":27,"key":"SmokeBomb"}],"is_trial":false,"path_per_floor":["M","M","$","M","M","E","R","M","T","M","M","R","M","M","R","B",null,"M","M","M","M","?","R","E","R","T","E","M","M","E"],"character_chosen":"THE_SILENT","items_purchased":["Blade Dance","Choke"],"campfire_rested":3,"item_purchase_floors":[3,3],"current_hp_per_floor":[59,59,59,59,59,44,44,31,31,31,31,50,55,45,66,29,61,50,49,39,38,38,59,61,61,61,38,41,38,0,0],"gold":349,"neow_bonus":"BOSS_RELIC","is_daily":false,"chose_seed":false,"campfire_upgraded":1,"win_rate":0.0,"timestamp":1608628687,"path_taken":["M","M","?","M","?","E","R","M","T","M","?","R","M","M","R","BOSS","M","?","M","M","?","R","E","R","T","E","M","M","E"],"items_purchased_type":["Card","Card"],"build_version":"2020-12-13","purchased_purges":0,"victory":false,"max_hp_per_floor":[66,66,66,66,66,66,66,66,66,66,66,66,71,71,71,71,71,71,71,71,71,71,71,73,73,73,73,75,75,75,75],"card_choices":[{"not_picked":["Deflect","Underhanded Strike","Skewer"],"picked":"SKIP","floor":1},{"not_picked":["PiercingWail","Crippling Poison"],"picked":"Finisher","floor":2},{"not_picked":["Dagger Spray","Accuracy"],"picked":"Prepared","floor":4},{"not_picked":["Underhanded Strike","Sucker Punch"],"picked":"Cloak And Dagger","floor":5},{"not_picked":["Blade Dance","Poisoned Stab"],"picked":"Caltrops","floor":6},{"not_picked":["Flying Knee","Deflect"],"picked":"Accuracy","floor":8},{"not_picked":["Caltrops","Acrobatics"],"picked":"Escape Plan","floor":10},{"not_picked":["PiercingWail","Outmaneuver"],"picked":"Die Die Die","floor":11},{"not_picked":["Dagger Spray","Catalyst"],"picked":"PiercingWail","floor":13},{"not_picked":["Underhanded Strike","Acrobatics"],"picked":"Heel Hook","floor":14},{"not_picked":["Burst","Die Die Die"],"picked":"After Image","floor":16},{"not_picked":["Poisoned Stab","Dagger Throw"],"picked":"Backflip","floor":18},{"not_picked":["Bane+1","Dodge and Roll"],"picked":"Backstab","floor":19},{"not_picked":["Quick Slash","Poisoned Stab"],"picked":"Expertise+1","floor":20},{"not_picked":["Glass Knife","Poisoned Stab"],"picked":"Noxious Fumes","floor":21},{"not_picked":["Quick Slash","Eviscerate","Poisoned Stab+1"],"picked":"Singing Bowl","floor":24},{"not_picked":["Deadly Poison","Blade Dance"],"picked":"Infinite Blades","floor":27},{"not_picked":["Poisoned Stab+1","Slice+1","Sucker Punch+1"],"picked":"Singing Bowl","floor":28}],"player_experience":717744,"relics_obtained":[{"floor":6,"key":"PreservedInsect"},{"floor":9,"key":"Peace Pipe"},{"floor":17,"key":"Bag of Marbles"},{"floor":17,"key":"Pantograph"},{"floor":17,"key":"Turnip"},{"floor":24,"key":"Shovel"},{"floor":25,"key":"Nunchaku"},{"floor":26,"key":"Ancient Tea Set"},{"floor":27,"key":"Molten Egg 2"}],"event_choices":[{"damage_healed":0,"gold_gain":0,"player_choice":"Obtained Relic","damage_taken":0,"relics_obtained":["Singing Bowl"],"max_hp_gain":0,"max_hp_loss":0,"event_name":"Addict","floor":22,"gold_loss":85}],"is_beta":false,"boss_relics":[{"not_picked":["Busted Crown","Fusion Hammer"],"picked":"Calling Bell"}],"items_purged_floors":[],"is_endless":false,"potions_floor_spawned":[4,6,10,11,14,18,20,27,29],"killed_by":"Gremlin Leader","ascension_level":16}}