{"host":"x5anfo2w8aotfuta","time":1608599660,"event":{"mods":["AchievementEnabler","BaseMod","Bestiary","Block Reminder","Colored Map","Colored Powertips","DeckTracker","Highlight Path","Minty Spire (QoL Compilation)","Quick Restart","Rare Cards Sparkle","Relic Stats","StSLib"],"gold_per_floor":[111,129,129,147,166,192,192,224,301,301,313,313,313,313,313,415,415,401,412,149,248,248,282,299,299,299,2,2,22,37,51,51,147,147,161,178,28,28,28,46,46,96,96,96,125,125,152,164,164,164,164,164,26,51,51,51],"floor_reached":55,"playtime":5115,"items_purged":["Strike_G","Strike_G"],"score":878,"play_id":"c0e81f91-91ab-42ee-930c-01b187d12347","local_time":"20201221171420","is_ascension_mode":true,"campfire_choices":[{"data":"A Thousand Cuts","floor":7,"key":"SMITH"},{"data":"A Thousand Cuts","floor":12,"key":"SMITH"},{"data":"Blade Dance","floor":15,"key":"SMITH"},{"data":"Blur","floor":25,"key":"SMITH"},{"floor":32,"key":"REST"},{"floor":41,"key":"RECALL"},{"data":"Crippling Poison","floor":44,"key":"SMITH"},{"floor":49,"key":"REST"},{"data":"Caltrops","floor":52,"key":"SMITH"}],"circlet_count":0,"master_deck":["Strike_G","Strike_G","Strike_G","Defend_G+1","Defend_G+1","Defend_G","Defend_G","Defend_G","Survivor","Neutralize+1","Caltrops+1","Poisoned Stab","A Thousand Cuts+1","Blur+1","A Thousand Cuts+1","Blade Dance+1","Slice","Storm of Steel","Acrobatics","Crippling Poison+1","Cloak And Dagger","Dodge and Roll+1","PiercingWail+1","Backflip","A Thousand Cuts","Acrobatics+1","Calculated Gamble+1","Dodge and Roll","Thinking Ahead","PiercingWail+1","Envenom","Calculated Gamble","Underhanded Strike"],"relics":["Ring of the Snake","CaptainsWheel","Tingsha","Eternal Feather","Ancient Tea Set","Philosopher\u0027s Stone","TwistedFunnel","Tiny Chest","Letter Opener","Matryoshka","FaceOfCleric","Snecko Eye","Centennial Puzzle","Ornamental Fan","Pocketwatch","MealTicket","Mercury Hourglass","Happy Flower","Blue Candle"],"acts_visited":["Exordium","TheCity","TheBeyond","TheEnding"],"potions_floor_usage":[5,6,23,24,33,36,42,45,55,55],"damage_taken":[{"damage":0,"enemies":"Small Slimes","floor":1,"turns":4},{"damage":0,"enemies":"2 Louse","floor":2,"turns":4},{"damage":0,"enemies":"Cultist","floor":4,"turns":4},{"damage":5,"enemies":"Large Slime","floor":5,"turns":7},{"damage":17,"enemies":"Gremlin Nob","floor":6,"turns":4},{"damage":25,"enemies":"3 Sentries","floor":8,"turns":6},{"damage":11,"enemies":"Looter","floor":11,"turns":2},{"damage":20,"enemies":"The Guardian","floor":16,"turns":9},{"damage":16,"enemies":"2 Thieves","floor":18,"turns":4},{"damage":12,"enemies":"Spheric Guardian","floor":19,"turns":3},{"damage":17,"enemies":"Slavers","floor":23,"turns":3},{"damage":12,"enemies":"Snake Plant","floor":24,"turns":3},{"damage":11,"enemies":"Centurion and Healer","floor":29,"turns":3},{"damage":1,"enemies":"Shelled Parasite and Fungi","floor":30,"turns":4},{"damage":18,"enemies":"Snake Plant","floor":31,"turns":3},{"damage":64,"enemies":"Champ","floor":33,"turns":9},{"damage":0,"enemies":"3 Shapes","floor":35,"turns":3},{"damage":1,"enemies":"Orb Walker","floor":36,"turns":3},{"damage":0,"enemies":"Maw","floor":40,"turns":5},{"damage":3,"enemies":"2 Orb Walkers","floor":42,"turns":3},{"damage":52,"enemies":"Giant Head","floor":45,"turns":8},{"damage":0,"enemies":"Transient","floor":48,"turns":5},{"damage":77,"enemies":"Time Eater","floor":50,"turns":11},{"damage":10,"enemies":"Shield and Spear","floor":54,"turns":3},{"damage":76,"enemies":"The Heart","floor":55,"turns":5}],"seed_played":"-7761098311073060025","potions_obtained":[{"floor":0,"key":"SkillPotion"},{"floor":0,"key":"Strength Potion"},{"floor":0,"key":"FairyPotion"},{"floor":2,"key":"FairyPotion"},{"floor":5,"key":"AttackPotion"},{"floor":16,"key":"Energy Potion"},{"floor":23,"key":"Weak Potion"},{"floor":24,"key":"LiquidBronze"},{"floor":33,"key":"EssenceOfSteel"},{"floor":35,"key":"CunningPotion"},{"floor":36,"key":"Dexterity Potion"},{"floor":48,"key":"FairyPotion"}],"is_trial":false,"path_per_floor":["M","M","?","M","M","E","R","E","T","?","M","R","?","?","R","B",null,"M","M","$","?","?","E","M","R","T","$","?","M","M","M","R","B",null,"M","M","$","?","T","M","R","?","T","R","E","?","T","M","R","B",null,"R","$","E","B"],"character_chosen":"THE_SILENT","items_purchased":["TwistedFunnel","Crippling Poison","Matryoshka","Dexterity Potion","Dodge and Roll","Calculated Gamble","Underhanded Strike","Swift Potion"],"campfire_rested":2,"item_purchase_floors":[20,20,27,27,37,53,53,53],"current_hp_per_floor":[63,63,63,63,58,41,41,16,16,4,21,30,16,16,25,5,54,38,26,26,26,49,32,20,32,32,32,32,22,22,5,41,7,57,58,58,58,58,58,59,77,75,75,78,27,27,27,28,70,25,67,81,81,72,0,0],"gold":51,"neow_bonus":"THREE_SMALL_POTIONS","is_daily":false,"chose_seed":false,"campfire_upgraded":6,"win_rate":0.0,"timestamp":1608599660,"path_taken":["M","M","?","M","M","E","R","E","T","?","M","R","?","?","R","BOSS","M","M","$","?","?","E","M","R","T","$","?","M","M","?","R","BOSS","M","M","$","?","?","?","R","?","T","R","E","?","?","M","R","BOSS","R","$","E","BOSS"],"items_purchased_type":["Relic","Card","Relic","Potion","Card","Card","Card","Potion"],"build_version":"2020-12-13","purchased_purges":2,"victory":false,"max_hp_per_floor":[70,70,70,70,70,70,70,70,70,70,70,70,70,70,70,70,70,70,70,70,70,70,70,70,70,70,70,70,71,72,73,73,74,74,75,76,76,76,76,77,77,78,78,78,79,79,79,80,80,81,81,81,81,82,82,82],"relic_stats":{"Happy Flower":[8],"counters":[25,118],"Blue Candle":[0],"Tingsha":[488],"Eternal Feather":98,"Letter Opener":[254],"Mercury Hourglass":[99],"Centennial Puzzle":[14],"FaceOfCleric":12,"Ornamental Fan":[80],"Snecko Eye":[124,148,124,127],"Tiny Chest":2,"MealTicket":0,"obtain_stats":[{"TwistedFunnel":20,"Happy Flower":45,"Blue Candle":54,"Tingsha":8,"Eternal Feather":9,"Letter Opener":26,"Ancient Tea Set":10,"Mercury Hourglass":43,"CaptainsWheel":6,"Centennial Puzzle":39,"Matryoshka":27,"FaceOfCleric":28,"Ornamental Fan":39,"Snecko Eye":34,"Philosopher\u0027s Stone":17,"Tiny Chest":23,"MealTicket":43,"Ring of the Snake":0,"Pocketwatch":42},{"TwistedFunnel":10,"Happy Flower":21,"Blue Candle":24,"Tingsha":6,"Eternal Feather":6,"Letter Opener":12,"Ancient Tea Set":6,"Mercury Hourglass":20,"CaptainsWheel":5,"Centennial Puzzle":18,"Matryoshka":12,"FaceOfCleric":12,"Ornamental Fan":18,"Snecko Eye":16,"Philosopher\u0027s Stone":8,"Tiny Chest":11,"MealTicket":20,"Ring of the Snake":0,"Pocketwatch":20},{"TwistedFunnel":47,"Happy Flower":94,"Blue Candle":113,"Tingsha":29,"Eternal Feather":29,"Letter Opener":53,"Ancient Tea Set":29,"Mercury Hourglass":86,"CaptainsWheel":23,"Centennial Puzzle":78,"Matryoshka":53,"FaceOfCleric":53,"Ornamental Fan":78,"Snecko Eye":72,"Philosopher\u0027s Stone":40,"Tiny Chest":50,"MealTicket":86,"Ring of the Snake":0,"Pocketwatch":86}],"Ring of the Snake":[50],"Pocketwatch":[15]},"card_choices":[{"not_picked":["Endless Agony","Backflip"],"picked":"Caltrops","floor":1},{"not_picked":["Deflect","Cloak And Dagger"],"picked":"Poisoned Stab","floor":2},{"not_picked":["Deadly Poison","Sucker Punch"],"picked":"A Thousand Cuts","floor":4},{"not_picked":["Acrobatics","Expertise"],"picked":"Blur","floor":5},{"not_picked":["Deadly Poison","Blade Dance"],"picked":"A Thousand Cuts","floor":6},{"not_picked":["Backstab","Terror"],"picked":"Blade Dance","floor":8},{"not_picked":["Quick Slash","Dagger Spray"],"picked":"Slice","floor":11},{"not_picked":["Burst","Tools of the Trade"],"picked":"Storm of Steel","floor":16},{"not_picked":["Masterful Stab","Dagger Throw"],"picked":"Acrobatics","floor":18},{"not_picked":["Quick Slash+1","Prepared"],"picked":"Flying Knee+1","floor":19},{"not_picked":["Storm of Steel","Flying Knee"],"picked":"Cloak And Dagger","floor":23},{"not_picked":["Noxious Fumes","Blade Dance"],"picked":"Dodge and Roll+1","floor":24},{"not_picked":["Dodge and Roll","Dagger Spray"],"picked":"PiercingWail+1","floor":29},{"not_picked":["Masterful Stab+1","Quick Slash","Dagger Spray+1"],"picked":"SKIP","floor":30},{"not_picked":["Dagger Spray","Blade Dance"],"picked":"Backflip","floor":31},{"not_picked":["Bullet Time","Doppelganger"],"picked":"A Thousand Cuts","floor":33},{"not_picked":["Bane+1","Poisoned Stab"],"picked":"Acrobatics+1","floor":35},{"not_picked":["Venomology","Backflip+1"],"picked":"Calculated Gamble+1","floor":36},{"not_picked":["Flash of Steel","Metamorphosis"],"picked":"Thinking Ahead","floor":38},{"not_picked":["Dagger Spray+1","Flying Knee","Quick Slash+1"],"picked":"SKIP","floor":40},{"not_picked":["Predator+1","Sucker Punch+1"],"picked":"PiercingWail+1","floor":45},{"not_picked":["Dodge and Roll","All Out Attack"],"picked":"Envenom","floor":48},{"not_picked":["Quick Slash+1","Bane+1","Grand Finale"],"picked":"SKIP","floor":54}],"player_experience":347699,"relics_obtained":[{"floor":6,"key":"CaptainsWheel"},{"floor":8,"key":"Tingsha"},{"floor":9,"key":"Eternal Feather"},{"floor":23,"key":"Tiny Chest"},{"floor":26,"key":"Letter Opener"},{"floor":39,"key":"Centennial Puzzle"},{"floor":39,"key":"Ornamental Fan"},{"floor":42,"key":"Pocketwatch"},{"floor":43,"key":"MealTicket"},{"floor":43,"key":"Mercury Hourglass"},{"floor":45,"key":"Happy Flower"},{"floor":54,"key":"Blue Candle"}],"event_choices":[{"damage_healed":0,"gold_gain":0,"player_choice":"Grow","damage_taken":0,"max_hp_gain":0,"max_hp_loss":0,"event_name":"Living Wall","floor":3,"gold_loss":0,"cards_upgraded":["Neutralize"]},{"damage_healed":0,"gold_gain":0,"player_choice":"Success","damage_taken":12,"relics_obtained":["Ancient Tea Set"],"max_hp_gain":0,"max_hp_loss":0,"event_name":"Scrap Ooze","floor":10,"gold_loss":0},{"damage_healed":0,"gold_gain":0,"player_choice":"Entered Light","damage_taken":14,"max_hp_gain":0,"max_hp_loss":0,"event_name":"Shining Light","floor":13,"gold_loss":0,"cards_upgraded":["Defend_G","Defend_G"]},{"damage_healed":0,"gold_gain":0,"player_choice":"Searched \u00270\u0027 times","damage_taken":0,"max_hp_gain":0,"max_hp_loss":0,"event_name":"Dead Adventurer","floor":14,"gold_loss":0},{"damage_healed":0,"gold_gain":99,"player_choice":"Stole From Cult","damage_taken":0,"max_hp_gain":0,"max_hp_loss":0,"event_name":"Nest","floor":21,"gold_loss":0},{"damage_healed":23,"gold_gain":0,"player_choice":"Heal","damage_taken":0,"max_hp_gain":0,"max_hp_loss":0,"event_name":"The Library","floor":22,"gold_loss":0},{"damage_healed":0,"gold_gain":0,"player_choice":"Trade","damage_taken":0,"relics_obtained":["FaceOfCleric"],"max_hp_gain":0,"max_hp_loss":0,"event_name":"FaceTrader","floor":28,"gold_loss":0},{"damage_healed":0,"gold_gain":0,"player_choice":"Memory 1","damage_taken":0,"max_hp_gain":0,"max_hp_loss":0,"event_name":"SensoryStone","floor":38,"gold_loss":0},{"damage_healed":0,"gold_gain":0,"player_choice":"Fight","damage_taken":0,"max_hp_gain":0,"max_hp_loss":0,"event_name":"Mysterious Sphere","floor":42,"gold_loss":0},{"cards_removed":["Flying Knee"],"damage_healed":0,"gold_gain":0,"player_choice":"Removed Attack","damage_taken":0,"max_hp_gain":0,"max_hp_loss":0,"event_name":"Falling","floor":46,"gold_loss":0}],"is_beta":false,"boss_relics":[{"not_picked":["Pandora\u0027s Box","Empty Cage"],"picked":"Philosopher\u0027s Stone"},{"not_picked":["Runic Dome","Calling Bell"],"picked":"Snecko Eye"}],"items_purged_floors":[20,37],"is_endless":false,"potions_floor_spawned":[2,5,16,23,24,33,35,36,48],"killed_by":"The Heart","ascension_level":6}}