{"host":"yn17ruofed46ymbq","time":1608664549,"event":{"mods":["AchievementEnabler","BaseMod","Colored Map","Colored Powertips","DeckTracker","Highlight Path","Keyboard Shortcuts","Minty Spire (QoL Compilation)","Permanent Neow","Quick Restart","Rare Cards Sparkle","Relic Stats","SuperFastMode"],"gold_per_floor":[112,112,130,146,160,160,177,177,177,193,213,233,261,279,279,279,279],"floor_reached":16,"playtime":545,"items_purged":[],"score":140,"play_id":"c4ee5cce-ac85-4f81-8ea7-493553837bc7","local_time":"20201223041549","is_ascension_mode":true,"campfire_choices":[{"data":"Dark Embrace","floor":6.0,"key":"SMITH"},{"data":"Reckless Charge","floor":8.0,"key":"SMITH"},{"floor":15,"key":"REST"}],"circlet_count":0,"master_deck":["Strike_R","Strike_R","Strike_R","Strike_R","Strike_R","Defend_R","Defend_R","Defend_R","Defend_R","Bash","Anger","Cleave","Reckless Charge+1","Dark Embrace+1","Seeing Red","Ghostly Armor","Pummel","Sever Soul","Wild Strike","Heavy Blade"],"relics":["Burning Blood","Juzu Bracelet","Blue Candle","Bottled Flame"],"acts_visited":["Exordium"],"potions_floor_usage":[14,16],"damage_taken":[{"damage":6.0,"enemies":"Cultist","floor":1.0,"turns":3.0},{"damage":7.0,"enemies":"Jaw Worm","floor":3.0,"turns":3.0},{"damage":9.0,"enemies":"2 Louse","floor":4.0,"turns":2.0},{"damage":18.0,"enemies":"Exordium Thugs","floor":5.0,"turns":4.0},{"damage":10.0,"enemies":"Gremlin Gang","floor":7.0,"turns":4.0},{"damage":19.0,"enemies":"Exordium Wildlife","floor":10.0,"turns":4.0},{"damage":10.0,"enemies":"Lots of Slimes","floor":11.0,"turns":3.0},{"damage":0.0,"enemies":"3 Louse","floor":12.0,"turns":1.0},{"damage":25.0,"enemies":"Gremlin Nob","floor":13.0,"turns":4.0},{"damage":0,"enemies":"Exordium Wildlife","floor":14,"turns":3},{"damage":80,"enemies":"Hexaghost","floor":16,"turns":11}],"seed_played":"4786940087599038472","potions_obtained":[{"floor":2.0,"key":"FairyPotion"},{"floor":2.0,"key":"Explosive Potion"},{"floor":2.0,"key":"ColorlessPotion"},{"floor":13.0,"key":"SteroidPotion"},{"floor":14,"key":"SpeedPotion"}],"is_trial":false,"path_per_floor":["M","?","M","M","M","R","M","R","T","M","M","M","E","M","R","B"],"character_chosen":"IRONCLAD","items_purchased":[],"campfire_rested":1,"item_purchase_floors":[],"current_hp_per_floor":[72,72,71,68,56,56,52,52,52,39,35,41,22,28,52,0,0],"gold":279,"neow_bonus":"RANDOM_COMMON_RELIC","is_daily":false,"chose_seed":false,"campfire_upgraded":2,"win_rate":0.0,"timestamp":1608664549,"path_taken":["M","?","M","M","M","R","M","R","T","M","M","M","E","M","R","BOSS"],"items_purchased_type":[],"build_version":"2020-12-13","purchased_purges":0,"victory":false,"max_hp_per_floor":[80,80,80,80,80,80,80,80,80,80,80,80,80,80,80,80,80],"relic_stats":{"counters":[11,42],"Blue Candle":[0],"Juzu Bracelet":1,"obtain_stats":[{"Bottled Flame":13,"Blue Candle":9,"Juzu Bracelet":0,"Burning Blood":0},{"Bottled Flame":9,"Blue Candle":5,"Juzu Bracelet":0,"Burning Blood":0},{"Bottled Flame":28,"Blue Candle":16,"Juzu Bracelet":0,"Burning Blood":0}],"Burning Blood":60},"card_choices":[{"not_picked":["True Grit","Iron Wave"],"picked":"Anger","floor":1.0},{"not_picked":["Burning Pact","Thunderclap"],"picked":"Cleave","floor":3.0},{"not_picked":["Shrug It Off","Iron Wave"],"picked":"Reckless Charge","floor":4.0},{"not_picked":["Clothesline","Disarm"],"picked":"Dark Embrace","floor":5.0},{"not_picked":["Dark Embrace","Flex"],"picked":"Seeing Red","floor":7.0},{"not_picked":["Anger","Body Slam"],"picked":"Ghostly Armor","floor":10.0},{"not_picked":["Clash","Pommel Strike"],"picked":"Pummel","floor":11.0},{"not_picked":["Armaments","Intimidate"],"picked":"Sever Soul","floor":12.0},{"not_picked":["Thunderclap","Headbutt"],"picked":"Wild Strike","floor":13.0},{"not_picked":["Infernal Blade","Rampage"],"picked":"Heavy Blade","floor":14}],"player_experience":426770,"relics_obtained":[{"floor":9.0,"key":"Blue Candle"},{"floor":13.0,"key":"Bottled Flame"}],"event_choices":[{"damage_healed":0.0,"max_hp_gain":0.0,"max_hp_loss":0.0,"gold_gain":0.0,"event_name":"Lab","player_choice":"Got Potions","floor":2.0,"gold_loss":0.0,"damage_taken":0.0}],"is_beta":false,"boss_relics":[],"items_purged_floors":[],"is_endless":false,"potions_floor_spawned":[10,11,13,14],"killed_by":"Hexaghost","ascension_level":6}}