{"host":"jksa5rawk3m4gilz","time":1608638595,"event":{"mods":["BaseMod","Colored Map","Highlight Path","Minty Spire (QoL Compilation)","Quick Restart"],"gold_per_floor":[18,36,53,65,65,65,85,85,85,102,102,113,113,145,145,216,216,232,232,88,107,32,44,55,55,80,111,111,111,111,111],"floor_reached":30,"playtime":1105,"items_purged":[],"score":416,"play_id":"21682a10-84cd-43aa-ad2f-7800cd2d5936","local_time":"20201222130315","is_ascension_mode":true,"campfire_choices":[{"data":"Alpha","floor":6,"key":"SMITH"},{"floor":8,"key":"REST"},{"floor":11,"key":"REST"},{"floor":13,"key":"REST"},{"floor":15,"key":"REST"},{"floor":25,"key":"REST"},{"floor":28,"key":"REST"}],"circlet_count":0,"master_deck":["AscendersBane","Strike_P","Strike_P","Strike_P","Defend_P","Defend_P","Defend_P","Defend_P","Eruption","Vigilance","Alpha+1","Prostrate","Protect","Protect","Establishment","CurseOfTheBell","ThirdEye+1","DeceiveReality","Devotion"],"relics":["PureWater","Meat on the Bone","Nunchaku","Calling Bell","PreservedInsect","Molten Egg 2","Pocketwatch","Strange Spoon","Regal Pillow","TeardropLocket"],"acts_visited":["Exordium","TheCity"],"potions_floor_usage":[10,21],"damage_taken":[{"damage":2,"enemies":"2 Louse","floor":1,"turns":3},{"damage":8,"enemies":"Small Slimes","floor":2,"turns":4},{"damage":3,"enemies":"Jaw Worm","floor":3,"turns":5},{"damage":4,"enemies":"Looter","floor":4,"turns":4},{"damage":33,"enemies":"Exordium Thugs","floor":7,"turns":4},{"damage":21,"enemies":"3 Louse","floor":10,"turns":3},{"damage":7,"enemies":"Looter","floor":12,"turns":4},{"damage":9,"enemies":"3 Sentries","floor":14,"turns":4},{"damage":33,"enemies":"The Guardian","floor":16,"turns":9},{"damage":7,"enemies":"Chosen","floor":18,"turns":4},{"damage":14,"enemies":"3 Byrds","floor":21,"turns":3},{"damage":39,"enemies":"Shelled Parasite and Fungi","floor":23,"turns":5},{"damage":10,"enemies":"Snecko","floor":24,"turns":7},{"damage":43,"enemies":"Book of Stabbing","floor":27,"turns":5},{"damage":59,"enemies":"Gremlin Leader","floor":30,"turns":6}],"seed_played":"-3537291053491008861","potions_obtained":[{"floor":3,"key":"Explosive Potion"},{"floor":7,"key":"GamblersBrew"},{"floor":10,"key":"Ancient Potion"},{"floor":21,"key":"Fruit Juice"},{"floor":23,"key":"SteroidPotion"},{"floor":27,"key":"DuplicationPotion"}],"is_trial":false,"path_per_floor":["M","M","M","M","$","R","M","R","T","M","R","M","R","E","R","B",null,"M","?","$","M","?","M","M","R","T","E","R","?","E"],"character_chosen":"WATCHER","items_purchased":["Strange Spoon"],"campfire_rested":6,"item_purchase_floors":[20],"current_hp_per_floor":[63,55,52,48,48,48,15,36,36,27,48,41,62,53,72,39,64,57,57,57,48,48,21,23,46,46,15,53,53,0,0],"gold":111,"neow_bonus":"THREE_RARE_CARDS","is_daily":false,"chose_seed":false,"campfire_upgraded":1,"win_rate":0.0,"timestamp":1608638595,"path_taken":["M","M","M","M","$","R","M","R","T","M","R","M","R","E","R","BOSS","M","?","$","M","?","M","M","R","T","E","R","?","E"],"items_purchased_type":["Relic"],"build_version":"2020-12-13","purchased_purges":0,"victory":false,"max_hp_per_floor":[72,72,72,72,72,72,72,72,72,72,72,72,72,72,72,72,72,72,72,72,77,77,77,77,77,77,77,77,77,77,77],"card_choices":[{"not_picked":["Judgement","Scrawl"],"picked":"Alpha","floor":0},{"not_picked":["FlyingSleeves","FlurryOfBlows","SandsOfTime"],"picked":"SKIP","floor":1},{"not_picked":["Consecrate","FlurryOfBlows","PathToVictory"],"picked":"SKIP","floor":2},{"not_picked":["CrushJoints","Swivel","FollowUp"],"picked":"SKIP","floor":3},{"not_picked":["FlyingSleeves","Brilliance","PathToVictory"],"picked":"SKIP","floor":4},{"not_picked":["WindmillStrike","FlyingSleeves"],"picked":"Prostrate","floor":7},{"not_picked":["FollowUp","Alpha"],"picked":"Protect","floor":10},{"not_picked":["PathToVictory","CutThroughFate"],"picked":"Protect","floor":12},{"not_picked":["FollowUp","Indignation","Swivel"],"picked":"SKIP","floor":14},{"not_picked":["Omniscience","Scrawl"],"picked":"Establishment","floor":16},{"not_picked":["CarveReality+1","FlurryOfBlows+1"],"picked":"ThirdEye+1","floor":18},{"not_picked":["SashWhip+1","Crescendo","ThirdEye"],"picked":"SKIP","floor":21},{"not_picked":["Evaluate","WheelKick+1","SashWhip+1"],"picked":"SKIP","floor":23},{"not_picked":["PathToVictory","Halt","Swivel"],"picked":"SKIP","floor":24},{"not_picked":["WindmillStrike+1","WheelKick+1"],"picked":"Devotion","floor":27}],"player_experience":2052616,"relics_obtained":[{"floor":9,"key":"Meat on the Bone"},{"floor":14,"key":"Nunchaku"},{"floor":17,"key":"PreservedInsect"},{"floor":17,"key":"Molten Egg 2"},{"floor":17,"key":"Pocketwatch"},{"floor":26,"key":"Regal Pillow"},{"floor":27,"key":"TeardropLocket"}],"event_choices":[{"damage_healed":0,"gold_gain":0,"player_choice":"Read","damage_taken":0,"max_hp_gain":0,"max_hp_loss":0,"event_name":"The Library","floor":19,"gold_loss":0,"cards_obtained":["DeceiveReality"]},{"cards_removed":["Strike_P"],"damage_healed":0,"gold_gain":0,"player_choice":"Gave Gold","damage_taken":0,"max_hp_gain":0,"max_hp_loss":0,"event_name":"Beggar","floor":22,"gold_loss":75},{"damage_healed":0,"gold_gain":0,"player_choice":"Ignored","damage_taken":0,"max_hp_gain":0,"max_hp_loss":0,"event_name":"Vampires","floor":29,"gold_loss":0}],"is_beta":false,"boss_relics":[{"not_picked":["Runic Pyramid","Pandora\u0027s Box"],"picked":"Calling Bell"}],"items_purged_floors":[],"is_endless":false,"potions_floor_spawned":[3,7,10,14,21,23,27],"killed_by":"Gremlin Leader","ascension_level":13}}