{"host":"mqhvlr3kpxebko0t","time":1608631581,"event":{"mods":["AchievementEnabler","BaseMod","Colored Map","Colored Powertips","Keyboard Shortcuts","Minty Spire (QoL Compilation)","StSLib","SuperFastMode"],"gold_per_floor":[117,42,55,55,68,100,100,126,126,175,175,175,175,187,187,265,265,283,298,198,198,213,213,238,238,265,283,283,293,293,313,313,392,392,392,392,337,356,356,356,356,356,380,414,464,477,493,368,368,368],"floor_reached":51,"playtime":965,"items_purged":["Defend_P","Strike_P","Strike_P"],"score":1618,"play_id":"3ef9ee3d-4d72-4dc8-b4a5-21ffa204af6f","local_time":"20201222190621","is_ascension_mode":true,"campfire_choices":[{"data":"Tantrum","floor":7.0,"key":"SMITH"},{"data":"Eruption","floor":11.0,"key":"SMITH"},{"data":"WheelKick","floor":13.0,"key":"SMITH"},{"data":"MentalFortress","floor":15.0,"key":"SMITH"},{"floor":23,"key":"REST"},{"data":"Brilliance","floor":25,"key":"SMITH"},{"data":"InnerPeace","floor":30,"key":"SMITH"},{"floor":32,"key":"REST"},{"data":"Adaptation","floor":40,"key":"SMITH"},{"floor":42,"key":"REST"},{"data":"Vigilance","floor":49,"key":"SMITH"}],"circlet_count":0,"master_deck":["AscendersBane","Strike_P+1","Defend_P","Eruption+1","Vigilance+1","MentalFortress+1","WheelKick+1","Tantrum+1","FearNoEvil+1","InnerPeace+1","Brilliance+1","Adaptation+1"],"relics":["PureWater","NeowsBlessing","Tiny Chest","Blue Candle","Juzu Bracelet","Bag of Preparation","White Beast Statue","SacredBark","Whetstone","Dream Catcher","Mummified Hand","VioletLotus","Potion Belt","Omamori","Anchor","Damaru"],"acts_visited":["Exordium","TheCity","TheBeyond"],"potions_floor_usage":[18,19,22,24,29,33,35,50],"damage_taken":[{"damage":0.0,"enemies":"Cultist","floor":1.0,"turns":1.0},{"damage":0.0,"enemies":"Jaw Worm","floor":3.0,"turns":1.0},{"damage":0.0,"enemies":"2 Louse","floor":5.0,"turns":1.0},{"damage":12.0,"enemies":"Gremlin Nob","floor":6.0,"turns":3.0},{"damage":12.0,"enemies":"3 Sentries","floor":8.0,"turns":4.0},{"damage":0.0,"enemies":"Blue Slaver","floor":14.0,"turns":1.0},{"damage":10.0,"enemies":"The Guardian","floor":16.0,"turns":10.0},{"damage":6,"enemies":"2 Thieves","floor":18,"turns":3},{"damage":14,"enemies":"Shell Parasite","floor":19,"turns":4},{"damage":6,"enemies":"3 Cultists","floor":22,"turns":3},{"damage":14,"enemies":"Gremlin Leader","floor":24,"turns":2},{"damage":3,"enemies":"Centurion and Healer","floor":27,"turns":3},{"damage":0,"enemies":"Snecko","floor":29,"turns":2},{"damage":12,"enemies":"3 Cultists","floor":31,"turns":4},{"damage":7,"enemies":"Automaton","floor":33,"turns":6},{"damage":0,"enemies":"3 Darklings","floor":35,"turns":2},{"damage":1,"enemies":"3 Shapes","floor":38,"turns":1},{"damage":0,"enemies":"Nemesis","floor":44,"turns":2},{"damage":0,"enemies":"Sphere and 2 Shapes","floor":46,"turns":2},{"damage":9,"enemies":"Writhing Mass","floor":47,"turns":3},{"damage":1,"enemies":"Awakened One","floor":50,"turns":3}],"seed_played":"2739509344391870156","potions_obtained":[{"floor":1.0,"key":"BlessingOfTheForge"},{"floor":8.0,"key":"PowerPotion"},{"floor":14.0,"key":"SkillPotion"},{"floor":16.0,"key":"PowerPotion"},{"floor":18,"key":"Swift Potion"},{"floor":19,"key":"DuplicationPotion"},{"floor":22,"key":"SteroidPotion"},{"floor":24,"key":"ColorlessPotion"},{"floor":27,"key":"SpeedPotion"},{"floor":29,"key":"SmokeBomb"},{"floor":33,"key":"Fruit Juice"},{"floor":38,"key":"SteroidPotion"},{"floor":44,"key":"BlessingOfTheForge"},{"floor":46,"key":"ColorlessPotion"},{"floor":47,"key":"Fire Potion"}],"is_trial":false,"path_per_floor":["M","$","M","?","M","E","R","E","T","T","R","?","R","M","R","B",null,"M","M","$","?","M","R","E","R","T","M","T","M","R","M","R","B",null,"M","?","?","M","?","R","T","R","T","E","?","M","M","$","R","B",null],"character_chosen":"WATCHER","items_purchased":[],"campfire_rested":3,"item_purchase_floors":[],"current_hp_per_floor":[61,61,61,61,61,49,49,37,37,37,37,19,19,19,19,9,53,47,33,33,33,27,47,33,33,33,30,30,30,30,18,38,41,69,69,69,69,68,68,68,68,74,74,74,74,74,65,65,65,64],"gold":368,"neow_bonus":"THREE_ENEMY_KILL","is_daily":false,"chose_seed":false,"campfire_upgraded":8,"win_rate":0.0,"timestamp":1608631581,"path_taken":["M","$","?","?","M","E","R","E","T","?","R","?","R","M","R","BOSS","M","M","$","?","M","R","E","R","T","M","?","M","R","M","R","BOSS","M","?","?","M","?","R","?","R","T","E","?","M","M","$","R","BOSS"],"items_purchased_type":[],"build_version":"2020-12-13","purchased_purges":3,"victory":true,"max_hp_per_floor":[68,68,68,68,68,68,68,68,68,68,68,68,68,68,68,68,68,68,68,68,68,68,68,68,68,68,68,68,68,68,68,68,78,78,78,74,74,74,74,74,74,74,74,74,74,74,74,74,74,74],"card_choices":[{"not_picked":["PathToVictory","Evaluate"],"picked":"MentalFortress","floor":1.0},{"not_picked":["ThirdEye","FlyingSleeves"],"picked":"WheelKick","floor":3.0},{"not_picked":["ClearTheMind","MentalFortress","Worship"],"picked":"SKIP","floor":5.0},{"not_picked":["Meditate","SashWhip"],"picked":"FearNoEvil","floor":6.0},{"not_picked":["Nirvana","EmptyBody","WindmillStrike"],"picked":"SKIP","floor":8.0},{"not_picked":["Evaluate","Halt"],"picked":"InnerPeace","floor":14.0},{"not_picked":["DevaForm","Alpha"],"picked":"Brilliance","floor":16.0},{"not_picked":["FollowUp+1","PathToVictory","ReachHeaven"],"picked":"SKIP","floor":18},{"not_picked":["Sanctity","Protect","PathToVictory"],"picked":"SKIP","floor":19},{"not_picked":["Halt","EmptyFist","Perseverance"],"picked":"SKIP","floor":22},{"not_picked":["Wireheading","FollowUp","BowlingBash+1"],"picked":"SKIP","floor":24},{"not_picked":["CrushJoints","Protect+1","WindmillStrike"],"picked":"SKIP","floor":27},{"not_picked":["Crescendo","Brilliance","PathToVictory+1"],"picked":"SKIP","floor":29},{"not_picked":["PathToVictory","Protect"],"picked":"Adaptation","floor":31},{"not_picked":["ThirdEye+1","EmptyBody+1","FlyingSleeves"],"picked":"SKIP","floor":38},{"not_picked":["EmptyFist+1","DevaForm","BattleHymn"],"picked":"SKIP","floor":44},{"not_picked":["ThirdEye","JustLucky","Protect"],"picked":"SKIP","floor":46},{"not_picked":["JustLucky","EmptyMind+1","WheelKick"],"picked":"SKIP","floor":47}],"player_experience":675720,"relics_obtained":[{"floor":6.0,"key":"Tiny Chest"},{"floor":8.0,"key":"Blue Candle"},{"floor":9.0,"key":"Juzu Bracelet"},{"floor":10.0,"key":"Bag of Preparation"},{"floor":24,"key":"Whetstone"},{"floor":26,"key":"Dream Catcher"},{"floor":28,"key":"Mummified Hand"},{"floor":41,"key":"Omamori"},{"floor":43,"key":"Anchor"},{"floor":44,"key":"Damaru"}],"event_choices":[{"damage_healed":0.0,"max_hp_gain":0.0,"max_hp_loss":0.0,"gold_gain":0.0,"cards_transformed":["Strike_P"],"event_name":"Living Wall","player_choice":"Change","floor":4.0,"gold_loss":0.0,"damage_taken":0.0,"cards_obtained":["Tantrum"]},{"damage_healed":0.0,"max_hp_gain":0.0,"max_hp_loss":0.0,"gold_gain":0.0,"event_name":"Scrap Ooze","player_choice":"Success","floor":12.0,"gold_loss":0.0,"damage_taken":18.0,"relics_obtained":["White Beast Statue"]},{"cards_removed":["Defend_P"],"damage_healed":0,"gold_gain":0,"player_choice":"Elegance","damage_taken":0,"max_hp_gain":0,"max_hp_loss":0,"event_name":"Back to Basics","floor":21,"gold_loss":0},{"damage_healed":0,"gold_gain":0,"player_choice":"Max HP","damage_taken":0,"max_hp_gain":0,"max_hp_loss":4,"event_name":"Winding Halls","floor":36,"gold_loss":0},{"damage_healed":0,"gold_gain":0,"player_choice":"Paid Gold","damage_taken":0,"relics_obtained":["Potion Belt"],"max_hp_gain":0,"max_hp_loss":0,"event_name":"WeMeetAgain","floor":37,"gold_loss":55},{"cards_removed":["Defend_P"],"damage_healed":0,"gold_gain":0,"player_choice":"Removed Skill","damage_taken":0,"max_hp_gain":0,"max_hp_loss":0,"event_name":"Falling","floor":39,"gold_loss":0},{"damage_healed":0,"gold_gain":50,"player_choice":"Pray","damage_taken":0,"max_hp_gain":0,"max_hp_loss":0,"event_name":"Golden Shrine","floor":45,"gold_loss":0}],"is_beta":false,"boss_relics":[{"not_picked":["Snecko Eye","HolyWater"],"picked":"SacredBark"},{"not_picked":["Black Star","Fusion Hammer"],"picked":"VioletLotus"}],"items_purged_floors":[2,20,48],"is_endless":false,"potions_floor_spawned":[1,8,14,16,18,19,22,24,27,29,31,33,35,38,44,46,47],"ascension_level":19}}