{"host":"pjgcdp3h1plnbocs","time":1608661364,"event":{"mods":["AchievementEnabler","BaseMod","Colored Map","Highlight Path","Minty Spire (QoL Compilation)"],"gold_per_floor":[112,112,123,138,138,166,179,179,206,206,216,291,326,397,397,494,494,508,111,26,26,38,38,63,63,63,109,135,147,159,171,183,290,302,330,692,716,740,764,776,776],"floor_reached":40,"playtime":1429,"items_purged":["Defend_P"],"score":509,"play_id":"00cdeaf1-7e64-44fc-9f32-3ee0e3426e80","local_time":"20201222192244","is_ascension_mode":false,"campfire_choices":[{"data":"EmptyFist","floor":8.0,"key":"SMITH"},{"data":"FollowUp","floor":15.0,"key":"SMITH"},{"data":"Strike_P","floor":23,"key":"SMITH"},{"data":"Consecrate","floor":25,"key":"SMITH"},{"floor":32,"key":"RECALL"}],"circlet_count":0,"master_deck":["Strike_P","Strike_P+1","Defend_P+1","Eruption+1","Vigilance","Perseverance+1","EmptyFist+1","Consecrate+1","FollowUp+1","DeceiveReality","MasterReality","Sanctity","CarveReality+1","Writhe","Pray+1","Brilliance+1","MentalFortress"],"relics":["PureWater","Bronze Scales","PreservedInsect","Damaru","Bottled Lightning","Black Star","Molten Egg 2","TungstenRod","Mummified Hand","Thread and Needle","Turnip","MawBank","Smiling Mask","Juzu Bracelet","CaptainsWheel","Empty Cage","Old Coin"],"acts_visited":["Exordium","TheCity","TheBeyond"],"potions_floor_usage":[33,37],"damage_taken":[{"damage":7.0,"enemies":"Small Slimes","floor":1.0,"turns":3.0},{"damage":0.0,"enemies":"2 Louse","floor":3.0,"turns":1.0},{"damage":1.0,"enemies":"Jaw Worm","floor":4.0,"turns":4.0},{"damage":2.0,"enemies":"Lagavulin","floor":6.0,"turns":6.0},{"damage":0.0,"enemies":"3 Louse","floor":7.0,"turns":1.0},{"damage":0.0,"enemies":"Looter","floor":11.0,"turns":2.0},{"damage":0.0,"enemies":"3 Sentries","floor":13.0,"turns":4.0},{"damage":25.0,"enemies":"The Guardian","floor":16.0,"turns":9.0},{"damage":0.0,"enemies":"Chosen","floor":18.0,"turns":4.0},{"damage":4,"enemies":"Spheric Guardian","floor":22,"turns":5},{"damage":15,"enemies":"Book of Stabbing","floor":24,"turns":6},{"damage":0,"enemies":"Gremlin Leader","floor":27,"turns":4},{"damage":0,"enemies":"Centurion and Healer","floor":28,"turns":6},{"damage":21,"enemies":"Collector","floor":33,"turns":7},{"damage":0,"enemies":"3 Shapes","floor":35,"turns":4},{"damage":0,"enemies":"Mind Bloom Boss Battle","floor":36,"turns":5},{"damage":0,"enemies":"3 Darklings","floor":37,"turns":2},{"damage":15,"enemies":"Maw","floor":38,"turns":6},{"damage":10,"enemies":"Spire Growth","floor":39,"turns":6},{"damage":47,"enemies":"Nemesis","floor":40,"turns":8}],"seed_played":"195905690945026516","potions_obtained":[{"floor":1.0,"key":"DistilledChaos"},{"floor":3.0,"key":"FearPotion"},{"floor":13.0,"key":"ColorlessPotion"},{"floor":16.0,"key":"LiquidMemories"},{"floor":33,"key":"PowerPotion"},{"floor":36,"key":"DistilledChaos"},{"floor":38,"key":"PowerPotion"}],"is_trial":false,"path_per_floor":["M","?","M","M","?","E","M","R","T","?","M","?","E","T","R","B",null,"M","$","?","?","M","R","E","R","T","E","M","?","T","?","R","B",null,"M","?","M","M","M","E"],"character_chosen":"WATCHER","items_purchased":["Molten Egg 2","CarveReality+1"],"campfire_rested":0,"item_purchase_floors":[19,19],"current_hp_per_floor":[58,58,58,57,44,42,42,42,42,47,47,36,36,36,36,11,70,70,70,70,70,66,66,51,51,51,51,51,51,51,51,51,30,70,70,70,70,55,45,0,0],"gold":776,"neow_bonus":"REMOVE_TWO","is_daily":false,"chose_seed":false,"campfire_upgraded":4,"win_rate":0.0,"timestamp":1608661364,"path_taken":["M","?","M","M","?","E","M","R","T","?","M","?","E","?","R","BOSS","M","$","?","?","M","R","E","R","T","E","M","?","?","?","R","BOSS","M","?","M","M","M","E"],"items_purchased_type":["Relic","Card"],"build_version":"2020-12-13","purchased_purges":1,"victory":false,"max_hp_per_floor":[65,65,65,65,65,65,65,65,65,70,70,70,70,70,70,70,70,70,70,70,70,70,70,70,70,70,70,70,70,70,70,70,70,70,70,70,70,70,70,70,70],"card_choices":[{"not_picked":["ThirdEye","WreathOfFlame"],"picked":"Perseverance","floor":1.0},{"not_picked":["Indignation","TalkToTheHand"],"picked":"EmptyFist","floor":3.0},{"not_picked":["Adaptation","BowlingBash","CrushJoints"],"picked":"SKIP","floor":4.0},{"not_picked":["ClearTheMind","CrushJoints"],"picked":"Consecrate","floor":6.0},{"not_picked":["Conclude","Prostrate"],"picked":"FollowUp","floor":7.0},{"not_picked":["BattleHymn","PathToVictory"],"picked":"DeceiveReality","floor":11.0},{"not_picked":["WaveOfTheHand","CutThroughFate","Evaluate"],"picked":"SKIP","floor":13.0},{"not_picked":["Ragnarok","Vault"],"picked":"MasterReality","floor":16.0},{"not_picked":["ThirdEye+1","DeceiveReality"],"picked":"Sanctity","floor":18.0},{"not_picked":["EmptyFist+1","ThirdEye","PathToVictory"],"picked":"SKIP","floor":22},{"not_picked":["ClearTheMind","CutThroughFate+1","Nirvana"],"picked":"SKIP","floor":24},{"not_picked":["Consecrate+1","Conclude+1"],"picked":"Pray+1","floor":27},{"not_picked":["Meditate","EmptyBody","FlurryOfBlows+1"],"picked":"SKIP","floor":28},{"not_picked":["DeusExMachina","Judgement"],"picked":"Brilliance+1","floor":33},{"not_picked":["Protect+1","ReachHeaven+1","EmptyBody"],"picked":"SKIP","floor":35},{"not_picked":["CarveReality+1","Consecrate+1","BowlingBash+1"],"picked":"SKIP","floor":37},{"not_picked":["EmptyBody","Halt+1","BowlingBash+1"],"picked":"SKIP","floor":38},{"not_picked":["Crescendo","LikeWater"],"picked":"MentalFortress","floor":39}],"player_experience":137699,"relics_obtained":[{"floor":6.0,"key":"Bronze Scales"},{"floor":9.0,"key":"PreservedInsect"},{"floor":13.0,"key":"Damaru"},{"floor":14.0,"key":"Bottled Lightning"},{"floor":24,"key":"Thread and Needle"},{"floor":24,"key":"Turnip"},{"floor":26,"key":"MawBank"},{"floor":27,"key":"Smiling Mask"},{"floor":27,"key":"Juzu Bracelet"},{"floor":30,"key":"CaptainsWheel"},{"floor":36,"key":"Old Coin"}],"event_choices":[{"damage_healed":0.0,"max_hp_gain":0.0,"max_hp_loss":0.0,"gold_gain":0.0,"event_name":"Living Wall","player_choice":"Grow","floor":2.0,"gold_loss":0.0,"damage_taken":0.0,"cards_upgraded":["Eruption"]},{"damage_healed":0.0,"max_hp_gain":0.0,"max_hp_loss":0.0,"gold_gain":0.0,"event_name":"Shining Light","player_choice":"Entered Light","floor":5.0,"gold_loss":0.0,"damage_taken":13.0,"cards_upgraded":["Perseverance","Defend_P"]},{"damage_healed":0.0,"max_hp_gain":5.0,"max_hp_loss":0.0,"gold_gain":0.0,"event_name":"Big Fish","player_choice":"Donut","floor":10.0,"gold_loss":0.0,"damage_taken":0.0},{"damage_healed":0.0,"max_hp_gain":0.0,"max_hp_loss":0.0,"gold_gain":75.0,"event_name":"World of Goop","player_choice":"Gather Gold","floor":12.0,"gold_loss":0.0,"damage_taken":11.0},{"damage_healed":0,"gold_gain":0,"player_choice":"Obtained Relic","damage_taken":0,"relics_obtained":["TungstenRod"],"max_hp_gain":0,"max_hp_loss":0,"event_name":"Addict","floor":20,"gold_loss":85},{"damage_healed":0,"gold_gain":0,"player_choice":"Opened","damage_taken":0,"relics_obtained":["Mummified Hand"],"max_hp_gain":0,"max_hp_loss":0,"event_name":"The Mausoleum","floor":21,"gold_loss":0,"cards_obtained":["Writhe"]},{"damage_healed":0,"gold_gain":0,"player_choice":"Ignored","damage_taken":0,"max_hp_gain":0,"max_hp_loss":0,"event_name":"Vampires","floor":29,"gold_loss":0},{"damage_healed":0,"gold_gain":0,"player_choice":"Bought 0 Potions","damage_taken":0,"max_hp_gain":0,"max_hp_loss":0,"event_name":"The Woman in Blue","floor":31,"gold_loss":0},{"damage_healed":0,"gold_gain":0,"player_choice":"Fight","damage_taken":0,"max_hp_gain":0,"max_hp_loss":0,"event_name":"MindBloom","floor":36,"gold_loss":0}],"is_beta":false,"boss_relics":[{"not_picked":["SacredBark","Calling Bell"],"picked":"Black Star"},{"not_picked":["Velvet Choker","Fusion Hammer"],"picked":"Empty Cage"}],"items_purged_floors":[19],"is_endless":false,"potions_floor_spawned":[1,3,13,16,24,33,36,38],"killed_by":"Nemesis","ascension_level":0}}