{"host":"337p6miwxbqfki03","time":1608615584,"event":{"mods":["BaseMod","Better Third Choice","Colored Map","Conspire","Downfall","Hermit","Hubris","Minty Spire (QoL Compilation)","Replay The Spire","StSLib","The Cursed","The Hierophant","The Marked","The Necromancer","The Poker Player","The Sage","The Valiant","Unceasing Turn Reminder"],"gold_per_floor":[112,77,77,87,97,125,152,152,152,33,33,73,97,136,136,136,136],"floor_reached":16,"playtime":729,"items_purged":[],"score":112,"play_id":"dd0b42fe-dd0a-4066-b62d-c4c471443739","local_time":"20201221233944","is_ascension_mode":false,"campfire_choices":[{"floor":11,"key":"REST"},{"floor":15,"key":"REST"}],"circlet_count":0,"master_deck":["hierophant:Strike_Hierophant","hierophant:Strike_Hierophant","hierophant:Strike_Hierophant","hierophant:Strike_Hierophant","hierophant:Punish","hierophant:Defend_Hierophant","hierophant:Defend_Hierophant","hierophant:Defend_Hierophant","hierophant:Defend_Hierophant","hierophant:ChurchCoffers","expansioncontent:DashGenerateEvil","hierophant:Smite","hierophant:Cornucopia","hierophant:Flagellation","hierophant:HammerAndAnvil","hierophant:Community","hierophant:Glossolalia","hierophant:OrnateJavelin","hierophant:Patience","hierophant:FieryStrike","hierophant:HammerAndAnvil"],"relics":["hierophant:PropheticMaskRelic","Art of War","hubris:BottledRain","Bronze Scales"],"acts_visited":["Exordium"],"potions_floor_usage":[16],"damage_taken":[{"damage":1,"enemies":"Small Slimes","floor":1,"turns":4},{"damage":0,"enemies":"2 Louse","floor":4,"turns":1},{"damage":0,"enemies":"Cultist","floor":5,"turns":2},{"damage":11,"enemies":"Lagavulin","floor":6,"turns":5},{"damage":2,"enemies":"2 Fungi Beasts","floor":7,"turns":3},{"damage":27,"enemies":"3 Sentries","floor":12,"turns":5},{"damage":5,"enemies":"Looter","floor":13,"turns":2},{"damage":0,"enemies":"Lots of Slimes","floor":14,"turns":3},{"damage":61,"enemies":"Slime Boss","floor":16,"turns":7}],"seed_played":"-3253971107332567164","potions_obtained":[{"floor":1,"key":"Venom Potion"},{"floor":4,"key":"Swift Potion"},{"floor":13,"key":"GamblersBrew"}],"is_trial":false,"path_per_floor":["M","?","?","M","M","E","M","?","T","$","R","E","M","M","R","B"],"character_chosen":"HIEROPHANT","items_purchased":["hierophant:Glossolalia","hierophant:OrnateJavelin"],"campfire_rested":2,"item_purchase_floors":[10,10],"current_hp_per_floor":[67,67,67,67,67,56,54,54,54,54,68,41,36,36,56,0,0],"gold":136,"neow_bonus":"RANDOM_COLORLESS_2","is_daily":false,"chose_seed":false,"campfire_upgraded":0,"win_rate":0.0,"timestamp":1608615584,"path_taken":["M","?","?","?","M","E","M","?","T","$","R","E","M","M","R","BOSS"],"items_purchased_type":["Card","Card"],"build_version":"2020-12-13","purchased_purges":0,"victory":false,"max_hp_per_floor":[68,68,68,68,68,68,68,68,68,68,68,68,68,68,68,68,68],"card_choices":[{"not_picked":["Transmutation","expansioncontent:Corrupt"],"picked":"expansioncontent:DashGenerateEvil","floor":0},{"not_picked":["hierophant:Remorse","hierophant:ConvertCurrency"],"picked":"hierophant:Smite","floor":1},{"not_picked":["hierophant:RustyCrate","hierophant:HammerAndAnvil"],"picked":"hierophant:Flagellation","floor":4},{"not_picked":["hierophant:CoinFling","hierophant:SecretStash","hierophant:RecallFunds"],"picked":"SKIP","floor":5},{"not_picked":["hierophant:Exaltation","hierophant:Shelter"],"picked":"hierophant:HammerAndAnvil","floor":6},{"not_picked":["hierophant:AuricBeam","hierophant:Zeal"],"picked":"hierophant:Community","floor":7},{"not_picked":["hierophant:Smite","hierophant:ThreeLashes"],"picked":"hierophant:Patience","floor":12},{"not_picked":["hierophant:Remorse","hierophant:SolarFlare"],"picked":"hierophant:FieryStrike","floor":13},{"not_picked":["hierophant:Sermon","hierophant:Batter"],"picked":"hierophant:HammerAndAnvil","floor":14}],"player_experience":169316,"relics_obtained":[{"floor":6,"key":"Art of War"},{"floor":9,"key":"hubris:BottledRain"},{"floor":12,"key":"Bronze Scales"}],"event_choices":[{"damage_healed":0,"gold_gain":0,"player_choice":"Left","damage_taken":0,"max_hp_gain":0,"max_hp_loss":0,"event_name":"betterThird:BetterGoop","floor":2,"gold_loss":35},{"damage_healed":0,"gold_gain":0,"player_choice":"1 cards matched","damage_taken":0,"max_hp_gain":0,"max_hp_loss":0,"event_name":"Match and Keep!","floor":3,"gold_loss":0,"cards_obtained":["hierophant:Cornucopia"]},{"damage_healed":0,"gold_gain":0,"player_choice":"Ignored","damage_taken":152,"max_hp_gain":0,"max_hp_loss":0,"event_name":"betterThird:BetterSerpent","floor":8,"gold_loss":0}],"is_beta":false,"boss_relics":[],"items_purged_floors":[],"is_endless":false,"potions_floor_spawned":[1,4,13],"killed_by":"Slime Boss","ascension_level":0}}