{"host":"0m9qzqwuh9r40nrk","time":1608615306,"event":{"mods":["BaseMod","Downfall","Hermit","Minty Spire (QoL Compilation)","Replay The Spire","StSLib","The Animator","The Cursed","The Servant 0.9.4"],"gold_per_floor":[128,150,225,240,165,165,165,189,261,288,23,49,49,74,74,169,169,182,200,200,200,220,253,285,285,331,91,125,143,9,9,9,126,126,165,165,179,179,191,191,208,240,540,565,565,11,48,48,48,56],"floor_reached":51,"playtime":8665,"items_purged":["animator:Defend","animator:Strike","animator:Hitei","animator:SilverFang"],"score":552,"play_id":"898ea31e-5e2c-4b87-90f8-86f9b3074663","local_time":"20201221213506","is_ascension_mode":false,"campfire_choices":[{"data":"animator:UneriGinkaku","floor":6.0,"key":"SMITH"},{"data":"animator:Emonzaemon","floor":13.0,"key":"SMITH"},{"floor":15.0,"key":"DIG"},{"floor":32.0,"key":"REST"},{"data":"animator:HigakiRinne","floor":40.0,"key":"SMITH"}],"circlet_count":0,"master_deck":["animator:Kazuma","animator:Aqua","animator:UneriGinkaku+1","animator:Megumin+18","animator:TukaLunaMarceau+1","animator:Sebas","animator:Azekura+1","animator:Emilia","animator:Emonzaemon+1","animator:Sebas","animator:HigakiRinne+1","animator:ShinjiMatou","animator:Caster","animator:Shalltear","animator:Lancer","animator:SakuraMatou+1","animator:Mitsurugi","animator:TukaLunaMarceau","animator:Chris","animator:LeleiLaLalena+1","animator:QuestionMark","animator:Saber","animator:Shichika+1","animator:HououinKyouma","animator:EmiyaShirou","animator:ZankiKiguchi+1","animator:Kuribayashi+1","animator:YunYun","animator:NarberalGamma+1","animator:HigakiRinne+1"],"relics":["animator:LivingPicture","animator:TheMissingPiece","Gremlin Horn","Happy Flower","Lantern","Simple Rune","Pandora\u0027s Box","animator:OldCoffin","Paper Crane","animator:CerealBox","Replay:Wax Seal","Enchiridion","animator:HolyGrailRelic","Old Coin","Toxic Egg 2","Medical Kit","Blood Vial"],"acts_visited":["Exordium","TheCity","TheBeyond"],"potions_floor_usage":[47,47,50],"damage_taken":[{"damage":4.0,"enemies":"Jaw Worm","floor":1.0,"turns":8.0},{"damage":7.0,"enemies":"2 Louse","floor":2.0,"turns":2.0},{"damage":0.0,"enemies":"Cultist","floor":4.0,"turns":4.0},{"damage":0.0,"enemies":"Exordium Wildlife","floor":8.0,"turns":2.0},{"damage":3.0,"enemies":"3 Sentries","floor":10.0,"turns":4.0},{"damage":0.0,"enemies":"Gremlin Gang","floor":12.0,"turns":1.0},{"damage":12.0,"enemies":"Gremlin Nob","floor":14.0,"turns":5.0},{"damage":16.0,"enemies":"Fading Forest","floor":16.0,"turns":11.0},{"damage":0.0,"enemies":"Shell Parasite","floor":18.0,"turns":4.0},{"damage":3.0,"enemies":"Spheric Guardian","floor":19.0,"turns":4.0},{"damage":8.0,"enemies":"Shelled Parasite and Fungi","floor":22.0,"turns":5.0},{"damage":33.0,"enemies":"Book of Stabbing","floor":23.0,"turns":7.0},{"damage":2.0,"enemies":"Snake Plant","floor":24.0,"turns":4.0},{"damage":2.0,"enemies":"Gremlin Leader","floor":28.0,"turns":3.0},{"damage":6.0,"enemies":"Sentry and Sphere","floor":29.0,"turns":4.0},{"damage":11.0,"enemies":"Champ","floor":33.0,"turns":9.0},{"damage":0.0,"enemies":"3 Shapes","floor":35.0,"turns":1.0},{"damage":9.0,"enemies":"3 Darklings","floor":37.0,"turns":3.0},{"damage":0.0,"enemies":"4 Shapes","floor":39.0,"turns":1.0},{"damage":5.0,"enemies":"Jaw Worm Horde","floor":41.0,"turns":2.0},{"damage":27.0,"enemies":"Maw","floor":42.0,"turns":8.0},{"damage":12,"enemies":"Transient","floor":44,"turns":5},{"damage":25,"enemies":"Nemesis","floor":47,"turns":6},{"damage":48,"enemies":"Replay:Hell Engine","floor":50,"turns":7}],"seed_played":"4551818451887650165","potions_obtained":[{"floor":0.0,"key":"LiquidBronze"},{"floor":0.0,"key":"Explosive Potion"},{"floor":0.0,"key":"Fruit Juice"},{"floor":4.0,"key":"Ancient Potion"},{"floor":12.0,"key":"Ancient Potion"},{"floor":14.0,"key":"Death Potion"},{"floor":19.0,"key":"LifebloodPotion"},{"floor":22.0,"key":"PowerPotion"},{"floor":28.0,"key":"hexamod:EctoCoolerPotion"},{"floor":29.0,"key":"Dexterity Potion"},{"floor":35.0,"key":"Milkshake"},{"floor":41.0,"key":"Adrenaline Potion"},{"floor":42.0,"key":"BlessingOfTheForge"}],"is_trial":false,"path_per_floor":["M","M","?","M","$","R","?","M","T","E","$","M","R","E","R","B",null,"M","M","?","?","M","E","M","?","T","$","E","M","$","?","R","B",null,"M","?","M","?","M","R","M","M","T","M","?","$","E","?","R","B",null],"character_chosen":"THE_ANIMATOR","items_purchased":["animator:Emilia","animator:CerealBox","animator:QuestionMark","Adrenaline Potion","Toxic Egg 2","Medical Kit"],"campfire_rested":1,"item_purchase_floors":[11,27,30,30,46,46],"current_hp_per_floor":[67,62,51,53,53,53,39,41,41,41,41,43,43,33,33,40,73,73,70,70,70,65,34,34,34,34,34,34,30,30,14,36,27,82,84,84,72,72,72,72,73,48,48,41,41,41,19,9,33,15],"gold":56,"neow_bonus":"THREE_SMALL_POTIONS","is_daily":false,"chose_seed":false,"campfire_upgraded":3,"win_rate":0.0,"timestamp":1608615306,"path_taken":["M","M","?","M","$","R","?","M","T","E","?","M","R","E","R","BOSS","M","M","?","?","?","E","M","?","T","$","E","M","$","?","R","BOSS","M","?","M","?","M","R","?","M","T","M","?","$","E","?","R","BOSS"],"items_purchased_type":["Card","Relic","Card","Potion","Relic","Relic"],"build_version":"2020-12-13","purchased_purges":4,"victory":true,"max_hp_per_floor":[71,71,71,71,71,71,71,71,71,72,72,72,72,72,72,73,73,73,73,73,73,74,74,74,74,74,74,74,74,74,74,74,74,82,84,84,81,81,78,78,82,79,79,82,82,82,80,80,80,78],"card_choices":[{"not_picked":["animator:LizardPriest","animator:Genos"],"picked":"animator:UneriGinkaku","floor":1.0},{"not_picked":["animator:CowGirl","animator:Tyuule"],"picked":"animator:Megumin","floor":2.0},{"not_picked":["animator:Illya","animator:Genos"],"picked":"animator:TukaLunaMarceau","floor":4.0},{"not_picked":["animator:Demiurge","animator:PandorasActor"],"picked":"animator:Sebas","floor":8.0},{"not_picked":["animator:Tyuule","animator:Priestess"],"picked":"animator:Azekura","floor":10.0},{"not_picked":["animator:Priestess","animator:ShinjiMatou"],"picked":"animator:Emonzaemon","floor":12.0},{"not_picked":["animator:Assassin","animator:LizardPriest"],"picked":"animator:Sebas","floor":14.0},{"not_picked":["animator:Hans","animator:Wiz"],"picked":"animator:HigakiRinne","floor":16.0},{"not_picked":["animator:Assassin","animator:ShinjiMatou"],"picked":"animator:Archer","floor":18.0},{"not_picked":["animator:Shichika","animator:Kazuma"],"picked":"animator:SakuraMatou+1","floor":19.0},{"not_picked":["animator:Kuribayashi+1","animator:Verdia"],"picked":"animator:Mitsurugi","floor":22.0},{"not_picked":["animator:Priestess+1","animator:Illya"],"picked":"animator:TukaLunaMarceau","floor":23.0},{"not_picked":["animator:Mitsurugi","animator:Verdia"],"picked":"animator:Chris","floor":24.0},{"not_picked":["animator:Sonic","animator:Tatsumaki","animator:Verdia"],"picked":"SKIP","floor":28.0},{"not_picked":["animator:Geryuganshoop","animator:Emonzaemon"],"picked":"animator:LeleiLaLalena+1","floor":29.0},{"not_picked":["animator:Eris","animator:HigakiRinne"],"picked":"animator:Saber","floor":33.0},{"not_picked":["animator:DwarfShaman+1","animator:GuildGirl+1"],"picked":"animator:Shichika+1","floor":35.0},{"not_picked":["animator:MisaKurobane","animator:TakanashiRikka"],"picked":"animator:HououinKyouma","floor":36.0},{"not_picked":["animator:Caster","animator:Illya"],"picked":"animator:EmiyaShirou","floor":37.0},{"not_picked":["animator:DwarfShaman+1","animator:Priestess+1","animator:Tyuule"],"picked":"SKIP","floor":39.0},{"not_picked":["animator:Demiurge+1","animator:Illya+1"],"picked":"animator:ZankiKiguchi+1","floor":41.0},{"not_picked":["animator:Alexander","animator:Megumin"],"picked":"animator:Kuribayashi+1","floor":42.0},{"not_picked":["animator:Vanir","animator:Mitsurugi"],"picked":"animator:YunYun","floor":44},{"not_picked":["animator:Nanami+1","animator:Demiurge+1"],"picked":"animator:NarberalGamma+1","floor":47}],"player_experience":406569,"relics_obtained":[{"floor":9.0,"key":"Gremlin Horn"},{"floor":10.0,"key":"Happy Flower"},{"floor":14.0,"key":"Lantern"},{"floor":15.0,"key":"Simple Rune"},{"floor":23.0,"key":"Paper Crane"},{"floor":28.0,"key":"Replay:Wax Seal"},{"floor":31.0,"key":"Enchiridion"},{"floor":43.0,"key":"Old Coin"},{"floor":47,"key":"Blood Vial"}],"event_choices":[{"damage_healed":0.0,"max_hp_gain":0.0,"max_hp_loss":0.0,"gold_gain":75.0,"event_name":"World of Goop","player_choice":"Gather Gold","floor":3.0,"gold_loss":0.0,"damage_taken":11.0},{"damage_healed":0.0,"max_hp_gain":0.0,"max_hp_loss":0.0,"gold_gain":0.0,"event_name":"Shining Light","player_choice":"Entered Light","floor":7.0,"gold_loss":0.0,"damage_taken":14.0,"cards_upgraded":["animator:Defend","animator:TukaLunaMarceau"]},{"cards_removed":["hexamod:Haunted"],"damage_healed":0.0,"max_hp_gain":0.0,"max_hp_loss":0.0,"gold_gain":0.0,"event_name":"Fountain of Cleansing","player_choice":"Removed Curses","floor":21.0,"gold_loss":0.0,"damage_taken":0.0},{"damage_healed":0.0,"max_hp_gain":0.0,"max_hp_loss":0.0,"gold_gain":0.0,"event_name":"Cursed Tome","player_choice":"Obtained Book","floor":31.0,"gold_loss":0.0,"damage_taken":16.0},{"damage_healed":0.0,"max_hp_gain":0.0,"max_hp_loss":0.0,"gold_gain":0.0,"event_name":"SensoryStone","player_choice":"Memory 1","floor":36.0,"gold_loss":0.0,"damage_taken":0.0},{"cards_removed":["animator:Archer"],"damage_healed":0.0,"max_hp_gain":0.0,"max_hp_loss":0.0,"gold_gain":0.0,"event_name":"Falling","player_choice":"Removed Power","floor":38.0,"gold_loss":0.0,"damage_taken":0.0},{"damage_healed":0,"gold_gain":0,"player_choice":"Embrace Madness","damage_taken":10,"max_hp_gain":0,"max_hp_loss":0,"event_name":"Winding Halls","floor":48,"gold_loss":0,"cards_obtained":["animator:HigakiRinne"]}],"is_beta":false,"boss_relics":[{"not_picked":["Calling Bell","Runic Dome"],"picked":"Pandora\u0027s Box"},{"not_picked":["animator:CursedBlade","Replay:Drink Me"],"picked":"animator:HolyGrailRelic"}],"items_purged_floors":[5,11,27,46],"is_endless":false,"potions_floor_spawned":[4,12,14,19,22,28,29,35,41,42],"ascension_level":0}}