{"host":"ci7ivtocgfxh0ueo","time":1608613480,"event":{"mods":["BaseMod","GifTheSpireLib","Minty Spire (QoL Compilation)","StSLib"],"gold_per_floor":[111,186,22,22,40,71,71,94,94,104,115,115,133,148,148,225,225,245,245,264,26,26,26,26,26],"floor_reached":24,"playtime":450,"items_purged":["Writhe"],"score":409,"play_id":"19d298ae-18c2-4910-8bde-dd7acb9a214e","local_time":"20201222130440","is_ascension_mode":true,"campfire_choices":[{"data":"Flying Knee","floor":12,"key":"SMITH"},{"data":"Riddle With Holes","floor":15,"key":"SMITH"},{"data":"Adrenaline","floor":23,"key":"SMITH"}],"circlet_count":0,"master_deck":["AscendersBane","Strike_G","Strike_G","Strike_G+1","Strike_G","Strike_G","Defend_G","Defend_G","Survivor","Neutralize+1","Flying Knee+1","Dagger Spray","Riddle With Holes+1","Sucker Punch","Backstab","Adrenaline+1","CurseOfTheBell","PiercingWail","Terror","Prepared","Catalyst"],"relics":["Ring of the Snake","NeowsBlessing","Blood Vial","Question Card","HornCleat","Whetstone","StrikeDummy","Calling Bell","Strawberry","Mummified Hand","StoneCalendar","Toy Ornithopter","Strange Spoon"],"acts_visited":["Exordium","TheCity"],"potions_floor_usage":[13,16,18,24],"damage_taken":[{"damage":0,"enemies":"Small Slimes","floor":1,"turns":1},{"damage":0,"enemies":"Jaw Worm","floor":5,"turns":1},{"damage":0,"enemies":"Gremlin Nob","floor":6,"turns":1},{"damage":0,"enemies":"Cultist","floor":10,"turns":2},{"damage":0,"enemies":"Large Slime","floor":11,"turns":4},{"damage":0,"enemies":"Exordium Wildlife","floor":13,"turns":3},{"damage":4,"enemies":"Lots of Slimes","floor":14,"turns":3},{"damage":4,"enemies":"Slime Boss","floor":16,"turns":7},{"damage":16,"enemies":"Spheric Guardian","floor":18,"turns":4},{"damage":8,"enemies":"Chosen","floor":20,"turns":5},{"damage":59,"enemies":"Snecko","floor":24,"turns":6}],"seed_played":"-3988944291060522754","potions_obtained":[{"floor":5,"key":"Fire Potion"},{"floor":6,"key":"BlessingOfTheForge"},{"floor":16,"key":"SneckoOil"},{"floor":20,"key":"Fire Potion"}],"is_trial":false,"path_per_floor":["M","?","$","?","M","E","?","T","T","M","M","R","M","M","R","B",null,"M","?","M","$","?","R","M"],"character_chosen":"THE_SILENT","items_purchased":["Blood Vial","Strange Spoon"],"campfire_rested":0,"item_purchase_floors":[3,21],"current_hp_per_floor":[59,48,48,48,50,52,17,17,17,19,21,21,23,21,21,19,61,47,47,41,41,41,41,0,0],"gold":26,"neow_bonus":"THREE_ENEMY_KILL","is_daily":false,"chose_seed":false,"campfire_upgraded":3,"win_rate":0.0,"timestamp":1608613480,"path_taken":["M","?","$","?","?","E","?","?","T","M","?","R","M","M","R","BOSS","M","?","M","$","?","R","M"],"items_purchased_type":["Relic","Relic"],"build_version":"2020-12-13","purchased_purges":1,"victory":false,"max_hp_per_floor":[66,66,66,66,66,66,66,66,66,66,66,66,66,66,66,66,73,73,73,73,73,73,73,73,73],"card_choices":[{"not_picked":["PiercingWail","Cloak And Dagger"],"picked":"Flying Knee","floor":1},{"not_picked":["Backflip","Deadly Poison","Cloak And Dagger"],"picked":"SKIP","floor":5},{"not_picked":["Catalyst","Blur","Grand Finale"],"picked":"SKIP","floor":6},{"not_picked":["Calculated Gamble","Quick Slash","Sucker Punch"],"picked":"Dagger Spray","floor":10},{"not_picked":["Noxious Fumes","Flying Knee","Quick Slash"],"picked":"Riddle With Holes","floor":11},{"not_picked":["Prepared","Poisoned Stab","Acrobatics"],"picked":"Sucker Punch","floor":13},{"not_picked":["Blade Dance","Dagger Throw","Riddle With Holes"],"picked":"Backstab","floor":14},{"not_picked":["Bullet Time","Night Terror","Unload"],"picked":"Adrenaline","floor":16},{"not_picked":["Finisher","Cloak And Dagger","Bane"],"picked":"PiercingWail","floor":18},{"not_picked":["Deadly Poison","Prepared","Dagger Throw+1"],"picked":"Terror","floor":20}],"player_experience":1275966,"relics_obtained":[{"floor":6,"key":"Question Card"},{"floor":8,"key":"Whetstone"},{"floor":9,"key":"StrikeDummy"},{"floor":17,"key":"Strawberry"},{"floor":17,"key":"Mummified Hand"},{"floor":17,"key":"StoneCalendar"}],"event_choices":[{"damage_healed":0,"gold_gain":75,"player_choice":"Gather Gold","damage_taken":11,"max_hp_gain":0,"max_hp_loss":0,"event_name":"World of Goop","floor":2,"gold_loss":0},{"cards_removed":["Defend_G"],"damage_healed":0,"gold_gain":0,"player_choice":"Purged","damage_taken":0,"max_hp_gain":0,"max_hp_loss":0,"event_name":"Purifier","floor":4,"gold_loss":0},{"damage_healed":0,"gold_gain":0,"player_choice":"Success","damage_taken":35,"relics_obtained":["HornCleat"],"max_hp_gain":0,"max_hp_loss":0,"event_name":"Scrap Ooze","floor":7,"gold_loss":0},{"damage_healed":0,"gold_gain":0,"player_choice":"Opened","damage_taken":0,"relics_obtained":["Toy Ornithopter"],"max_hp_gain":0,"max_hp_loss":0,"event_name":"The Mausoleum","floor":19,"gold_loss":0,"cards_obtained":["Writhe"]},{"damage_healed":0,"gold_gain":0,"cards_transformed":["Defend_G","Defend_G"],"player_choice":"Became Test Subject","damage_taken":0,"max_hp_gain":0,"max_hp_loss":0,"event_name":"Drug Dealer","floor":22,"gold_loss":0,"cards_obtained":["Prepared","Catalyst"]}],"is_beta":false,"boss_relics":[{"not_picked":["Fusion Hammer","SlaversCollar"],"picked":"Calling Bell"}],"items_purged_floors":[21],"is_endless":false,"potions_floor_spawned":[5,6,16,20],"killed_by":"Snecko","ascension_level":17}}