{"host":"uwh382mre4waz4ff","time":1608677008,"event":{"mods":["AchievementEnabler","BaseMod","Better Note","Better Third Choice","BetterRewards","Highlight Path","Minty Spire (QoL Compilation)","Shop Mod","StSLib"],"gold_per_floor":[117,131,148,148,164,164,52,52,52,72,97,97,97,97,97,97,97],"floor_reached":16,"playtime":667,"items_purged":["Strike_B"],"score":142,"play_id":"5f352148-80c0-4174-8ff5-7df43f175137","local_time":"20201223064328","is_ascension_mode":false,"campfire_choices":[{"data":"Consume","floor":6,"key":"SMITH"},{"data":"Static Discharge","floor":8,"key":"SMITH"},{"data":"Fusion","floor":12,"key":"SMITH"},{"data":"Defragment","floor":13,"key":"SMITH"},{"data":"Zap","floor":15,"key":"SMITH"}],"circlet_count":0,"master_deck":["Strike_B","Strike_B","Strike_B","Defend_B","Defend_B","Defend_B","Defend_B","Zap+1","Dualcast","Consume+1","Defragment+1","BootSequence","Static Discharge+1","Fusion+1"],"relics":["Cracked Core","CaptainsWheel","WingedGreaves","Golden Idol","Meat on the Bone"],"acts_visited":[],"potions_floor_usage":[16],"damage_taken":[{"damage":8,"enemies":"Jaw Worm","floor":1,"turns":4},{"damage":0,"enemies":"Cultist","floor":2,"turns":3},{"damage":13,"enemies":"2 Louse","floor":3,"turns":3},{"damage":16,"enemies":"Blue Slaver","floor":5,"turns":5},{"damage":0,"enemies":"Large Slime","floor":10,"turns":5},{"damage":2,"enemies":"3 Louse","floor":11,"turns":4},{"damage":12,"enemies":"Slime Boss","floor":16,"turns":3}],"seed_played":"7551194283479180060","potions_obtained":[{"floor":1,"key":"EssenceOfDarkness"},{"floor":11,"key":"SpeedPotion"}],"is_trial":false,"path_per_floor":["M","M","M","?","M","R","$","R","T","M","M","R","R","T","R","B"],"character_chosen":"DEFECT","items_purchased":["Static Discharge"],"campfire_rested":0,"item_purchase_floors":[7],"current_hp_per_floor":[52,52,39,21,5,5,5,5,5,5,3,3,3,3,3,0,0],"gold":97,"neow_bonus":"","is_daily":false,"chose_seed":false,"campfire_upgraded":5,"win_rate":0.0,"timestamp":1608677008,"path_taken":["M","M","M","?","M","R","$","R","T","M","M","R","R","?","R","BOSS"],"items_purchased_type":["Card"],"build_version":"2020-12-13","purchased_purges":1,"victory":false,"max_hp_per_floor":[75,75,75,75,75,75,75,75,75,75,75,75,75,75,75,75,75],"card_choices":[{"not_picked":["Stack","Coolheaded"],"picked":"Consume","floor":1},{"not_picked":["Coolheaded","Reinforced Body"],"picked":"Defragment","floor":2},{"not_picked":["Beam Cell","Compile Driver","Cold Snap"],"picked":"SKIP","floor":3},{"not_picked":["Redo","Go for the Eyes"],"picked":"BootSequence","floor":5},{"not_picked":["Turbo","Rebound","Beam Cell"],"picked":"SKIP","floor":10},{"not_picked":["Doom and Gloom","Steam"],"picked":"Fusion","floor":11}],"player_experience":40776,"relics_obtained":[{"floor":14,"key":"Meat on the Bone"}],"event_choices":[{"damage_healed":0,"gold_gain":0,"player_choice":"Take Damage","damage_taken":18,"relics_obtained":["Golden Idol"],"max_hp_gain":0,"max_hp_loss":0,"event_name":"Golden Idol","floor":4,"gold_loss":0}],"is_beta":false,"boss_relics":[],"items_purged_floors":[7],"is_endless":false,"potions_floor_spawned":[1,11],"killed_by":"Slime Boss","ascension_level":0}}