{"host":"tgxjhppmfnb48qou","time":1608624395,"event":{"mods":["Aspiration","BaseMod","Better Altar","Better Note","Better Sensory Stone","Better Silent Start","Better Skull","Better Third Choice","CapriCore","Conspire","Curses Come First","Energized Spire","GifTheSpireLib","Gremlin Skip","Hubris","Infinite Spire","Minty Spire (QoL Compilation)","Permanent Neow","Quick Restart","Replay The Spire","Spicy Shops","StSLib","vexMod","???????????mod"],"gold_per_floor":[116,135,85,97,117,117,117,117,147,57,136,136,149,159,191,191,191,320,320,339,52,76,76,76,76,117,117,117,133,154,154,168,189,189,312,312,337,337,361,361,22,22,22,22,22,47,90,90,113,138,138,268,268,277,277,277,280,292,311,267,267],"floor_reached":60,"playtime":4098,"items_purged":["Injury","Strike_G","Strike_G+1"],"score":895,"play_id":"23578156-2198-4dfb-8638-740b6d414d53","local_time":"20201222010635","is_ascension_mode":false,"campfire_choices":[{"floor":8,"key":"RECALL"},{"floor":17,"key":"DIG"},{"floor":25,"key":"REST"},{"floor":27,"key":"REST"},{"floor":34,"key":"REST"},{"floor":42,"key":"REST"},{"floor":48,"key":"REST"},{"floor":51,"key":"REST"}],"circlet_count":0,"master_deck":["Defend_G+1","Defend_G+1","Defend_G+1","Survivor+1","Neutralize+1","Heel Hook+1","Hidden Blade+1","Poisoned Stab+1","Noxious Fumes+1","Deadly Poison+1","Footwork+1","Cloak And Dagger+1","Escape Plan+1","After Image+1","conspire:PoisonWeapons+1","Bane+1","hubris:DuctTapeCard+2","Poisoned Stab+1","Caltrops+1","Catalyst+1","Predator+1","Footwork+1","Corpse Explosion+1","Quick Slash+1","Flying Knee","Slice+1","Noxious Fumes","Sucker Punch+1","Slice","ReplayTheSpireMod:Necrosis+1","Deflect","infinitespire:Neurotoxin"],"relics":["Fusion Hammer","Orichalcum","Kunai","hubris:MysteriousPyramids","Golden Idol","aspiration:HiddenCompartment","conspire:SlowCooker","Replay:Wax Seal","hubris:DuctTape","Replay:Baseball","Mark of the Bloom","Onion Ring","Byrd Skull","ReplayTheSpireMod:TigerMarble","conspire:RunicOctahedron","Tough Bandages","ReplayTheSpireMod:Lightbulb"],"acts_visited":["Exordium","TheCity","TheBeyond","Exordium"],"potions_floor_usage":[9,18,29,33,35,46,52],"damage_taken":[{"damage":0,"enemies":"2 Louse","floor":1,"turns":3},{"damage":0,"enemies":"Jaw Worm","floor":2,"turns":3},{"damage":0,"enemies":"Small Slimes","floor":4,"turns":4},{"damage":0,"enemies":"2 Fungi Beasts","floor":5,"turns":3},{"damage":11,"enemies":"Gremlin Nob","floor":9,"turns":4},{"damage":4,"enemies":"Gremlin Gang","floor":13,"turns":5},{"damage":0,"enemies":"3 Louse","floor":14,"turns":3},{"damage":0,"enemies":"Lagavulin","floor":15,"turns":5},{"damage":9,"enemies":"Fading Forest","floor":18,"turns":11},{"damage":0,"enemies":"Shell Parasite","floor":20,"turns":6},{"damage":23,"enemies":"conspire:FuzzyDice","floor":22,"turns":5},{"damage":0,"enemies":"Nightmare","floor":26,"turns":7},{"damage":3,"enemies":"Cultist and Chosen","floor":29,"turns":6},{"damage":2,"enemies":"Centurion and Healer","floor":30,"turns":5},{"damage":0,"enemies":"Snecko","floor":32,"turns":5},{"damage":6,"enemies":"Cultist and Chosen","floor":33,"turns":5},{"damage":31,"enemies":"Collector","floor":35,"turns":8},{"damage":6,"enemies":"Orb Walker","floor":37,"turns":3},{"damage":7,"enemies":"3 Shapes","floor":39,"turns":4},{"damage":0,"enemies":"Jaw Worm Horde","floor":46,"turns":4},{"damage":15,"enemies":"Nemesis","floor":47,"turns":7},{"damage":9,"enemies":"Spire Growth","floor":49,"turns":4},{"damage":0,"enemies":"Transient","floor":50,"turns":5},{"damage":23,"enemies":"conspire:OrnateMirror","floor":52,"turns":7},{"damage":0,"enemies":"Jaw Worm","floor":54,"turns":2},{"damage":0,"enemies":"Cultist","floor":57,"turns":3},{"damage":0,"enemies":"2 Louse","floor":58,"turns":2},{"damage":0,"enemies":"Lagavulin","floor":59,"turns":3},{"damage":13,"enemies":"Exordium Thugs","floor":60,"turns":2}],"seed_played":"-1729939795930541313","potions_obtained":[{"floor":1,"key":"GamblersBrew"},{"floor":9,"key":"Energy Potion"},{"floor":14,"key":"Dexterity Potion"},{"floor":15,"key":"Milkshake"},{"floor":18,"key":"SteroidPotion"},{"floor":26,"key":"BlessingOfTheForge"},{"floor":29,"key":"Elixir"},{"floor":30,"key":"Reflective Coating"},{"floor":37,"key":"Doom Potion"},{"floor":39,"key":"Adrenaline Potion"},{"floor":46,"key":"Explosive Potion"},{"floor":59,"key":"Doom Potion"}],"is_trial":false,"path_per_floor":["M","M","?","M","M","PTL","PTL","R","E","$","T","?","M","M","E","?","R","B",null,"M","$","M","?","AVR","R","NM","R","T","M","M","?","M","M","R","B",null,"M","?","M","?","$","R","?","?","T","M","E","R","M","M","R","B",null,"M","?","?","M","M","E","M"],"character_chosen":"THE_SILENT","items_purchased":["Footwork","Bane","Replay:Wax Seal","hubris:DuctTape","Onion Ring"],"campfire_rested":6,"item_purchase_floors":[10,21,21,21,41],"current_hp_per_floor":[70,70,70,70,70,70,70,70,59,59,59,59,55,55,55,55,55,66,70,70,70,47,47,47,68,68,70,70,67,65,65,65,59,70,39,70,64,64,57,57,57,57,57,57,57,57,42,42,33,33,33,10,10,10,10,10,10,10,10,0,0],"gold":267,"neow_bonus":"BOSS_RELIC","is_daily":false,"chose_seed":false,"campfire_upgraded":0,"win_rate":0.0,"timestamp":1608624395,"path_taken":["M","M","?","M","M","PTL","PTL","R","E","$","T","?","M","M","E","?","R","BOSS","M","$","M","?","AVR","R","NM","R","T","M","M","?","?","M","R","BOSS","M","?","M","?","$","R","?","?","T","M","E","R","M","?","R","BOSS","M","?","?","M","M","E","M"],"items_purchased_type":["Card","Card","Relic","Relic","Relic"],"build_version":"2020-12-13","purchased_purges":3,"victory":false,"max_hp_per_floor":[70,70,70,70,70,70,70,70,70,70,70,70,70,70,70,70,70,70,70,70,70,70,70,70,70,70,70,70,70,70,70,70,70,70,70,70,70,70,70,70,70,70,70,70,70,70,70,70,70,70,70,70,70,70,70,70,70,70,70,70,70],"card_choices":[{"not_picked":["Setup","Deadly Poison"],"picked":"Heel Hook","floor":1},{"not_picked":["Blade Dance","ReplayTheSpireMod:Tripwire"],"picked":"Hidden Blade","floor":2},{"not_picked":["Blur","hubris:SlightOfHand"],"picked":"Poisoned Stab","floor":4},{"not_picked":["Acrobatics","Backflip"],"picked":"Noxious Fumes","floor":5},{"not_picked":["Corpse Explosion","Distraction"],"picked":"Deadly Poison","floor":9},{"not_picked":["Caltrops","Distraction"],"picked":"Cloak And Dagger","floor":13},{"not_picked":["Acrobatics","Underhanded Strike","Deadly Poison"],"picked":"SKIP","floor":14},{"not_picked":["Acrobatics","Backstab"],"picked":"Escape Plan","floor":15},{"not_picked":["Unload","Corpse Explosion"],"picked":"After Image","floor":18},{"not_picked":["Dagger Spray","hubris:SlightOfHand"],"picked":"conspire:PoisonWeapons","floor":20},{"not_picked":["Accuracy","Blade Dance"],"picked":"Poisoned Stab","floor":22},{"not_picked":["conspire:PoisonWeapons","Deadly Poison"],"picked":"Caltrops+1","floor":26},{"not_picked":["Skewer","Acrobatics"],"picked":"Catalyst","floor":29},{"not_picked":["hubris:SlightOfHand+1","All Out Attack","Dodge and Roll+1"],"picked":"SKIP","floor":30},{"not_picked":["Bane","Catalyst"],"picked":"Predator+1","floor":32},{"not_picked":["hubris:SlightOfHand+1","Hidden Blade"],"picked":"Footwork","floor":33},{"not_picked":["aspiration:Lunge","Adrenaline"],"picked":"Corpse Explosion","floor":35},{"not_picked":["Calculated Gamble","Deflect"],"picked":"Quick Slash+1","floor":37},{"not_picked":["Reflex","ReplayTheSpireMod:Tripwire"],"picked":"Flying Knee","floor":39},{"not_picked":["Underhanded Strike","Adrenaline"],"picked":"Slice+1","floor":46},{"not_picked":["Hidden Blade","Blade Dance+1"],"picked":"Noxious Fumes","floor":47},{"not_picked":["Acrobatics+1","Dodge and Roll+1"],"picked":"Sucker Punch+1","floor":49},{"not_picked":["Backflip+1","Endless Agony"],"picked":"Slice","floor":50},{"not_picked":["Corpse Explosion","Venomology"],"picked":"ReplayTheSpireMod:Necrosis","floor":52},{"not_picked":["Outmaneuver","ReplayTheSpireMod:Shiv Toss","Flying Knee"],"picked":"SKIP","floor":54},{"not_picked":["Underhanded Strike","Dagger Spray"],"picked":"Deflect","floor":57},{"not_picked":["Expertise","Bouncing Flask","Acrobatics"],"picked":"SKIP","floor":58},{"not_picked":["Prepared","Concentrate"],"picked":"infinitespire:Neurotoxin","floor":59}],"player_experience":29206,"relics_obtained":[{"floor":9,"key":"Orichalcum"},{"floor":11,"key":"Kunai"},{"floor":15,"key":"hubris:MysteriousPyramids"},{"floor":17,"key":"aspiration:HiddenCompartment"},{"floor":26,"key":"Replay:Baseball"},{"floor":45,"key":"Byrd Skull"},{"floor":47,"key":"ReplayTheSpireMod:TigerMarble"},{"floor":55,"key":"Tough Bandages"},{"floor":59,"key":"ReplayTheSpireMod:Lightbulb"}],"event_choices":[{"cards_removed":["Strike_G"],"damage_healed":0,"gold_gain":0,"player_choice":"Card Removal","damage_taken":0,"max_hp_gain":0,"max_hp_loss":0,"event_name":"The Cleric","floor":3,"gold_loss":50},{"damage_healed":0,"gold_gain":0,"player_choice":"Take Wound","damage_taken":0,"relics_obtained":["Golden Idol"],"max_hp_gain":0,"max_hp_loss":0,"event_name":"Golden Idol","floor":16,"gold_loss":0,"cards_obtained":["Injury"]},{"cards_removed":["Defend_G"],"damage_healed":0,"gold_gain":0,"player_choice":"Give","damage_taken":0,"max_hp_gain":0,"max_hp_loss":0,"event_name":"betterNote:BetterNote","floor":23,"gold_loss":0,"cards_obtained":["Strike_G"]},{"damage_healed":0,"gold_gain":0,"player_choice":"Upgrade","damage_taken":0,"relics_obtained":["Mark of the Bloom"],"max_hp_gain":0,"max_hp_loss":0,"event_name":"MindBloom","floor":38,"gold_loss":0,"cards_upgraded":["Strike_G","Defend_G","Defend_G","Defend_G","Survivor","Heel Hook","Hidden Blade","Poisoned Stab","Noxious Fumes","Deadly Poison","Footwork","Cloak And Dagger","Escape Plan","After Image","conspire:PoisonWeapons","Bane","hubris:DuctTapeCard","Poisoned Stab","Catalyst","Footwork","Corpse Explosion"]},{"damage_healed":0,"gold_gain":0,"player_choice":"Ignored","damage_taken":0,"max_hp_gain":0,"max_hp_loss":0,"event_name":"Tomb of Lord Red Mask","floor":40,"gold_loss":0},{"damage_healed":0,"gold_gain":0,"player_choice":"Leave","damage_taken":0,"max_hp_gain":0,"max_hp_loss":0,"event_name":"conspire:Investor","floor":43,"gold_loss":0},{"damage_healed":0,"gold_gain":0,"player_choice":"Upgraded","damage_taken":0,"max_hp_gain":0,"max_hp_loss":0,"event_name":"Upgrade Shrine","floor":56,"gold_loss":0,"cards_upgraded":["ReplayTheSpireMod:Necrosis"]}],"is_beta":false,"boss_relics":[{"not_picked":["vexMod:FluxCapacitor","energizedSpire:CursedPentagram"],"picked":"conspire:SlowCooker"},{"not_picked":["infinitespire:Cupcake","hubris:GrandSneckoEye","conspire:SeveredTorchhead"]},{"not_picked":["aspiration:RunicSpoon","aspiration:RitualDagger"],"picked":"conspire:RunicOctahedron"}],"items_purged_floors":[21,24,41],"is_endless":true,"potions_floor_spawned":[1,9,14,15,18,26,29,30,32,37,39,46,59],"killed_by":"Exordium Thugs","ascension_level":0}}