{"host":"htqwg582tjjtn9p7","time":1608645640,"event":{"mods":["2.2 Compatiblity","AchievementEnabler","Act Like it!","Aspiration","BaseMod","Better Third Choice","Colored Map","Conspire","Curses Come First","Displayed Cursed Tome","Energized Spire","Force Act Four","GifTheSpireLib","Hermit","Highlight Path","JesterMod","Mad Scientist","Minty Spire (QoL Compilation)","Pale of the Ancients","Permanent Neow","Random Character Button","Relic Stats","Replay The Spire","Robot Space Explorer","Somnambulant","Spicy Shops","Spikes Relics","StSLib","Stuff the Spire","The Blue Laboratory","The Disciple","The Dragon Tamer","The Forsaken","The Gatherer","The Judge","The Jungle","The Runesmith","The Servant 0.9.4"],"gold_per_floor":[118,169,184,21,21,21,40,160,186,186,199,199,216,232,232,303,303,314,324,324,324,343,343,451,464,464,464,464],"floor_reached":27,"playtime":989,"items_purged":["Strike_G"],"score":411,"play_id":"3b48daa7-4dfe-47f3-841c-ea7710bc7b1a","local_time":"20201222150040","is_ascension_mode":true,"campfire_choices":[{"floor":6,"key":"REST"},{"data":"Concentrate","floor":10,"key":"SMITH"},{"data":"Bouncing Flask","floor":12,"key":"SMITH"},{"floor":15,"key":"REST"},{"floor":23,"key":"REST"}],"circlet_count":0,"master_deck":["AscendersBane","Strike_G","Strike_G","Strike_G","Strike_G","Defend_G","Defend_G","Defend_G","Defend_G","Defend_G","Survivor","Neutralize","Die Die Die","Bouncing Flask+1","Dash","StuffTheSpire:ReptileScales","Concentrate+1","Underhanded Strike","Hidden Blade","Clumsy","WordoMod:Retaliate","ExoVibe"],"relics":["Ring of the Snake","Tingsha","StuffTheSpire:TintedRock","conspire:TopHat","Snake Skull","energizedSpire:CursedPentagram","PrismaticShard","Vajra","Blood Vial","Golden Egg"],"acts_visited":["Exordium","TheCity"],"potions_floor_usage":[8,16,22],"damage_taken":[{"damage":0,"enemies":"Cultist","floor":1,"turns":4},{"damage":12,"enemies":"Small Slimes","floor":3,"turns":3},{"damage":4,"enemies":"Jaw Worm","floor":7,"turns":3},{"damage":7,"enemies":"Lagavulin","floor":8,"turns":7},{"damage":0,"enemies":"2 Fungi Beasts","floor":11,"turns":2},{"damage":0,"enemies":"Large Slime","floor":13,"turns":5},{"damage":0,"enemies":"Lots of Slimes","floor":14,"turns":1},{"damage":6,"enemies":"Hexaghost","floor":16,"turns":7},{"damage":18,"enemies":"3 Byrds","floor":18,"turns":5},{"damage":5,"enemies":"Spheric Guardian","floor":19,"turns":4},{"damage":8,"enemies":"Cultist and Chosen","floor":22,"turns":6},{"damage":11,"enemies":"Gremlin Leader","floor":24,"turns":7},{"damage":26,"enemies":"Shelled Parasite and Fungi","floor":25,"turns":7},{"damage":0,"enemies":"Book of Stabbing","floor":27,"turns":1}],"seed_played":"6556728906504657686","potions_obtained":[{"floor":7,"key":"blueLaboratory:BlinkPotion"},{"floor":8,"key":"Adrenaline Potion"},{"floor":19,"key":"GamblersBrew"},{"floor":25,"key":"blueLaboratory:RememoryPotion"}],"is_trial":false,"path_per_floor":["M","?","M","$","?","R","M","E","T","R","M","R","M","M","R","B",null,"M","M","?","?","M","R","E","M","T","E"],"character_chosen":"THE_SILENT","items_purchased":["Tingsha"],"campfire_rested":3,"item_purchase_floors":[4],"current_hp_per_floor":[44,44,32,32,32,51,47,40,40,40,40,40,40,40,59,53,63,45,40,28,28,20,39,28,4,4,6,6],"gold":464,"neow_bonus":"THREE_RARE_CARDS","is_daily":false,"chose_seed":false,"campfire_upgraded":2,"win_rate":0.0,"timestamp":1608645640,"path_taken":["M","?","M","$","?","R","M","E","T","R","?","R","M","M","R","BOSS","M","M","?","?","M","R","E","M","T","E"],"items_purchased_type":["Relic"],"build_version":"2020-12-13","purchased_purges":1,"victory":false,"max_hp_per_floor":[66,66,66,66,66,66,66,66,66,66,66,66,66,66,66,66,66,66,66,66,66,66,66,66,66,66,66,66],"relic_stats":{"Blood Vial":4,"counters":[14,62],"Tingsha":[100],"Snake Skull":[60],"obtain_stats":[{"StuffTheSpire:TintedRock":5,"Blood Vial":24,"Golden Egg":26,"energizedSpire:CursedPentagram":17,"Vajra":21,"Tingsha":4,"Snake Skull":9,"PrismaticShard":20,"conspire:TopHat":8,"Ring of the Snake":0},{"StuffTheSpire:TintedRock":2,"Blood Vial":12,"Golden Egg":13,"energizedSpire:CursedPentagram":8,"Vajra":10,"Tingsha":2,"Snake Skull":4,"PrismaticShard":10,"conspire:TopHat":4,"Ring of the Snake":0},{"StuffTheSpire:TintedRock":7,"Blood Vial":54,"Golden Egg":61,"energizedSpire:CursedPentagram":32,"Vajra":41,"Tingsha":7,"Snake Skull":17,"PrismaticShard":41,"conspire:TopHat":17,"Ring of the Snake":0}],"Ring of the Snake":[28]},"card_choices":[{"not_picked":["aspiration:Lunge","Corpse Explosion"],"picked":"Die Die Die","floor":0},{"not_picked":["PiercingWail","Cloak And Dagger"],"picked":"Bouncing Flask","floor":1},{"not_picked":["StuffTheSpire:Repulse","Outmaneuver"],"picked":"Dash","floor":3},{"not_picked":["Distraction","StuffTheSpire:Python"],"picked":"StuffTheSpire:ReptileScales","floor":7},{"not_picked":["Poisoned Stab","Cloak And Dagger"],"picked":"Concentrate","floor":8},{"not_picked":["Accuracy","StuffTheSpire:Sprint"],"picked":"Underhanded Strike","floor":11},{"not_picked":["Dash","Deadly Poison","Predator"],"picked":"SKIP","floor":13},{"not_picked":["ReplayTheSpireMod:Shiv Toss","Bane"],"picked":"Hidden Blade","floor":14},{"not_picked":["Poisoned Stab","StuffTheSpire:Sprint+1","Predator"],"picked":"SKIP","floor":18},{"not_picked":["Dagger Spray","Poisoned Stab","Bane"],"picked":"SKIP","floor":19},{"not_picked":["Spin","Sharp Hide"],"picked":"WordoMod:Retaliate","floor":22},{"not_picked":["Conserve Battery","DTMod:Weaken","DTMod:Training"],"picked":"SKIP","floor":24},{"not_picked":["WordoMod:Rise","Protect"],"picked":"ExoVibe","floor":25}],"player_experience":1742551,"relics_obtained":[{"floor":5,"key":"StuffTheSpire:TintedRock"},{"floor":8,"key":"conspire:TopHat"},{"floor":9,"key":"Snake Skull"},{"floor":20,"key":"PrismaticShard"},{"floor":24,"key":"Blood Vial"},{"floor":26,"key":"Golden Egg"}],"event_choices":[{"damage_healed":0,"gold_gain":51,"player_choice":"Gained Gold","damage_taken":0,"max_hp_gain":0,"max_hp_loss":0,"event_name":"Golden Wing","floor":2,"gold_loss":0},{"damage_healed":0,"gold_gain":0,"player_choice":"Relic","damage_taken":0,"max_hp_gain":0,"max_hp_loss":0,"event_name":"Wheel of Change","floor":5,"gold_loss":0}],"is_beta":false,"boss_relics":[{"not_picked":["Ring of the Serpent","energizedSpire:SpiderWeb"],"picked":"energizedSpire:CursedPentagram"}],"items_purged_floors":[4],"is_endless":false,"potions_floor_spawned":[7,8,11,19,25],"killed_by":"Book of Stabbing","ascension_level":15}}