{"host":"ki5kvxn974a96omm","time":1608605479,"event":{"mods":["BaseMod","Better Altar","Better Match","Better Note","Better Sensory Stone","Better Skull","Colored Map","Colored Powertips","Highlight Path","Minty Spire (QoL Compilation)","Random Character Button","Relic Sorter","StSLib"],"gold_per_floor":[109,34,34,50,60,60,93,93,93,116,19,19,44,44,44,115,115,131,156,244,256,306,306,339,356,356,356,370,100,100,119,119,196,196,208,208,6,18,28,59,59,86,111,124,124,144,173,193,193,193,193,193,93,127,127,127],"floor_reached":55,"playtime":5690,"items_purged":["Strike_R","Defend_R"],"score":1333,"play_id":"ef47bd58-079f-42ca-bc80-7767bd7c6b0e","local_time":"20201221215119","is_ascension_mode":true,"campfire_choices":[{"data":"True Grit","floor":6.0,"key":"SMITH"},{"data":"Bludgeon","floor":8.0,"key":"SMITH"},{"data":"Bash","floor":15.0,"key":"SMITH"},{"floor":23.0,"key":"REST"},{"floor":27.0,"key":"REST"},{"data":"Dual Wield","floor":32.0,"key":"SMITH"},{"floor":41,"key":"REST"},{"data":"Battle Trance","floor":45,"key":"SMITH"},{"floor":49,"key":"RECALL"},{"data":"Flame Barrier","floor":52,"key":"SMITH"}],"circlet_count":0,"master_deck":["AscendersBane","Defend_R","Defend_R","Defend_R","Bash+1","Bludgeon+1","True Grit+1","Whirlwind","Shrug It Off","Metallicize","Body Slam+1","Shrug It Off","Brutality","Thunderclap+1","Feed+1","Rampage+1","Battle Trance+1","Exhume","Clothesline+1","Dual Wield+1","Blind","Flame Barrier+1","Feed+1","Body Slam+1","Second Wind+1","Feel No Pain+1","Intimidate+1","Barricade"],"relics":["Burning Blood","Molten Egg 2","Sundial","Bag of Preparation","Potion Belt","Cursed Key","Red Mask","Omamori","ClockworkSouvenir","Empty Cage","Boot","Ornamental Fan","Orichalcum","Shuriken","Paper Frog"],"acts_visited":["Exordium","TheCity","TheBeyond","TheEnding"],"potions_floor_usage":[40,42,47,50,50,54,54,54,55,55,55,55,55],"damage_taken":[{"damage":3.0,"enemies":"2 Louse","floor":1.0,"turns":4.0},{"damage":2.0,"enemies":"Jaw Worm","floor":4.0,"turns":3.0},{"damage":8.0,"enemies":"Small Slimes","floor":5.0,"turns":2.0},{"damage":33.0,"enemies":"Lagavulin","floor":7.0,"turns":8.0},{"damage":8.0,"enemies":"Gremlin Nob","floor":13.0,"turns":4.0},{"damage":25.0,"enemies":"The Guardian","floor":16.0,"turns":8.0},{"damage":4.0,"enemies":"3 Byrds","floor":18.0,"turns":5.0},{"damage":43.0,"enemies":"Masked Bandits","floor":19.0,"turns":4.0},{"damage":16.0,"enemies":"Spheric Guardian","floor":21.0,"turns":4.0},{"damage":31.0,"enemies":"Book of Stabbing","floor":24.0,"turns":7.0},{"damage":24.0,"enemies":"Cultist and Chosen","floor":25.0,"turns":6.0},{"damage":10.0,"enemies":"Centurion and Healer","floor":28.0,"turns":9.0},{"damage":3.0,"enemies":"Snake Plant","floor":31.0,"turns":5.0},{"damage":25.0,"enemies":"Champ","floor":33.0,"turns":13.0},{"damage":29.0,"enemies":"3 Darklings","floor":35.0,"turns":11.0},{"damage":21,"enemies":"3 Shapes","floor":38,"turns":7},{"damage":74,"enemies":"Jaw Worm Horde","floor":39,"turns":7},{"damage":35,"enemies":"Giant Head","floor":40,"turns":8},{"damage":23,"enemies":"Reptomancer","floor":42,"turns":9},{"damage":16,"enemies":"Maw","floor":44,"turns":9},{"damage":9,"enemies":"4 Shapes","floor":46,"turns":6},{"damage":17,"enemies":"Giant Head","floor":47,"turns":6},{"damage":9,"enemies":"3 Darklings","floor":48,"turns":4},{"damage":9,"enemies":"Time Eater","floor":50,"turns":11},{"damage":136,"enemies":"Shield and Spear","floor":54,"turns":12},{"damage":46,"enemies":"The Heart","floor":55,"turns":9}],"seed_played":"-5988316071253547814","potions_obtained":[{"floor":4.0,"key":"BlessingOfTheForge"},{"floor":7.0,"key":"Block Potion"},{"floor":21.0,"key":"PowerPotion"},{"floor":24.0,"key":"HeartOfIron"},{"floor":28.0,"key":"SkillPotion"},{"floor":33.0,"key":"ColorlessPotion"},{"floor":40,"key":"Weak Potion"},{"floor":42,"key":"SpeedPotion"},{"floor":46,"key":"PowerPotion"},{"floor":48,"key":"AttackPotion"}],"is_trial":false,"path_per_floor":["M","?","?","M","M","R","E","R","T","T","$","?","E","$","R","B",null,"M","?","?","M","?","R","E","M","T","R","M","$","?","M","R","B",null,"M","?","$","M","M","E","R","E","T","M","R","M","E","M","R","B",null,"R","$","E","B"],"character_chosen":"IRONCLAD","items_purchased":["Body Slam+1","Shrug It Off","ClockworkSouvenir","SpeedPotion","EntropicBrew","BloodPotion","Block Potion"],"campfire_rested":3,"item_purchase_floors":[11,11,29,29,37,53,53],"current_hp_per_floor":[71,71,76,80,78,78,51,51,51,51,51,51,49,49,49,30,68,74,41,28,22,22,49,24,10,10,38,42,42,42,49,49,30,89,70,122,122,115,59,34,77,64,64,58,58,63,56,53,53,50,137,137,137,44,0,0],"gold":127,"neow_bonus":"ONE_RANDOM_RARE_CARD","is_daily":false,"chose_seed":false,"campfire_upgraded":6,"win_rate":0.0,"timestamp":1608605479,"path_taken":["M","?","?","M","M","R","E","R","T","?","$","?","E","$","R","BOSS","M","?","?","?","?","R","E","M","T","R","?","$","?","M","R","BOSS","M","?","?","M","M","E","R","E","T","?","R","M","E","M","R","BOSS","R","$","E","BOSS"],"items_purchased_type":["Card","Card","Relic","Potion","Potion","Potion","Potion"],"build_version":"2020-12-13","purchased_purges":2,"victory":false,"max_hp_per_floor":[75,75,80,80,80,80,80,80,80,80,80,80,80,80,80,80,80,84,88,88,92,92,92,92,96,96,96,104,104,104,108,108,108,108,112,122,122,130,142,146,146,150,150,154,154,162,166,166,166,166,166,166,166,170,170,170],"card_choices":[{"not_picked":["Dark Embrace","Body Slam"],"picked":"True Grit","floor":1.0},{"not_picked":["Cleave","Clash"],"picked":"Whirlwind","floor":4.0},{"not_picked":["Pommel Strike","Double Tap"],"picked":"Shrug It Off","floor":5.0},{"not_picked":["Burning Pact","Sword Boomerang+1"],"picked":"Metallicize","floor":7.0},{"not_picked":["Body Slam+1","Bludgeon+1"],"picked":"Thunderclap+1","floor":13.0},{"not_picked":["Exhume","Reaper+1"],"picked":"Feed+1","floor":16.0},{"not_picked":["Dark Embrace","Twin Strike+1"],"picked":"Rampage+1","floor":18.0},{"not_picked":["Iron Wave+1","Heavy Blade+1"],"picked":"Battle Trance","floor":21.0},{"not_picked":["Headbutt+1","Havoc"],"picked":"Exhume","floor":24.0},{"not_picked":["Anger+1","Twin Strike+1","Clothesline+1"],"picked":"SKIP","floor":25.0},{"not_picked":["Anger+1","Twin Strike+1"],"picked":"Clothesline+1","floor":25.0},{"not_picked":["Clash+1","Twin Strike+1"],"picked":"Dual Wield","floor":28.0},{"not_picked":["Chrysalis","Madness"],"picked":"Blind","floor":30.0},{"not_picked":["Bandage Up","Dramatic Entrance+1"],"picked":"Thinking Ahead","floor":30.0},{"not_picked":["Havoc","Flex"],"picked":"Flame Barrier","floor":31.0},{"not_picked":["Bludgeon+1","Brutality"],"picked":"Feed+1","floor":33.0},{"not_picked":["Fire Breathing+1","Armaments","Iron Wave+1"],"picked":"SKIP","floor":35.0},{"not_picked":["Heavy Blade+1","Flex"],"picked":"Body Slam+1","floor":38},{"not_picked":["Body Slam+1","Anger+1","Carnage+1"],"picked":"SKIP","floor":39},{"not_picked":["Seeing Red","Carnage+1"],"picked":"Second Wind+1","floor":40},{"not_picked":["Heavy Blade+1","Flex"],"picked":"Feel No Pain+1","floor":42},{"not_picked":["Carnage+1","Clash+1","Clothesline+1"],"picked":"SKIP","floor":44},{"not_picked":["Pommel Strike+1","Feel No Pain+1","Havoc+1"],"picked":"SKIP","floor":46},{"not_picked":["Thunderclap+1","Sword Boomerang+1","Iron Wave+1"],"picked":"SKIP","floor":47},{"not_picked":["Sever Soul+1","Pummel+1"],"picked":"Intimidate+1","floor":48},{"not_picked":["Searing Blow+1","Clash+1"],"picked":"Barricade","floor":54}],"player_experience":1638094,"relics_obtained":[{"floor":7.0,"key":"Molten Egg 2"},{"floor":9.0,"key":"Sundial"},{"floor":10.0,"key":"Bag of Preparation"},{"floor":13.0,"key":"Potion Belt"},{"floor":19.0,"key":"Red Mask"},{"floor":24.0,"key":"Omamori"},{"floor":40,"key":"Boot"},{"floor":42,"key":"Ornamental Fan"},{"floor":43,"key":"Orichalcum"},{"floor":47,"key":"Shuriken"},{"floor":54,"key":"Paper Frog"}],"event_choices":[{"cards_removed":["Strike_R"],"damage_healed":0.0,"max_hp_gain":0.0,"max_hp_loss":0.0,"gold_gain":0.0,"event_name":"The Cleric","player_choice":"Card Removal","floor":2.0,"gold_loss":75.0,"damage_taken":0.0},{"damage_healed":0.0,"max_hp_gain":5.0,"max_hp_loss":0.0,"gold_gain":0.0,"event_name":"Big Fish","player_choice":"Donut","floor":3.0,"gold_loss":0.0,"damage_taken":0.0},{"damage_healed":0.0,"max_hp_gain":0.0,"max_hp_loss":0.0,"gold_gain":0.0,"cards_transformed":["Strike_R"],"event_name":"Living Wall","player_choice":"Change","floor":12.0,"gold_loss":0.0,"damage_taken":0.0,"cards_obtained":["Brutality"]},{"damage_healed":0.0,"max_hp_gain":0.0,"max_hp_loss":0.0,"gold_gain":0.0,"event_name":"Masked Bandits","player_choice":"Fought Bandits","floor":19.0,"gold_loss":0.0,"damage_taken":0.0},{"damage_healed":0.0,"max_hp_gain":0.0,"max_hp_loss":0.0,"gold_gain":88.0,"event_name":"betterSkull:BetterSkull","player_choice":"GO ","floor":20.0,"gold_loss":0.0,"damage_taken":14.0,"cards_upgraded":[],"relics_obtained":[]},{"damage_healed":0.0,"max_hp_gain":0.0,"max_hp_loss":0.0,"gold_gain":50.0,"event_name":"Golden Shrine","player_choice":"Pray","floor":22.0,"gold_loss":0.0,"damage_taken":0.0},{"damage_healed":0.0,"max_hp_gain":0.0,"max_hp_loss":0.0,"gold_gain":2.0,"event_name":"betterStone:BetterStone","player_choice":"1","floor":30.0,"gold_loss":0.0,"damage_taken":0.0},{"cards_removed":["Thinking Ahead"],"damage_healed":42.0,"max_hp_gain":10.0,"max_hp_loss":0.0,"gold_gain":0.0,"event_name":"Bonfire Elementals","player_choice":"Offered Rare","floor":36.0,"gold_loss":0.0,"damage_taken":0.0}],"is_beta":false,"boss_relics":[{"not_picked":["Fusion Hammer","SacredBark"],"picked":"Cursed Key"},{"not_picked":["Runic Dome","Black Blood"],"picked":"Empty Cage"}],"items_purged_floors":[29,37],"is_endless":false,"potions_floor_spawned":[4,7,21,24,28,33,40,42,46,48],"killed_by":"The Heart","ascension_level":15}}