{"host":"f9ntswufr8mq3t4y","time":1608646103,"event":{"mods":["AchievementEnabler","BaseMod","Best Route Mod","Block Reminder","Colored Map","Colored Powertips","DeckTracker","Highlight Path","Minty Spire (QoL Compilation)","Permanent Neow","Quick Restart"],"gold_per_floor":[16,31,31,46,46,46,60,80,80,80,80,80,93,133,133,257,257,277,298,238,256,61,61,92,92,140,140,140],"floor_reached":27,"playtime":1384,"items_purged":["Dualcast+1"],"score":325,"play_id":"5a58e2e0-7930-47bf-81c2-11fcb7de5e3c","local_time":"20201222170823","is_ascension_mode":true,"campfire_choices":[{"data":"FTL","floor":6,"key":"SMITH"},{"data":"Self Repair","floor":10,"key":"SMITH"},{"floor":12,"key":"REST"},{"data":"Reprogram","floor":15,"key":"SMITH"},{"data":"Seek","floor":23,"key":"SMITH"},{"data":"Machine Learning","floor":25,"key":"SMITH"}],"circlet_count":0,"master_deck":["Strike_B+1","Strike_B","Strike_B","Defend_B","Defend_B","Defend_B","Hyperbeam+1","Meteor Strike","Reprogram+1","FTL+1","Go for the Eyes","Self Repair+1","Seek+1","CurseOfTheBell","Go for the Eyes+1","Machine Learning+1","Sunder+1"],"relics":["Cracked Core","Golden Idol","Pantograph","WingedGreaves","Calling Bell","PreservedInsect","Cables","Emotion Chip","Membership Card","The Courier","MealTicket"],"acts_visited":["Exordium","TheCity"],"potions_floor_usage":[14,16,16,24,24,27],"damage_taken":[{"damage":0,"enemies":"Small Slimes","floor":1,"turns":2},{"damage":0,"enemies":"2 Louse","floor":2,"turns":2},{"damage":0,"enemies":"Jaw Worm","floor":4,"turns":1},{"damage":13,"enemies":"Blue Slaver","floor":7,"turns":3},{"damage":5,"enemies":"Gremlin Gang","floor":8,"turns":2},{"damage":4,"enemies":"Red Slaver","floor":13,"turns":2},{"damage":0,"enemies":"Gremlin Nob","floor":14,"turns":2},{"damage":50,"enemies":"Hexaghost","floor":16,"turns":9},{"damage":17,"enemies":"Chosen","floor":18,"turns":5},{"damage":28,"enemies":"Spheric Guardian","floor":19,"turns":4},{"damage":13,"enemies":"Chosen and Byrds","floor":21,"turns":4},{"damage":0,"enemies":"Slavers","floor":24,"turns":1},{"damage":52,"enemies":"Gremlin Leader","floor":27,"turns":4}],"seed_played":"-4384722273123668489","potions_obtained":[{"floor":2,"key":"SpeedPotion"},{"floor":8,"key":"SneckoOil"},{"floor":13,"key":"SkillPotion"},{"floor":16,"key":"FocusPotion"},{"floor":19,"key":"Swift Potion"},{"floor":21,"key":"EssenceOfDarkness"}],"is_trial":false,"path_per_floor":["M","M","?","M","?","R","M","M","T","R","?","R","M","E","R","B",null,"M","M","?","M","$","R","E","R","T","E"],"character_chosen":"DEFECT","items_purchased":["Membership Card"],"campfire_rested":1,"item_purchase_floors":[22],"current_hp_per_floor":[75,75,75,75,57,57,44,39,39,39,24,46,52,52,52,35,75,68,50,50,47,47,47,47,47,47,0,0],"gold":140,"neow_bonus":"TRANSFORM_TWO_CARDS","is_daily":false,"chose_seed":false,"campfire_upgraded":5,"win_rate":0.0,"timestamp":1608646103,"path_taken":["M","M","?","M","?","R","M","M","T","R","?","R","?","E","R","BOSS","M","M","?","?","?","R","E","R","T","E"],"items_purchased_type":["Relic"],"build_version":"2020-12-13","purchased_purges":1,"victory":false,"max_hp_per_floor":[75,75,75,75,75,75,75,75,75,75,75,75,75,75,75,75,75,75,75,75,75,75,75,75,75,75,75,75],"card_choices":[{"not_picked":["Stack","Rip and Tear","Hologram"],"picked":"SKIP","floor":1},{"not_picked":["Steam","Hologram"],"picked":"Reprogram","floor":2},{"not_picked":["Undo","Force Field"],"picked":"FTL","floor":4},{"not_picked":["Ball Lightning","Undo"],"picked":"Go for the Eyes","floor":7},{"not_picked":["Ball Lightning","Sunder"],"picked":"Self Repair","floor":8},{"not_picked":["Steam Power","Sunder","Conserve Battery"],"picked":"SKIP","floor":13},{"not_picked":["Chaos","Steam Power","Leap"],"picked":"SKIP","floor":14},{"not_picked":["Amplify","Meteor Strike"],"picked":"Seek","floor":16},{"not_picked":["Rebound","Steam Power+1"],"picked":"Go for the Eyes+1","floor":18},{"not_picked":["Ball Lightning","Cold Snap+1"],"picked":"Machine Learning","floor":19},{"not_picked":["Rip and Tear","Doom and Gloom"],"picked":"Sunder+1","floor":21},{"not_picked":["Storm+1","Melter","Conserve Battery"],"picked":"SKIP","floor":24}],"player_experience":321406,"relics_obtained":[{"floor":9,"key":"Pantograph"},{"floor":14,"key":"WingedGreaves"},{"floor":17,"key":"PreservedInsect"},{"floor":17,"key":"Cables"},{"floor":17,"key":"Emotion Chip"},{"floor":24,"key":"The Courier"},{"floor":26,"key":"MealTicket"}],"event_choices":[{"damage_healed":0,"gold_gain":0,"player_choice":"Grow","damage_taken":0,"max_hp_gain":0,"max_hp_loss":0,"event_name":"Living Wall","floor":3,"gold_loss":0,"cards_upgraded":["Hyperbeam"]},{"damage_healed":0,"gold_gain":0,"player_choice":"Take Damage","damage_taken":18,"relics_obtained":["Golden Idol"],"max_hp_gain":0,"max_hp_loss":0,"event_name":"Golden Idol","floor":5,"gold_loss":0},{"damage_healed":0,"gold_gain":0,"player_choice":"Entered Light","damage_taken":15,"max_hp_gain":0,"max_hp_loss":0,"event_name":"Shining Light","floor":11,"gold_loss":0,"cards_upgraded":["Dualcast","Strike_B"]},{"cards_removed":["Zap"],"damage_healed":0,"gold_gain":0,"player_choice":"Single Remove","damage_taken":0,"max_hp_gain":0,"max_hp_loss":0,"event_name":"Designer","floor":20,"gold_loss":60}],"is_beta":false,"boss_relics":[{"not_picked":["FrozenCore","Pandora\u0027s Box"],"picked":"Calling Bell"}],"items_purged_floors":[22],"is_endless":false,"potions_floor_spawned":[2,8,13,16,19,21],"killed_by":"Gremlin Leader","ascension_level":3}}