{"host":"baymyijz6sxaqj5s","time":1608625746,"event":{"mods":["AchievementEnabler","BaseMod","Colored Map","Colored Powertips","DeckTracker","KOR Keyword Fix","Keyboard Shortcuts","Minty Spire (QoL Compilation)","Quick Restart","StSLib","SuperFastMode"],"gold_per_floor":[118,128,142,162,180,180,34,48,48,48,48],"floor_reached":10,"playtime":313,"items_purged":[],"score":62,"play_id":"d8b2834e-23ca-4696-9421-91dc5c28977a","local_time":"20201222172906","is_ascension_mode":false,"campfire_choices":[{"data":"Inflame","floor":6,"key":"SMITH"}],"circlet_count":0,"master_deck":["Strike_R","Strike_R","Strike_R","Strike_R","Strike_R","Defend_R","Defend_R","Defend_R","Defend_R","Bash","Heavy Blade","Inflame+1","Shrug It Off","Armaments"],"relics":["Burning Blood","Potion Belt","Mercury Hourglass"],"acts_visited":["Exordium"],"potions_floor_usage":[4],"damage_taken":[{"damage":2,"enemies":"Small Slimes","floor":1,"turns":4},{"damage":6,"enemies":"Jaw Worm","floor":2,"turns":5},{"damage":7,"enemies":"2 Louse","floor":3,"turns":3},{"damage":27,"enemies":"Lots of Slimes","floor":4,"turns":7},{"damage":13,"enemies":"3 Louse","floor":5,"turns":4},{"damage":31,"enemies":"Exordium Thugs","floor":8,"turns":6},{"damage":13,"enemies":"Lagavulin","floor":10,"turns":5}],"seed_played":"5464126933747095089","potions_obtained":[{"floor":2,"key":"ElixirPotion"},{"floor":3,"key":"BloodPotion"}],"is_trial":false,"path_per_floor":["M","M","M","M","M","R","$","M","T","E"],"character_chosen":"IRONCLAD","items_purchased":["Potion Belt"],"campfire_rested":0,"item_purchase_floors":[7],"current_hp_per_floor":[88,88,87,83,76,76,76,51,51,38,38],"gold":48,"neow_bonus":"TEN_PERCENT_HP_BONUS","is_daily":false,"chose_seed":false,"campfire_upgraded":1,"win_rate":0.0,"timestamp":1608625746,"path_taken":["M","M","M","M","M","R","$","M","T","E"],"items_purchased_type":["Relic"],"build_version":"2020-12-13","purchased_purges":0,"victory":false,"max_hp_per_floor":[88,88,88,88,88,88,88,88,88,88,88],"card_choices":[{"not_picked":["Iron Wave","Anger","Intimidate"],"picked":"SKIP","floor":1},{"not_picked":["Metallicize","Cleave"],"picked":"Heavy Blade","floor":2},{"not_picked":["Feel No Pain","Combust","Berserk"],"picked":"SKIP","floor":3},{"not_picked":["Entrench","Carnage"],"picked":"Inflame","floor":4},{"not_picked":["Iron Wave","Cleave"],"picked":"Shrug It Off","floor":5},{"not_picked":["Headbutt","Pommel Strike"],"picked":"Armaments","floor":8}],"player_experience":174224,"relics_obtained":[{"floor":9,"key":"Mercury Hourglass"}],"event_choices":[],"is_beta":false,"boss_relics":[],"items_purged_floors":[],"is_endless":false,"potions_floor_spawned":[2,3],"killed_by":"Lagavulin","ascension_level":0}}