{"host":"Jedit","time":1608643724,"event":{"mods":["BaseMod","Minty Spire (QoL Compilation)","Relic Stats","StSLib"],"gold_per_floor":[109,121,136,61,61,89,89,114,114,114,132,144,207,207,207,281,281,297,308,308,358,358,358],"floor_reached":22,"playtime":752,"items_purged":["Strike_G"],"score":388,"play_id":"a2bf87a4-ef67-40b7-8feb-d0608bfd2be3","local_time":"20201222132844","is_ascension_mode":true,"campfire_choices":[{"floor":7.0,"key":"REST"},{"data":"Skewer","floor":10.0,"key":"SMITH"},{"floor":15.0,"key":"REST"}],"circlet_count":0,"master_deck":["AscendersBane","Strike_G","Strike_G","Strike_G","Defend_G","Defend_G","Defend_G","Defend_G","Defend_G","Survivor","Neutralize","Blade Dance","Skewer+1","Sucker Punch","Heel Hook","Deadly Poison","Cloak And Dagger","Deadly Poison","Envenom+1","Blur","Deadly Poison"],"relics":["Sozu","Anchor","Frozen Egg 2","Vajra","SlaversCollar"],"acts_visited":["Exordium","TheCity"],"potions_floor_usage":[],"damage_taken":[{"damage":4.0,"enemies":"Small Slimes","floor":1.0,"turns":5.0},{"damage":0.0,"enemies":"2 Louse","floor":2.0,"turns":3.0},{"damage":0.0,"enemies":"Cultist","floor":3.0,"turns":3.0},{"damage":39.0,"enemies":"Lagavulin","floor":6.0,"turns":8.0},{"damage":22.0,"enemies":"3 Sentries","floor":8.0,"turns":12.0},{"damage":0.0,"enemies":"Blue Slaver","floor":11.0,"turns":2.0},{"damage":0.0,"enemies":"Looter","floor":12.0,"turns":3.0},{"damage":8,"enemies":"The Guardian","floor":16,"turns":9},{"damage":10,"enemies":"Shell Parasite","floor":18,"turns":5},{"damage":21,"enemies":"Spheric Guardian","floor":19,"turns":6},{"damage":3,"enemies":"3 Cultists","floor":22,"turns":3}],"seed_played":"-2511330791192705372","potions_obtained":[],"is_trial":false,"path_per_floor":["M","M","M","$","?","E","R","E","T","R","M","M","?","?","R","B",null,"M","M","?","?","M"],"character_chosen":"THE_SILENT","items_purchased":[],"campfire_rested":2,"item_purchase_floors":[],"current_hp_per_floor":[55,55,55,55,55,16,35,13,13,13,13,13,13,13,32,24,56,46,25,25,25,22,22],"gold":358,"neow_bonus":"BOSS_RELIC","is_daily":false,"chose_seed":false,"campfire_upgraded":1,"win_rate":0.0,"timestamp":1608643724,"path_taken":["M","M","M","$","?","E","R","E","T","R","M","M","?","?","R","BOSS","M","M","?","?","M"],"items_purchased_type":[],"build_version":"2020-12-18","purchased_purges":1,"victory":false,"max_hp_per_floor":[66,66,66,66,66,66,66,66,66,66,66,66,66,66,66,66,66,66,66,66,66,66,66],"relic_stats":{"Sozu":5,"counters":[11,59],"obtain_stats":[{"Sozu":0,"SlaversCollar":17,"Anchor":6,"Vajra":9,"Frozen Egg 2":8,"Ring of the Snake":0},{"Sozu":0,"SlaversCollar":8,"Anchor":4,"Vajra":5,"Frozen Egg 2":5,"Ring of the Snake":0},{"Sozu":0,"SlaversCollar":45,"Anchor":19,"Vajra":31,"Frozen Egg 2":31,"Ring of the Snake":0}]},"card_choices":[{"not_picked":["PiercingWail","Dagger Throw"],"picked":"Blade Dance","floor":1.0},{"not_picked":["Calculated Gamble","Slice"],"picked":"Skewer","floor":2.0},{"not_picked":["Dodge and Roll","Dagger Throw"],"picked":"Sucker Punch","floor":3.0},{"not_picked":["Setup","Finisher"],"picked":"Heel Hook","floor":6.0},{"not_picked":["Adrenaline","Sucker Punch"],"picked":"Deadly Poison","floor":8.0},{"not_picked":["Prepared","Accuracy+1"],"picked":"Cloak And Dagger","floor":11.0},{"not_picked":["Bullet Time","Dagger Throw"],"picked":"Deadly Poison","floor":12.0},{"not_picked":["Grand Finale","Malaise"],"picked":"Envenom+1","floor":16},{"not_picked":["Dagger Throw","Skewer"],"picked":"Blur","floor":18},{"not_picked":["Expertise+1","Dagger Throw"],"picked":"Deadly Poison","floor":19}],"player_experience":3397829,"relics_obtained":[{"floor":6.0,"key":"Anchor"},{"floor":8.0,"key":"Frozen Egg 2"},{"floor":9.0,"key":"Vajra"}],"event_choices":[{"cards_removed":["Strike_G"],"damage_healed":0.0,"max_hp_gain":0.0,"max_hp_loss":0.0,"gold_gain":0.0,"event_name":"Living Wall","player_choice":"Forget","floor":5.0,"gold_loss":0.0,"damage_taken":0.0},{"damage_healed":0.0,"max_hp_gain":0.0,"max_hp_loss":0.0,"gold_gain":63.0,"event_name":"Golden Wing","player_choice":"Gained Gold","floor":13.0,"gold_loss":0.0,"damage_taken":0.0},{"damage_healed":0.0,"max_hp_gain":0.0,"max_hp_loss":0.0,"gold_gain":0.0,"event_name":"Scrap Ooze","player_choice":"Fled","floor":14.0,"gold_loss":0.0,"damage_taken":0.0},{"damage_healed":0,"gold_gain":0,"player_choice":"Ignored","damage_taken":0,"max_hp_gain":0,"max_hp_loss":0,"event_name":"Cursed Tome","floor":20,"gold_loss":0},{"damage_healed":0,"gold_gain":50,"player_choice":"Stole From Cult","damage_taken":0,"max_hp_gain":0,"max_hp_loss":0,"event_name":"Nest","floor":21,"gold_loss":0}],"is_beta":true,"boss_relics":[{"not_picked":["WristBlade","Busted Crown"],"picked":"SlaversCollar"}],"items_purged_floors":[4],"is_endless":false,"potions_floor_spawned":[2,6,16,18,19],"killed_by":"3 Cultists","ascension_level":20}}