{"host":"mq7pyadb5kndcn8l","time":1608597755,"event":{"mods":["AchievementEnabler","Aspiration","BaseMod","Better Altar","Better Match","Better Note","Better Sensory Stone","Better Skull","Better Third Choice","BetterRewards","Block Reminder","CCEM","Challenge The Spire","ChefMod","Colored Map","Colored Powertips","Conspire","Defuse TimeMaze Blight","Dio Mod","Displayed Cursed Tome","Dota2Spire","Duelist Mod","Energized Spire","Friendly Minions","GifTheSpireLib","Gremlin Skip","Highlight Path","Ironclad Rager","Jedi Mod","Mad Scientist","Marked Mod","Mimic Mod","Minty Spire (QoL Compilation)","Permanent Neow","QueenMod","Quick Restart","Random Character Button","Rare Cards Sparkle","Relic Filter","Relic Sorter","Replay The Spire","Reworked Bosses","Shade Mod","Shop Mod","Spicy Shops","Spikes Relics","StSLib","Stuff the Spire","SuperFastMode","The Blue Laboratory","The Death Knight","The Exalted","The Necromancer","The Poker Player","TheBandit","Thieving Mod","Thrall Mod","Trackpad","Transform Curses","Unceasing Turn Reminder","Wandering Minibosses","vexMod"],"gold_per_floor":[118,135,152,165,15,15,49,49,76,104,104,104,104,123,123,224,224,241,340,340,350,350,350,366,366,405,405,418,15,32,46,46,149,149,162,162,162,198,198,225,225,259,296,322,322,355,375,423,423,423,423,423,5,39,39],"floor_reached":56,"playtime":13588,"items_purged":["Shade:CarefulCut","Shade:Strike_Shade","Shade:Strike_Shade","Shade:Strike_Shade","Shade:Defend_Shade","Parasite"],"score":2814,"play_id":"e89db60c-138a-4097-a9b9-b969f6bc4299","local_time":"20201221194235","is_ascension_mode":true,"campfire_choices":[{"data":"Crow Ritual","floor":6,"key":"SMITH"},{"data":"Shade:Carnophage","floor":8,"key":"SMITH"},{"data":"Shade:Brains","floor":11,"key":"SMITH"},{"data":"Shade:AuraOfUnlife","floor":13,"key":"SMITH"},{"data":"Shade:Bonestorm","floor":15,"key":"SMITH"},{"data":"Shade:Putrefaction","floor":23,"key":"SMITH"},{"data":"Shade:OpenGraves","floor":25,"key":"SMITH"},{"data":"Shade:OpenGraves","floor":27,"key":"SMITH"},{"data":"Shade:Coordination","floor":32,"key":"SMITH"},{"data":"Shade:FleshToFlesh","floor":41,"key":"SMITH"},{"floor":45,"key":"RECALL"},{"data":"Shade:Defend_Shade","floor":49,"key":"PURGE"},{"data":"Shade:GraveStillness","floor":52,"key":"SMITH"}],"circlet_count":0,"master_deck":["AscendersBane","Shade:Defend_Shade+1","Shade:Defend_Shade","Shade:AnimateDead+1","Shade:Carnophage+1","Crow Ritual+1","Shade:StitchTogether+1","Shade:GraveStillness+1","Shade:Brains+1","Shade:AuraOfUnlife+1","Shade:Coordination+1","Shade:OpenGraves+1","Shade:Putrefaction+1","Madness+1","Shade:OpenGraves+1","Shade:FleshToFlesh+1"],"relics":["Shade:YorickSkull","Dota2Spire:UrnOfShadows","Dota2Spire:DrumOfEndurance","Dota2Spire:EyeOfSkadi","MerchantsRug","ReplayTheSpireMod:Shallot","Juzu Bracelet","CCEMRelics:WrappedPresent","TungstenRod","Bromod:ArcaneNullifier","WizardHat","trackpad:SappingStone","ReplayTheSpireMod:Lightbulb","Ancient Tea Set","StuffTheSpire:RunicConfusion","aspiration:RitualStick","Dota2Spire:PhaseBoots","jedi:paperlyon","StuffTheSpire:Experiment12","Bromod:ArcaneTempo","jedi:arcanewood","CCEMRelics:TechnogenicHelmet","Question Card","Dota2Spire:Satanic","Membership Card","CCEMRelics:OverlyComfyChair","trackpad:AdjectivePendant","Dota2Spire:Butterfly"],"acts_visited":["Exordium","TheCity","TheBeyond","TheEnding"],"potions_floor_usage":[21,31,44],"damage_taken":[{"damage":0,"enemies":"2 Louse","floor":1,"turns":4},{"damage":0,"enemies":"conspire:RoseBush","floor":2,"turns":4},{"damage":0,"enemies":"Jaw Worm","floor":3,"turns":4},{"damage":0,"enemies":"conspire:2 RoseBushes","floor":4,"turns":3},{"damage":0,"enemies":"3 Sentries","floor":7,"turns":8},{"damage":0,"enemies":"Replay:BlueRogue","floor":10,"turns":5},{"damage":0,"enemies":"Looter","floor":14,"turns":4},{"damage":0,"enemies":"The Guardian","floor":16,"turns":5},{"damage":0,"enemies":"Shell Parasite","floor":18,"turns":4},{"damage":0,"enemies":"conspire:FuzzyDice","floor":21,"turns":5},{"damage":0,"enemies":"3 Cultists","floor":24,"turns":4},{"damage":0,"enemies":"Centurion and Healer","floor":26,"turns":7},{"damage":1,"enemies":"Centurion and Healer","floor":28,"turns":3},{"damage":0,"enemies":"Snake Plant","floor":30,"turns":4},{"damage":0,"enemies":"3 Cultists","floor":31,"turns":3},{"damage":0,"enemies":"StardustCrusaders","floor":33,"turns":5},{"damage":0,"enemies":"3 Darklings","floor":35,"turns":3},{"damage":0,"enemies":"conspire:MimicChest","floor":38,"turns":5},{"damage":0,"enemies":"Nemesis","floor":40,"turns":5},{"damage":0,"enemies":"R_Hoarder","floor":42,"turns":7},{"damage":0,"enemies":"3 Shapes","floor":43,"turns":6},{"damage":2,"enemies":"Reptomancer","floor":44,"turns":4},{"damage":0,"enemies":"Giant Head","floor":46,"turns":5},{"damage":0,"enemies":"3 Shapes","floor":47,"turns":3},{"damage":0,"enemies":"2 Orb Walkers","floor":48,"turns":4},{"damage":0,"enemies":"bossMod:newShapes","floor":50,"turns":3},{"damage":0,"enemies":"Shield and Spear","floor":54,"turns":3},{"damage":0,"enemies":"Kars","floor":55,"turns":7}],"seed_played":"-1002426723054853358","potions_obtained":[{"floor":3,"key":"FairyPotion"},{"floor":4,"key":"Elixir"},{"floor":21,"key":"jedi:mysterypotion"},{"floor":24,"key":"blueLaboratory:BubblePotion"},{"floor":31,"key":"Fruit Juice"},{"floor":35,"key":"Elixir"},{"floor":40,"key":"AttackPotion"},{"floor":48,"key":"Energy Potion"}],"is_trial":false,"path_per_floor":["M","M","M","M","$","R","E","R","T","E","R","?","R","M","R","B",null,"M","?","?","M","?","R","M","R","MIM","R","M","$","M","M","R","B",null,"M","?","?","?","?","E","R","E","MIM","E","R","E","M","?","R_BF","B",null,"R","$","E","B",null],"character_chosen":"SHADE","items_purchased":["MerchantsRug","Chemical X","Shade:Carnophage","ReplayTheSpireMod:Shallot","War Paint","Juzu Bracelet","CCEMRelics:WrappedPresent","Crow Ritual","Shade:StitchTogether+1","TungstenRod","Bromod:ArcaneNullifier","Dota2Spire:UrnOfShadows","Orrery","Dota2Spire:PhaseBoots","Membership Card","Dota2Spire:DrumOfEndurance","CCEMRelics:OverlyComfyChair","trackpad:AdjectivePendant"],"campfire_rested":0,"item_purchase_floors":[0,0,0,0,0,0,0,0,0,0,0,0,29,29,53,53,53,53],"current_hp_per_floor":[38,47,47,53,53,53,69,69,69,69,69,69,69,69,69,70,70,70,70,57,67,54,54,70,70,75,75,75,75,75,80,80,80,80,80,80,80,80,80,80,80,80,80,80,80,80,80,80,80,80,80,80,77,77,77],"gold":39,"neow_bonus":"","is_daily":false,"chose_seed":false,"campfire_upgraded":11,"win_rate":0.0,"timestamp":1608597755,"path_taken":["M","M","M","M","$","R","E","R","T","E","R","?","R","M","R","BOSS","M","?","?","M","?","R","M","R","MIM","R","M","$","M","M","R","BOSS","M","?","?","?","?","E","R","E","MIM","E","R","E","M","?","R_BF","BOSS","R","$","E","BOSS"],"items_purchased_type":["Relic","Relic","Card","Relic","Relic","Relic","Relic","Card","Card","Relic","Relic","Relic","Relic","Relic","Relic","Relic","Relic","Relic"],"build_version":"2020-12-13","purchased_purges":6,"victory":true,"max_hp_per_floor":[70,70,70,70,70,70,70,70,70,70,70,70,70,70,70,70,70,70,70,70,70,70,70,70,70,75,75,75,75,75,80,80,80,80,80,80,80,80,80,80,80,80,80,80,80,80,80,80,80,80,80,80,77,77,77],"card_choices":[{"not_picked":["Shade:BoneShards","Shade:GreyBargain"],"picked":"Shade:GraveStillness","floor":1},{"not_picked":["Shade:Frenzy","Shade:ExtraLimbs","Shade:FreshBones"],"picked":"SKIP","floor":2},{"not_picked":["Shade:PressTheAttack","Shade:FeralStrike"],"picked":"Shade:Brains","floor":3},{"not_picked":["Shade:Doomsay","Shade:Bite_Shade"],"picked":"Shade:AuraOfUnlife","floor":4},{"not_picked":["Shade:FingerOfDeath","Shade:ClawBack"],"picked":"Shade:Coordination","floor":7},{"not_picked":["Shade:SoulToxin","Shade:CoffinDance"],"picked":"Shade:OpenGraves","floor":10},{"not_picked":["Shade:CoffinDance","Shade:FeralStrike"],"picked":"Shade:Bonestorm","floor":14},{"not_picked":["Shade:OneIsEnough","Shade:MadHubris"],"picked":"Shade:Putrefaction","floor":16},{"not_picked":["Shade:SkeletonArmy","Shade:CallWraith+1","Shade:FreshBones"],"picked":"SKIP","floor":18},{"not_picked":["Shade:FingerOfDeath","Shade:FreshBones","Shade:TouchOfTheGrave"],"picked":"SKIP","floor":21},{"not_picked":["Shade:FuneraryArmor","Shade:Brains","Shade:Awaken"],"picked":"SKIP","floor":24},{"not_picked":["Shade:ClawBack","Shade:GoDigging"],"picked":"Shade:OpenGraves","floor":26},{"not_picked":["Shade:RitualOffering","Shade:ExtraLimbs","Shade:StitchTogether"],"picked":"SKIP","floor":28},{"not_picked":["Shade:FeralStrike","Shade:RitualOffering","Shade:CommandSoldier"],"picked":"SKIP","floor":30},{"not_picked":["Shade:Bite_Shade+1","Shade:GraveStillness","Shade:Frenzy"],"picked":"SKIP","floor":31},{"not_picked":["Shade:StitchTogether","Shade:LyeBath+1","Shade:ExtraLimbs"],"picked":"SKIP","floor":35},{"not_picked":["Shade:GreyBargain+1","Shade:FreshBones"],"picked":"Shade:FleshToFlesh","floor":38},{"not_picked":["Shade:CallWraith+1","Shade:SelfBurial","Shade:Premonition"],"picked":"SKIP","floor":40},{"not_picked":["Shade:FreshBones","Shade:Premonition","Shade:CommandSoldier"],"picked":"SKIP","floor":42},{"not_picked":["Shade:Bite_Shade+1","Shade:OneIsEnough","Shade:Doomsay"],"picked":"SKIP","floor":44},{"not_picked":["Shade:FleshLikeOak","Shade:Asphyxiate+1","Shade:Frenzy+1"],"picked":"SKIP","floor":46},{"not_picked":["Shade:BoneShards+1","Shade:Premonition+1","Shade:Brains","Shade:DangerousRitual+1"],"picked":"SKIP","floor":47},{"not_picked":["Shade:Premonition","Shade:WallOfFlesh","Shade:BoneShards","Shade:MadHubris"],"picked":"SKIP","floor":54}],"player_experience":866848,"relics_obtained":[{"floor":0,"key":"WizardHat"},{"floor":7,"key":"trackpad:SappingStone"},{"floor":9,"key":"ReplayTheSpireMod:Lightbulb"},{"floor":10,"key":"Ancient Tea Set"},{"floor":26,"key":"Dota2Spire:EyeOfSkadi"},{"floor":38,"key":"StuffTheSpire:Experiment12"},{"floor":40,"key":"Bromod:ArcaneTempo"},{"floor":42,"key":"jedi:arcanewood"},{"floor":44,"key":"CCEMRelics:TechnogenicHelmet"},{"floor":46,"key":"Question Card"},{"floor":48,"key":"Dota2Spire:Satanic"},{"floor":54,"key":"Dota2Spire:Butterfly"}],"event_choices":[{"cards_removed":["Shade:Strike_Shade"],"damage_healed":0,"gold_gain":0,"player_choice":"Forget","damage_taken":0,"max_hp_gain":0,"max_hp_loss":0,"event_name":"Living Wall","floor":12,"gold_loss":0},{"damage_healed":0,"gold_gain":99,"player_choice":"Steal","damage_taken":0,"max_hp_gain":0,"max_hp_loss":0,"event_name":"betterThird:BetterNest","floor":19,"gold_loss":0},{"damage_healed":0,"gold_gain":2,"player_choice":"2","damage_taken":0,"max_hp_gain":0,"max_hp_loss":14,"event_name":"betterStone:BetterStone","floor":22,"gold_loss":0},{"damage_healed":0,"gold_gain":0,"player_choice":"Ignored","damage_taken":0,"max_hp_gain":0,"max_hp_loss":0,"event_name":"Tomb of Lord Red Mask","floor":36,"gold_loss":0},{"cards_removed":["Shade:Bonestorm"],"damage_healed":0,"gold_gain":0,"player_choice":"Removed Attack","damage_taken":0,"max_hp_gain":0,"max_hp_loss":0,"event_name":"Falling","floor":39,"gold_loss":0},{"damage_healed":0,"gold_gain":0,"player_choice":"Fight","damage_taken":0,"max_hp_gain":0,"max_hp_loss":0,"event_name":"Mysterious Sphere","floor":48,"gold_loss":0}],"is_beta":false,"boss_relics":[{"not_picked":["ReplayTheSpireMod:DimensionalGlitch","Busted Crown"],"picked":"StuffTheSpire:RunicConfusion"},{"not_picked":["StuffTheSpire:ModemDavis","trackpad:Trackpad"],"picked":"jedi:paperlyon"}],"items_purged_floors":[0,0,0,5,29,53],"is_endless":false,"potions_floor_spawned":[3,4,10,21,24,28,31,35,40,48],"ascension_level":12}}