{"host":"cwd5s03r1oaxs6mx","time":1608646877,"event":{"mods":["Act Like it!","BaseMod","Better Third Choice","BetterRewards","CapriCore","Card Filter","Colored Map","Custom Start","DeckTracker","Friendly Minions","Hubris","Infinite Spire","Minty Spire (QoL Compilation)","Quick Restart","Relic Stats","Shop Mod","Spicy Shops","StSLib","SuperFastMode","The Gatherer"],"gold_per_floor":[111,111,130,147,107,137,137,147,147,147,167,200,210,224,224,325,325,343,358,392,392,438,438,438,105,105,105,136,136,151,176,176,283,283,301,75,75,92,115,142,142,154,154,185,200,234,234,534,534,540,540,540,94,123,153],"floor_reached":56,"playtime":3311,"items_purged":["Gatherer:Strike_Gatherer","Gatherer:Strike_Gatherer","Gatherer:Defend_Gatherer","Gatherer:Defend_Gatherer","Gatherer:Strike_Gatherer","Gatherer:Strike_Gatherer","Gatherer:Strike_Gatherer","Gatherer:FlowerWhip","Gatherer:Liquidism+1","Injury","Gatherer:QuickSynthesis","Gatherer:VenomBarrier"],"score":1340,"play_id":"ef307ec1-5f82-4895-b1f3-ea31f3602cce","local_time":"20201222232117","is_ascension_mode":false,"metric_token":1309,"campfire_choices":[{"data":"Gatherer:Liquidism","floor":7.0,"key":"SMITH"},{"data":"Gatherer:RecipeChange","floor":10.0,"key":"SMITH"},{"data":"Gatherer:RecoveryHerb","floor":15,"key":"SMITH"},{"data":"Gatherer:BomberForm","floor":23,"key":"SMITH"},{"data":"Enlightenment","floor":27,"key":"SMITH"},{"data":"Gatherer:EnergyBasket","floor":29,"key":"SMITH"},{"floor":32,"key":"REST"},{"data":"Gatherer:SpareBottle","floor":47,"key":"SMITH"},{"floor":49,"key":"RECALL"},{"data":"Gatherer:EnergyBasket","floor":52,"key":"SMITH"}],"circlet_count":0,"master_deck":["Gatherer:Defend_Gatherer","Gatherer:Defend_Gatherer","Gatherer:Defend_Gatherer","Gatherer:Centralize","Gatherer:DrugPower","Gatherer:EnergyBasket+1","Gatherer:UpgradeBag","Gatherer:Duplicator","Gatherer:Examine","Gatherer:RecipeChange+1","Gatherer:ScrollOfWall","Gatherer:RecoveryHerb+1","Gatherer:Convert","Gatherer:QuickSynthesis","Gatherer:BomberForm+1","Gatherer:SealedBomb","Gatherer:AlchemyTrial","Gatherer:SpareBottle+1","Gatherer:EnergyBasket+1","Enlightenment+1","Gatherer:HeartToFruit","Master of Strategy","Gatherer:FruitForce+1","Gatherer:ScrollOfPurity"],"relics":["Gatherer:AlchemyBag","Membership Card","Gatherer:Leftovers","infinitespire:Satchel","hubris:EmptyBottle","Gatherer:MistGenerator","Potion Belt","infinitespire:Bottled Soul","Tiny Chest","Bronze Scales","SacredBark","Red Mask","Akabeko","Bottled Tornado","DollysMirror","InkBottle","infinitespire:Midas Blood","PreservedInsect","hubris:Backtick","Toy Ornithopter","Medical Kit","infinitespire:EmpoweringShard","The Courier","Regal Pillow","Centennial Puzzle","Molten Egg 2","White Beast Statue","Lizard Tail","Oddly Smooth Stone"],"acts_visited":["Exordium","TheCity","TheBeyond","TheEnding"],"potions_floor_usage":[12,18,28,28,42,55,55,55],"damage_taken":[{"damage":2.0,"enemies":"Small Slimes","floor":1.0,"turns":4.0},{"damage":1.0,"enemies":"Cultist","floor":3.0,"turns":4.0},{"damage":11.0,"enemies":"Jaw Worm","floor":4.0,"turns":3.0},{"damage":25.0,"enemies":"3 Sentries","floor":6.0,"turns":8.0},{"damage":10.0,"enemies":"Looter","floor":8.0,"turns":4.0},{"damage":8,"enemies":"Red Slaver","floor":11,"turns":2},{"damage":0,"enemies":"Gremlin Nob","floor":12,"turns":3},{"damage":7,"enemies":"Blue Slaver","floor":13,"turns":3},{"damage":5,"enemies":"Looter","floor":14,"turns":3},{"damage":10,"enemies":"Hexaghost","floor":16,"turns":6},{"damage":0,"enemies":"Spheric Guardian","floor":18,"turns":2},{"damage":20,"enemies":"2 Thieves","floor":19,"turns":2},{"damage":10,"enemies":"Masked Bandits","floor":20,"turns":2},{"damage":19,"enemies":"Nightmare","floor":28,"turns":4},{"damage":0,"enemies":"Snake Plant","floor":30,"turns":1},{"damage":1,"enemies":"Collector","floor":33,"turns":3},{"damage":27,"enemies":"Orb Walker","floor":35,"turns":3},{"damage":0,"enemies":"3 Darklings","floor":38,"turns":2},{"damage":15,"enemies":"Transient","floor":39,"turns":5},{"damage":33,"enemies":"Nemesis","floor":40,"turns":3},{"damage":11,"enemies":"Writhing Mass","floor":42,"turns":4},{"damage":9,"enemies":"Giant Head","floor":44,"turns":3},{"damage":0,"enemies":"3 Darklings","floor":45,"turns":2},{"damage":12,"enemies":"Nemesis","floor":46,"turns":3},{"damage":15,"enemies":"Time Eater","floor":50,"turns":3},{"damage":10,"enemies":"Shield and Spear","floor":54,"turns":2},{"damage":15,"enemies":"The Heart","floor":55,"turns":6}],"seed_played":"-2350656398852807974","potions_obtained":[{"floor":4.0,"key":"AttackPotion"},{"floor":5.0,"key":"GhostInAJar"},{"floor":5.0,"key":"SpeedPotion"},{"floor":5.0,"key":"LiquidBronze"},{"floor":6.0,"key":"DuplicationPotion"},{"floor":18,"key":"Dexterity Potion"},{"floor":19,"key":"Explosive Potion"},{"floor":28,"key":"LiquidMemories"}],"is_trial":false,"path_per_floor":["M","?","M","M","?","E","R","M","T","R","M","E","M","M","R","B",null,"M","M","?","?","T","R","AVR","$","T","R","NM","R","M","T","R","B",null,"M","$","AVR","M","M","E","T","M","T","E","M","E","R","?","R","B",null,"R","$","E","B",null],"character_chosen":"THE_GATHERER","items_purchased":["Membership Card","Gatherer:Liquidism","Gatherer:Leftovers","Gatherer:DrugPower","Gatherer:EnergyBasket","infinitespire:Satchel","Gatherer:UpgradeBag","Gatherer:Duplicator","Gatherer:Examine","Gatherer:RecipeChange","Gatherer:ScrollOfWall","hubris:EmptyBottle","Gatherer:RecoveryHerb","Gatherer:Convert","Gatherer:GrowBook","Gatherer:MistGenerator","Potion Belt","infinitespire:Bottled Soul","Bottled Tornado","DollysMirror","Enlightenment","Medical Kit","White Beast Statue","Dexterity Potion","CultistPotion","GhostInAJar","CultistPotion","Ancient Potion","Lizard Tail"],"campfire_rested":1,"item_purchase_floors":[0,0,0,0,0,0,0,0,0,0,0,0,0,0,0,0,0,0,25,25,25,36,53,53,53,53,53,53,53],"current_hp_per_floor":[70,63,63,52,52,31,31,21,21,21,19,25,29,24,24,20,72,72,56,52,52,52,52,52,52,52,52,37,37,37,37,58,57,72,45,45,45,45,48,15,15,29,29,37,37,41,41,41,41,41,76,76,76,66,74],"gold":153,"neow_bonus":"","is_daily":false,"chose_seed":false,"campfire_upgraded":8,"win_rate":0.0,"timestamp":1608646877,"path_taken":["M","?","M","M","?","E","R","M","T","R","M","E","?","M","R","BOSS","M","M","?","?","?","R","AVR","?","T","R","NM","R","M","?","R","BOSS","M","?","AVR","M","M","E","?","M","T","E","?","E","R","?","R","BOSS","R","$","E","BOSS"],"items_purchased_type":["Relic","Card","Relic","Card","Card","Relic","Card","Card","Card","Card","Card","Relic","Card","Card","Card","Relic","Relic","Relic","Relic","Relic","Card","Relic","Relic","Potion","Potion","Potion","Potion","Potion","Relic"],"build_version":"2020-12-13","purchased_purges":12,"victory":true,"max_hp_per_floor":[72,72,72,72,72,72,72,72,72,72,72,72,72,72,72,72,72,72,72,72,72,72,72,72,72,72,72,72,72,72,72,72,72,72,72,72,72,72,76,76,76,76,76,76,76,76,76,76,76,76,76,76,76,76,76],"relic_stats":{"Regal Pillow":0,"Centennial Puzzle":[12],"Lizard Tail":0,"counters":[33,121],"Bronze Scales":[217],"Tiny Chest":2,"PreservedInsect":287,"Medical Kit":[1],"obtain_stats":[{"Regal Pillow":43,"Gatherer:Leftovers":0,"SacredBark":17,"hubris:EmptyBottle":0,"Bottled Tornado":25,"Centennial Puzzle":44,"Lizard Tail":53,"hubris:Backtick":34,"infinitespire:Bottled Soul":0,"DollysMirror":25,"Tiny Chest":6,"Red Mask":20,"InkBottle":26,"Potion Belt":0,"Golden Idol":3,"Gatherer:MistGenerator":0,"Oddly Smooth Stone":54,"infinitespire:FocusingShard":7,"PreservedInsect":31,"The Courier":41,"Medical Kit":36,"White Beast Statue":0,"Akabeko":22,"Bronze Scales":12,"infinitespire:Satchel":0,"Molten Egg 2":46,"infinitespire:EmpoweringShard":40,"Membership Card":0,"Gatherer:AlchemyBag":0,"Toy Ornithopter":34,"infinitespire:Midas Blood":9},{"Regal Pillow":27,"Gatherer:Leftovers":6,"SacredBark":16,"hubris:EmptyBottle":0,"Bottled Tornado":19,"Centennial Puzzle":28,"Lizard Tail":31,"hubris:Backtick":22,"infinitespire:Bottled Soul":6,"DollysMirror":19,"Tiny Chest":10,"Red Mask":19,"InkBottle":19,"Potion Belt":0,"Golden Idol":2,"Gatherer:MistGenerator":6,"Oddly Smooth Stone":32,"infinitespire:FocusingShard":4,"PreservedInsect":21,"The Courier":26,"Medical Kit":23,"White Beast Statue":0,"Akabeko":19,"Bronze Scales":13,"infinitespire:Satchel":6,"Molten Egg 2":30,"infinitespire:EmpoweringShard":26,"Membership Card":6,"Gatherer:AlchemyBag":0,"Toy Ornithopter":22,"infinitespire:Midas Blood":4},{"Regal Pillow":102,"Gatherer:Leftovers":31,"SacredBark":71,"hubris:EmptyBottle":0,"Bottled Tornado":77,"Centennial Puzzle":105,"Lizard Tail":113,"hubris:Backtick":85,"infinitespire:Bottled Soul":31,"DollysMirror":77,"Tiny Chest":50,"Red Mask":77,"InkBottle":77,"Potion Belt":0,"Golden Idol":12,"Gatherer:MistGenerator":31,"Oddly Smooth Stone":115,"infinitespire:FocusingShard":25,"PreservedInsect":82,"The Courier":98,"Medical Kit":88,"White Beast Statue":0,"Akabeko":77,"Bronze Scales":59,"infinitespire:Satchel":31,"Molten Egg 2":110,"infinitespire:EmpoweringShard":98,"Membership Card":31,"Gatherer:AlchemyBag":0,"Toy Ornithopter":85,"infinitespire:Midas Blood":25}],"InkBottle":[12],"Toy Ornithopter":50},"card_choices":[{"not_picked":["Gatherer:TreeGrowth","Gatherer:Convert"],"picked":"Gatherer:Snatch","floor":1.0},{"not_picked":["Gatherer:ScherryThrow","Gatherer:Duality"],"picked":"Gatherer:VenomBarrier","floor":3.0},{"not_picked":["Gatherer:EnergyBasket","Gatherer:GatherMaterial","Gatherer:Duplicator"],"picked":"SKIP","floor":4.0},{"not_picked":["Gatherer:ScherryThrow","Gatherer:FlowerShield"],"picked":"Gatherer:QuickSynthesis","floor":6.0},{"not_picked":["Gatherer:TacticalStrike","Gatherer:Examine","Gatherer:Enchant"],"picked":"SKIP","floor":8.0},{"not_picked":["Gatherer:BambuSword","Gatherer:FlowerFalling","Gatherer:RecoveryHerb"],"picked":"SKIP","floor":11},{"not_picked":["Gatherer:BambuSword","Gatherer:FlowerFalling","Gatherer:RecoveryHerb"],"picked":"SKIP","floor":11},{"not_picked":["Gatherer:TreeGrowth","Gatherer:FlowerPower","Gatherer:AcidicSpray"],"picked":"SKIP","floor":12},{"not_picked":["Gatherer:WoolGloves","Gatherer:RottenStipe","Gatherer:FlowerFalling"],"picked":"SKIP","floor":13},{"not_picked":["Gatherer:CarefulStrike","Gatherer:TreeGrowth"],"picked":"Gatherer:QuickSynthesis","floor":14},{"not_picked":["Gatherer:Bulldoze","Gatherer:Photoscythe"],"picked":"Gatherer:BomberForm","floor":16},{"not_picked":["Gatherer:Duplicator","Gatherer:QuickSynthesis"],"picked":"Gatherer:SealedBomb","floor":18},{"not_picked":["Gatherer:RecoveryHerb","Gatherer:Snatch"],"picked":"Gatherer:AlchemyTrial","floor":19},{"not_picked":["Gatherer:Frenzy+1","Gatherer:Liquidism","Gatherer:GlowingPlant"],"picked":"SKIP","floor":28},{"not_picked":["Gatherer:ScentOfRosmari","Gatherer:AcidicSpray","Gatherer:Convert"],"picked":"SKIP","floor":30},{"not_picked":["Gatherer:LuckyClover","Gatherer:BlackTea"],"picked":"Gatherer:HeartToFruit","floor":33},{"not_picked":["Gatherer:GlowingPlant","Gatherer:Herbalism+1","Gatherer:WoolGloves+1"],"picked":"SKIP","floor":35},{"not_picked":["Gatherer:AromaProtection","Gatherer:BambuSword"],"picked":"Gatherer:GrowBook","floor":38},{"not_picked":["Gatherer:BigPouch+1","Gatherer:CollectorsShot+1"],"picked":"Gatherer:FruitForce+1","floor":39},{"not_picked":["Gatherer:SealedBomb+1","Gatherer:AromaProtection","Gatherer:Snatch+1"],"picked":"SKIP","floor":40},{"not_picked":["Gatherer:DrugPower+1","Gatherer:BambuSword+1","Gatherer:GlowingPlant+1"],"picked":"SKIP","floor":42},{"not_picked":["Gatherer:Frenzy","Gatherer:FlowerPower","Gatherer:BigPouch+1"],"picked":"SKIP","floor":44},{"not_picked":["Gatherer:TreeGrowth","Gatherer:RottenStipe","Gatherer:Frenzy+1"],"picked":"SKIP","floor":45},{"not_picked":["Gatherer:AlchemyTrial","Gatherer:PotentialSlash+1"],"picked":"Gatherer:ScrollOfPurity","floor":46},{"not_picked":["Gatherer:GlowingPlant+1","Gatherer:EnergyBasket","Gatherer:Herbalism+1"],"picked":"SKIP","floor":54}],"player_experience":944108,"relics_obtained":[{"floor":6.0,"key":"Tiny Chest"},{"floor":12,"key":"Bronze Scales"},{"floor":20,"key":"Red Mask"},{"floor":22,"key":"Akabeko"},{"floor":26,"key":"InkBottle"},{"floor":28,"key":"infinitespire:Midas Blood"},{"floor":31,"key":"PreservedInsect"},{"floor":40,"key":"infinitespire:EmpoweringShard"},{"floor":41,"key":"The Courier"},{"floor":43,"key":"Regal Pillow"},{"floor":44,"key":"Centennial Puzzle"},{"floor":46,"key":"Molten Egg 2"},{"floor":54,"key":"Oddly Smooth Stone"}],"event_choices":[{"cards_removed":["Jack Of All Trades"],"damage_healed":0.0,"max_hp_gain":0.0,"max_hp_loss":0.0,"gold_gain":0.0,"event_name":"Golden Wing","player_choice":"Card Removal","floor":2.0,"gold_loss":0.0,"damage_taken":7.0},{"damage_healed":0.0,"max_hp_gain":0.0,"max_hp_loss":0.0,"gold_gain":0.0,"event_name":"The Woman in Blue","player_choice":"Bought 3 Potions","floor":5.0,"gold_loss":0.0,"damage_taken":0.0},{"damage_healed":0,"gold_gain":0,"player_choice":"Fought Bandits","damage_taken":0,"max_hp_gain":0,"max_hp_loss":0,"event_name":"Masked Bandits","floor":20,"gold_loss":0},{"cards_removed":["Gatherer:Snatch"],"damage_healed":0,"gold_gain":0,"player_choice":"Got a Spare Bottle","damage_taken":0,"max_hp_gain":0,"max_hp_loss":0,"event_name":"Gatherer:BottleCollector","floor":21,"gold_loss":0,"cards_obtained":["Gatherer:SpareBottle"]},{"damage_healed":0,"gold_gain":300,"player_choice":"Gold","damage_taken":0,"max_hp_gain":0,"max_hp_loss":0,"event_name":"Wheel of Change","floor":48,"gold_loss":0}],"is_beta":false,"boss_relics":[{"not_picked":["Busted Crown","Philosopher\u0027s Stone"],"picked":"SacredBark"},{"not_picked":["hubris:VirtuousBlindfold","hubris:RunicObelisk"],"picked":"hubris:Backtick"}],"items_purged_floors":[0,0,0,0,0,0,0,0,24,25,36,37],"is_endless":false,"potions_floor_spawned":[4,6,12,14,16,18,19,20,28,35,42,44,46,54],"ascension_level":0}}