{"host":"nn0usk9aafse27ii","time":1608666049,"event":{"mods":["BaseMod","Colored Map","Highlight Path","Minty Spire (QoL Compilation)","Shop Mod","StSLib","The Disciple"],"gold_per_floor":[113,113,123,31,45,77,92,92,92,106,106,106,119,129,129,229,229,241,253,270,11,11,11,30,43,115,129,129,157,169,169,169,264,264,278,278,295,14,28,28,43,63,90,90,109,109,127,127,127,127,127],"floor_reached":50,"playtime":8395,"items_purged":["Strike_Br"],"score":472,"play_id":"a16cbfda-368b-4f9e-8b01-e66d2ed28f0a","local_time":"20201222114049","is_ascension_mode":false,"campfire_choices":[{"data":"LockedMercury","floor":8.0,"key":"SMITH"},{"data":"LockedTornado","floor":11.0,"key":"SMITH"},{"floor":15.0,"key":"REST"},{"floor":23,"key":"REST"},{"floor":28,"key":"REST"},{"data":"LockedMercury","floor":32,"key":"SMITH"},{"floor":40,"key":"RECALL"},{"data":"LockedUrn","floor":44,"key":"SMITH"},{"data":"SecondHand","floor":46,"key":"SMITH"},{"data":"TiringSlam","floor":49,"key":"SMITH"}],"circlet_count":0,"master_deck":["Strike_Br","Defend_Br","Defend_Br","Defend_Br","Defend_Br","SecondHand+1","PatternShift","Goo","Engulf","Recurrance","LockedTornado+1","ReapSow","LockedMercury+1","LockedMercury+1","ExoVibe+23","Ritenuto+1","BackFourSeconds+1","AlternateTimeline+1","Analog+1","EscortCommand+1","TiringSlam+1","LockedTurtyl+1","Echoward+1","Allargando+1","LockedMercury+1","ReapSow+8","Echonomics+1","HandsUpB+1","LockedUrn+1","SlimeSpray","LockedAnchor","WatchCommand+1","LockedPlans+1","Clumsy"],"relics":["Chronometer","Eternal Feather","Toxic Egg 2","Metronome","Anchor","Bag of Preparation","InkBottle","SpringShield","Runic Pyramid","Letter Opener","Juzu Bracelet","Medical Kit","Blue Candle"],"acts_visited":["Exordium","TheCity","TheBeyond"],"potions_floor_usage":[20,29,29,35,50,50,50],"damage_taken":[{"damage":2.0,"enemies":"2 Louse","floor":1.0,"turns":4.0},{"damage":2.0,"enemies":"Cultist","floor":3.0,"turns":5.0},{"damage":0.0,"enemies":"Small Slimes","floor":5.0,"turns":3.0},{"damage":11.0,"enemies":"Gremlin Nob","floor":6.0,"turns":4.0},{"damage":5.0,"enemies":"Looter","floor":7.0,"turns":3.0},{"damage":3.0,"enemies":"Red Slaver","floor":10.0,"turns":3.0},{"damage":20.0,"enemies":"Large Slime","floor":13.0,"turns":6.0},{"damage":7.0,"enemies":"Lots of Slimes","floor":14.0,"turns":3.0},{"damage":3.0,"enemies":"Slime Boss","floor":16.0,"turns":14.0},{"damage":30,"enemies":"Spheric Guardian","floor":18,"turns":8},{"damage":19,"enemies":"Shell Parasite","floor":19,"turns":7},{"damage":16,"enemies":"Centurion and Healer","floor":20,"turns":9},{"damage":10,"enemies":"3 Cultists","floor":24,"turns":5},{"damage":15,"enemies":"Sentry and Sphere","floor":25,"turns":10},{"damage":9,"enemies":"Snecko","floor":27,"turns":4},{"damage":38,"enemies":"Gremlin Leader","floor":29,"turns":6},{"damage":11,"enemies":"3 Cultists","floor":30,"turns":3},{"damage":34,"enemies":"Champ","floor":33,"turns":10},{"damage":0,"enemies":"3 Darklings","floor":35,"turns":3},{"damage":6,"enemies":"Orb Walker","floor":37,"turns":4},{"damage":12,"enemies":"Writhing Mass","floor":39,"turns":5},{"damage":10,"enemies":"4 Shapes","floor":41,"turns":3},{"damage":7,"enemies":"Transient","floor":42,"turns":4},{"damage":14,"enemies":"Maw","floor":45,"turns":7},{"damage":2,"enemies":"4 Shapes","floor":47,"turns":4},{"damage":93,"enemies":"Donu and Deca","floor":50,"turns":7}],"seed_played":"3161382624980637770","potions_obtained":[{"floor":3.0,"key":"SteroidPotion"},{"floor":6.0,"key":"SneckoOil"},{"floor":10.0,"key":"Dexterity Potion"},{"floor":14.0,"key":"Fire Potion"},{"floor":18,"key":"Swift Potion"},{"floor":27,"key":"GamblersBrew"},{"floor":33,"key":"Block Potion"},{"floor":42,"key":"Explosive Potion"},{"floor":45,"key":"LiquidBronze"},{"floor":47,"key":"Weak Potion"}],"is_trial":false,"path_per_floor":["M","?","M","$","M","E","M","R","T","M","R","?","M","M","R","B",null,"M","M","M","$","?","R","M","M","T","M","R","E","M","?","R","B",null,"M","?","M","$","M","R","M","M","T","R","M","R","M","?","R","B"],"character_chosen":"CHRONO_CLASS","items_purchased":["LockedTornado","ReapSow","Anchor","TiringSlam","Letter Opener","SlimeSpray"],"campfire_rested":3,"item_purchase_floors":[4,4,21,21,38,38],"current_hp_per_floor":[63,63,61,61,61,50,45,54,54,51,60,57,37,30,58,55,65,41,27,14,14,14,45,42,28,28,19,53,37,34,34,49,21,65,65,65,59,59,53,65,55,63,63,65,65,65,65,65,65,0,0],"gold":127,"neow_bonus":"REMOVE_CARD","is_daily":false,"chose_seed":false,"campfire_upgraded":6,"win_rate":0.0,"timestamp":1608666049,"path_taken":["M","?","M","$","?","E","M","R","T","M","R","?","M","M","R","BOSS","M","M","M","$","?","R","M","M","T","?","R","E","M","?","R","BOSS","M","?","M","$","?","R","M","M","T","R","M","R","M","?","R","BOSS"],"items_purchased_type":["Card","Card","Relic","Card","Relic","Card"],"build_version":"2020-12-13","purchased_purges":1,"victory":false,"max_hp_per_floor":[65,65,65,65,65,65,65,65,65,65,65,65,65,65,65,65,65,65,65,65,65,65,65,65,65,65,65,65,65,65,65,65,65,65,65,65,65,65,65,65,65,65,65,65,65,65,65,65,65,65,65],"card_choices":[{"not_picked":["HandsUpB","LockedPlans"],"picked":"Goo","floor":1.0},{"not_picked":["EscortCommand","TiringSlam"],"picked":"Recurrance","floor":3.0},{"not_picked":["ResonantCall","HandsUpB"],"picked":"LockedMercury","floor":5.0},{"not_picked":["LockedTurtyl","Parity"],"picked":"LockedMercury","floor":6.0},{"not_picked":["Backlash","PrimeTime","Parity"],"picked":"SKIP","floor":7.0},{"not_picked":["LockedBlood","Engulf"],"picked":"LockedOrichalcum","floor":10.0},{"not_picked":["LockedUrn","BiteCommand"],"picked":"ExoVibe+1","floor":13.0},{"not_picked":["LockedMercury","LockedWarPaint"],"picked":"Tempo+1","floor":14.0},{"not_picked":["LockedAstrolabe","LockedBell"],"picked":"BackFourSeconds+1","floor":16.0},{"not_picked":["PrimeTime","LockedBlood"],"picked":"AlternateTimeline+1","floor":18},{"not_picked":["Cuckoo+1","Stagnate+1"],"picked":"Analog+1","floor":19},{"not_picked":["ReapSow","ShortSighted+1"],"picked":"EscortCommand+1","floor":20},{"not_picked":["LockedMawBank","Engulf+1"],"picked":"LockedTurtyl+1","floor":24},{"not_picked":["LockedScales","PrimeTime"],"picked":"Echoward+1","floor":25},{"not_picked":["Facsimile+1","HandsUpB+1"],"picked":"Tempo+1","floor":27},{"not_picked":["TickedOff+1","LockedScales+1"],"picked":"LockedMercury","floor":29},{"not_picked":["EscortCommand+1","Stagnate+1"],"picked":"ReapSow+1","floor":30},{"not_picked":["Pendulum+1","OverTime"],"picked":"Echonomics+1","floor":33},{"not_picked":["LockedTurtyl","PrimeTime+1"],"picked":"HandsUpB+1","floor":35},{"not_picked":["LockedMercury","ReapSow+1"],"picked":"LockedUrn","floor":37},{"not_picked":["BiteCommand","TiringSlam"],"picked":"LockedAnchor","floor":39},{"not_picked":["HandsUpC","LockedMedicine"],"picked":"WatchCommand+1","floor":41},{"not_picked":["HandsUpB+1","Engulf+1"],"picked":"LockedPlans+1","floor":42},{"not_picked":["Facsimile+1","Tempo+1"],"picked":"LockedMedicine+1","floor":45},{"not_picked":["LockedBlood","LockedTornado+1","ReapSow+1"],"picked":"SKIP","floor":47}],"player_experience":344166,"relics_obtained":[{"floor":6.0,"key":"Eternal Feather"},{"floor":26,"key":"InkBottle"},{"floor":29,"key":"SpringShield"},{"floor":43,"key":"Juzu Bracelet"}],"event_choices":[{"damage_healed":0.0,"max_hp_gain":0.0,"max_hp_loss":0.0,"gold_gain":0.0,"cards_transformed":["Strike_Br"],"event_name":"Transmorgrifier","player_choice":"Transformed","floor":2.0,"gold_loss":0.0,"damage_taken":0.0,"cards_obtained":["Engulf"]},{"damage_healed":0.0,"max_hp_gain":0.0,"max_hp_loss":0.0,"gold_gain":0.0,"event_name":"Scrap Ooze","player_choice":"Success","floor":12.0,"gold_loss":0.0,"damage_taken":3.0,"relics_obtained":["Toxic Egg 2"]},{"damage_healed":0,"gold_gain":0,"player_choice":"Gave Potion","damage_taken":0,"relics_obtained":["Bag of Preparation"],"max_hp_gain":0,"max_hp_loss":0,"event_name":"WeMeetAgain","floor":22,"gold_loss":0},{"damage_healed":0,"gold_gain":0,"player_choice":"Forge","damage_taken":0,"max_hp_gain":0,"max_hp_loss":0,"event_name":"Accursed Blacksmith","floor":31,"gold_loss":0,"cards_upgraded":["LockedMercury"]},{"cards_removed":["LockedOrichalcum"],"damage_healed":0,"gold_gain":0,"player_choice":"Offered Uncommon","damage_taken":0,"max_hp_gain":0,"max_hp_loss":0,"event_name":"Bonfire Elementals","floor":36,"gold_loss":0}],"is_beta":false,"boss_relics":[{"not_picked":["Calling Bell","Fusion Hammer"],"picked":"Metronome"},{"not_picked":["Chronograph","Coffee Dripper"],"picked":"Runic Pyramid"}],"items_purged_floors":[21],"is_endless":false,"potions_floor_spawned":[3,6,10,14,18,19,27,33,42,45,47],"killed_by":"Donu and Deca","ascension_level":0}}