{"host":"5gc11emcm5chfr5t","time":1608681386,"event":{"mods":["2.2 Compatiblity","AchievementEnabler","BaseMod","Bestiary","Better Note","Colored Map","Colored Powertips","Downfall","Googly Eyes","Minty Spire (QoL Compilation)","Rare Cards Sparkle","StSLib"],"gold_per_floor":[99,99,99,99,99,99,99,24,51,66,76,76,1,20,55,126,126,126,141,156,175,125,125,125,149,162,162,162,61,74,74,74],"floor_reached":31,"playtime":1070,"items_purged":[],"score":491,"play_id":"ce15538e-99b1-452f-b50c-958be2cc23f1","local_time":"20201222185626","is_ascension_mode":true,"campfire_choices":[{"floor":1,"key":"RECALL"},{"floor":8,"key":"REST"},{"floor":13,"key":"REST"},{"data":"sneckomod:UnknownRareSkill","floor":18,"key":"SMITH"},{"floor":27,"key":"REST"}],"circlet_count":0,"master_deck":["AscendersBane","sneckomod:Defend","sneckomod:Defend","sneckomod:Defend","sneckomod:TailWhip","sneckomod:SnekBite","sneckomod:Unknown","sneckomod:Unknown","sneckomod:QuickBite","sneckomod:SoulRoll","sneckomod:UnknownColorless","sneckomod:TrashToTreasure","sneckomod:SoulCleanse","sneckomod:SnekBeam","sneckomod:Unknown1Cost","sneckomod:UnknownRareSkill+1","sneckomod:IronFang","sneckomod:QuickMove","sneckomod:UnknownDexterity","Bite","Bite","Bite","Bite","Bite","sneckomod:QuickMove","sneckomod:WideSting","sneckomod:CheapStock","sneckomod:SlitherStrike"],"relics":["sneckomod:SneckoSoul","downfall:HeartsMalice","Ornamental Fan","downfall:HeartBlessingBlue","downfall:HeartBlessingRed","sneckomod:SneckoTalon","Bird Faced Urn","Toy Ornithopter"],"acts_visited":["Exordium","TheCity"],"potions_floor_usage":[11,14,15,16,16,31,31],"damage_taken":[{"damage":0,"enemies":"2 Louse","floor":2,"turns":1},{"damage":0,"enemies":"downfall:FleeingMerchant","floor":4,"turns":1},{"damage":0,"enemies":"Jaw Worm","floor":6,"turns":1},{"damage":25,"enemies":"Gremlin Nob","floor":9,"turns":4},{"damage":0,"enemies":"Cultist","floor":10,"turns":2},{"damage":3,"enemies":"3 Louse","floor":11,"turns":2},{"damage":7,"enemies":"Lots of Slimes","floor":14,"turns":3},{"damage":12,"enemies":"Gremlin Gang","floor":15,"turns":3},{"damage":16,"enemies":"downfall:Watcher","floor":16,"turns":5},{"damage":36,"enemies":"Shell Parasite","floor":19,"turns":8},{"damage":40,"enemies":"Chosen","floor":20,"turns":6},{"damage":16,"enemies":"Snecko","floor":21,"turns":4},{"damage":34,"enemies":"3 Cultists","floor":26,"turns":6},{"damage":6,"enemies":"downfall:FleeingMerchant","floor":29,"turns":4},{"damage":51,"enemies":"Centurion and Healer","floor":30,"turns":7},{"damage":87,"enemies":"Slavers","floor":31,"turns":5}],"seed_played":"-8274090496471581908","potions_obtained":[{"floor":5,"key":"Swift Potion"},{"floor":5,"key":"Regen Potion"},{"floor":10,"key":"champ:CounterPotion"},{"floor":12,"key":"Explosive Potion"},{"floor":14,"key":"Weak Potion"},{"floor":15,"key":"SneckoOil"},{"floor":26,"key":"GamblersBrew"},{"floor":30,"key":"BlessingOfTheForge"}],"is_trial":false,"path_per_floor":["R","M","?","$","?","M","T","R","E","M","M","?","R","M","M","B",null,"R","M","M","M","?","?","T","T","M","R","?","$","M","E"],"character_chosen":"THE_SNECKO","items_purchased":["sneckomod:CheapStock"],"campfire_rested":3,"item_purchase_floors":[29],"current_hp_per_floor":[75,75,49,49,49,49,49,86,69,69,66,66,96,89,78,77,97,97,61,21,6,52,52,52,52,30,51,82,82,56,0,0],"gold":74,"neow_bonus":"THREE_ENEMY_KILL","is_daily":false,"chose_seed":false,"campfire_upgraded":1,"win_rate":0.0,"timestamp":1608681386,"path_taken":["R","M","?","$","?","?","T","R","E","M","M","?","R","?","M","BOSS","R","M","?","M","?","?","T","?","?","R","?","$","M","E"],"items_purchased_type":["Card"],"build_version":"2020-12-13","purchased_purges":0,"victory":false,"max_hp_per_floor":[83,83,83,83,83,83,83,93,101,101,101,101,101,101,102,103,103,103,103,103,104,104,72,72,72,72,72,82,82,82,82,82],"card_choices":[{"not_picked":["sneckomod:IronFang","sneckomod:UnknownCommonAttack"],"picked":"sneckomod:QuickBite","floor":2},{"not_picked":["sneckomod:UnknownVulnerable","sneckomod:QuickBite"],"picked":"sneckomod:DangerNoodle","floor":4},{"not_picked":["sneckomod:DiceBlock","sneckomod:UnknownBlock"],"picked":"sneckomod:SoulRoll","floor":6},{"not_picked":["sneckomod:SnakeSap","sneckomod:UnknownStrength"],"picked":"sneckomod:UnknownColorless","floor":9},{"not_picked":["sneckomod:UnknownBlock","sneckomod:UnknownUncommonPower"],"picked":"sneckomod:TrashToTreasure","floor":10},{"not_picked":["sneckomod:Unknown1Cost","sneckomod:Unknown2Cost"],"picked":"sneckomod:SoulCleanse","floor":11},{"not_picked":["sneckomod:Unknown1Cost","sneckomod:DiceCrush"],"picked":"sneckomod:SnekBeam","floor":14},{"not_picked":["sneckomod:DefensiveFlair","sneckomod:QuickBite"],"picked":"sneckomod:Unknown1Cost","floor":15},{"not_picked":["sneckomod:Transmogrify","sneckomod:UnknownRarePower"],"picked":"sneckomod:UnknownRareSkill","floor":16},{"not_picked":["sneckomod:SoulDraw","sneckomod:QuickMove"],"picked":"sneckomod:IronFang","floor":19},{"not_picked":["sneckomod:UnknownUncommonAttack","sneckomod:SerpentIdol"],"picked":"sneckomod:QuickMove","floor":20},{"not_picked":["sneckomod:UnknownVulnerable+1","sneckomod:UnknownCommonSkill"],"picked":"sneckomod:UnknownDexterity","floor":21},{"not_picked":["sneckomod:RainOfDice","sneckomod:IronFang"],"picked":"sneckomod:QuickMove","floor":26},{"not_picked":["sneckomod:UnknownStrike","sneckomod:QuickBite"],"picked":"sneckomod:WideSting","floor":29},{"not_picked":["sneckomod:UnknownEthereal","sneckomod:DiceCrush"],"picked":"sneckomod:SlitherStrike","floor":30}],"player_experience":480621,"relics_obtained":[{"floor":9,"key":"Strawberry"},{"floor":24,"key":"Bird Faced Urn"},{"floor":25,"key":"Toy Ornithopter"}],"event_choices":[{"damage_healed":0,"gold_gain":0,"player_choice":"Success","damage_taken":26,"relics_obtained":["Ornamental Fan"],"max_hp_gain":0,"max_hp_loss":0,"event_name":"Scrap Ooze","floor":3,"gold_loss":0},{"damage_healed":0,"gold_gain":0,"player_choice":"Got Potions","damage_taken":0,"max_hp_gain":0,"max_hp_loss":0,"event_name":"Lab","floor":5,"gold_loss":0},{"damage_healed":0,"gold_gain":0,"player_choice":"Became a vampire","damage_taken":0,"max_hp_gain":0,"max_hp_loss":32,"event_name":"Vampires","floor":23,"gold_loss":0,"cards_obtained":["Bite","Bite","Bite","Bite","Bite"]},{"cards_removed":["sneckomod:DangerNoodle"],"damage_healed":21,"gold_gain":0,"player_choice":"Offered Rare","damage_taken":0,"max_hp_gain":10,"max_hp_loss":0,"event_name":"Bonfire Elementals","floor":28,"gold_loss":0}],"is_beta":false,"boss_relics":[{"not_picked":["SlaversCollar","Tiny House"],"picked":"sneckomod:SneckoTalon"}],"items_purged_floors":[],"is_endless":false,"potions_floor_spawned":[9,10,14,15,26,30],"killed_by":"Slavers","ascension_level":20}}