{"host":"4edbuligkc8x13l4","time":1608646415,"event":{"mods":["BaseMod","Minty Spire (QoL Compilation)","StSLib","SuperFastMode"],"gold_per_floor":[14,14,14,37,51,51,91,91,114,126,153,165,196,251,263,275,275],"floor_reached":16,"playtime":348,"items_purged":[],"score":200,"play_id":"369383aa-9a5e-4952-9ac3-5e501a22db6e","local_time":"20201222221335","is_ascension_mode":true,"campfire_choices":[{"data":"Armaments","floor":6,"key":"SMITH"},{"floor":8,"key":"REST"},{"data":"Pommel Strike","floor":10,"key":"SMITH"},{"data":"Shockwave","floor":12,"key":"SMITH"},{"floor":15,"key":"REST"}],"circlet_count":0,"master_deck":["AscendersBane","Strike_R","Strike_R","Strike_R","Defend_R","Defend_R","Defend_R","Defend_R","Bash","Shockwave+1","Seeing Red","Hemokinesis","Armaments+1","Pommel Strike+1"],"relics":["Burning Blood","Golden Idol","Centennial Puzzle","Letter Opener","MawBank","Tiny Chest"],"acts_visited":["Exordium"],"potions_floor_usage":[7,16],"damage_taken":[{"damage":13,"enemies":"Jaw Worm","floor":1,"turns":6},{"damage":6,"enemies":"Cultist","floor":5,"turns":3},{"damage":26,"enemies":"Gremlin Nob","floor":7,"turns":4},{"damage":9,"enemies":"Small Slimes","floor":11,"turns":2},{"damage":19,"enemies":"Red Slaver","floor":13,"turns":3},{"damage":27,"enemies":"3 Sentries","floor":14,"turns":10},{"damage":31,"enemies":"Hexaghost","floor":16,"turns":9}],"seed_played":"3694532720329814745","potions_obtained":[{"floor":5,"key":"BlessingOfTheForge"},{"floor":7,"key":"Energy Potion"}],"is_trial":false,"path_per_floor":["M","?","?","T","M","R","E","R","T","R","M","R","M","E","R","B"],"character_chosen":"IRONCLAD","items_purchased":[],"campfire_rested":2,"item_purchase_floors":[],"current_hp_per_floor":[61,35,40,40,40,40,20,44,44,44,41,41,28,7,31,0,0],"gold":275,"neow_bonus":"TRANSFORM_TWO_CARDS","is_daily":false,"chose_seed":false,"campfire_upgraded":3,"win_rate":0.0,"timestamp":1608646415,"path_taken":["M","?","?","?","M","R","E","R","T","R","M","R","?","E","R","BOSS"],"items_purchased_type":[],"build_version":"2020-12-13","purchased_purges":0,"victory":false,"max_hp_per_floor":[75,75,80,80,80,80,80,80,80,80,80,80,80,80,80,80,80],"card_choices":[{"not_picked":["Perfected Strike","Rupture"],"picked":"Hemokinesis","floor":1},{"not_picked":["Perfected Strike","Flex"],"picked":"Armaments","floor":5},{"not_picked":["Headbutt","Power Through"],"picked":"Pommel Strike","floor":7},{"not_picked":["Heavy Blade","Perfected Strike","Headbutt"],"picked":"SKIP","floor":11},{"not_picked":["Ghostly Armor","Intimidate","Pommel Strike"],"picked":"SKIP","floor":13},{"not_picked":["Ghostly Armor","Armaments","Exhume"],"picked":"SKIP","floor":14}],"player_experience":908477,"relics_obtained":[{"floor":4,"key":"Centennial Puzzle"},{"floor":7,"key":"Letter Opener"},{"floor":9,"key":"MawBank"},{"floor":14,"key":"Tiny Chest"}],"event_choices":[{"damage_healed":0,"gold_gain":0,"player_choice":"Take Damage","damage_taken":26,"relics_obtained":["Golden Idol"],"max_hp_gain":0,"max_hp_loss":0,"event_name":"Golden Idol","floor":2,"gold_loss":0},{"damage_healed":0,"gold_gain":0,"player_choice":"Donut","damage_taken":0,"max_hp_gain":5,"max_hp_loss":0,"event_name":"Big Fish","floor":3,"gold_loss":0}],"is_beta":false,"boss_relics":[],"items_purged_floors":[],"is_endless":false,"potions_floor_spawned":[5,7],"killed_by":"Hexaghost","ascension_level":17}}