{"host":"sabve5zmqufxyc5o","time":1608637076,"event":{"mods":["2.2 Compatiblity","AchievementEnabler","Act Like it!","Ascension Reborn","Aspiration","BaseMod","Block Reminder","Colored Map","Colored Powertips","DeckTracker","KOR Keyword Fix","Keyboard Shortcuts","Minty Spire (QoL Compilation)","Quick Restart","Rare Cards Sparkle","Relic Stats","Replay The Spire","StSLib","SuperFastMode"],"gold_per_floor":[110,122,137,187,197,197,175,160,212,228,241,258,258,286,286,286,286],"floor_reached":16,"playtime":371,"items_purged":["Delirium"],"score":212,"play_id":"ea84b2b5-dc55-4634-a59b-be42657981c9","local_time":"20201222203756","is_ascension_mode":true,"campfire_choices":[{"data":"Defragment","floor":6.0,"key":"SMITH"},{"floor":13,"key":"REST"},{"floor":15,"key":"REST"}],"circlet_count":0,"master_deck":["AscendersBane","Strike_B","Strike_B","Strike_B","Strike_B","Defend_B","Defend_B","Defend_B","Defend_B","Zap","Dualcast","Defragment+1","Coolheaded","Capacitor","Cold Snap","FTL","Self Repair+1","Gash","Ball Lightning","ReplayTheSpireMod:Calculation Training"],"relics":["Cracked Core","ReplayTheSpireMod:CursedCoin","Tiny Chest","Gremlin Food"],"acts_visited":["Exordium"],"potions_floor_usage":[12,16],"damage_taken":[{"damage":9.0,"enemies":"Jaw Worm","floor":1.0,"turns":4.0},{"damage":1.0,"enemies":"Cultist","floor":2.0,"turns":3.0},{"damage":7.0,"enemies":"2 Louse","floor":3.0,"turns":3.0},{"damage":3.0,"enemies":"2 Fungi Beasts","floor":5.0,"turns":3.0},{"damage":9.0,"enemies":"Exordium Thugs","floor":7.0,"turns":4.0},{"damage":10.0,"enemies":"Large Slime","floor":10.0,"turns":5.0},{"damage":2,"enemies":"2 Fungi Beasts","floor":11,"turns":4},{"damage":16,"enemies":"Lots of Slimes","floor":12,"turns":4},{"damage":25,"enemies":"3 Sentries","floor":14,"turns":6},{"damage":27,"enemies":"Fading Forest","floor":16,"turns":7}],"seed_played":"5693374583781160513","potions_obtained":[{"floor":3.0,"key":"Adrenaline Potion"},{"floor":7.0,"key":"Toxic Potion"},{"floor":11,"key":"Milkshake"},{"floor":14,"key":"BlessingOfTheForge"}],"is_trial":false,"path_per_floor":["M","M","M","?","M","R","M","$","T","M","M","M","R","E","R","B"],"character_chosen":"DEFECT","items_purchased":["ReplayTheSpireMod:CursedCoin","Self Repair"],"campfire_rested":2,"item_purchase_floors":[8,8],"current_hp_per_floor":[62,61,54,54,51,51,42,42,42,39,44,35,58,33,56,37,37],"gold":286,"neow_bonus":"TEN_PERCENT_HP_BONUS","is_daily":false,"chose_seed":false,"campfire_upgraded":1,"win_rate":0.0,"timestamp":1608637076,"path_taken":["M","M","M","?","M","R","M","$","T","M","?","M","R","E","R","BOSS"],"items_purchased_type":["Relic","Card"],"build_version":"2020-12-13","purchased_purges":1,"victory":false,"max_hp_per_floor":[78,78,78,78,78,78,78,78,78,78,78,78,78,78,78,78,78],"relic_stats":{"counters":[10,43],"Tiny Chest":0,"obtain_stats":[{"Gremlin Food":14,"ReplayTheSpireMod:CursedCoin":8,"Tiny Chest":9,"Cracked Core":0},{"Gremlin Food":9,"ReplayTheSpireMod:CursedCoin":5,"Tiny Chest":5,"Cracked Core":0},{"Gremlin Food":36,"ReplayTheSpireMod:CursedCoin":17,"Tiny Chest":17,"Cracked Core":0}]},"card_choices":[{"not_picked":["Leap","Stack"],"picked":"Defragment","floor":1.0},{"not_picked":["Stack","Lockon"],"picked":"Coolheaded","floor":2.0},{"not_picked":["Beam Cell","Hologram"],"picked":"Capacitor","floor":3.0},{"not_picked":["Go for the Eyes","Coolheaded"],"picked":"Cold Snap","floor":5.0},{"not_picked":["Sweeping Beam","Rip and Tear"],"picked":"FTL","floor":7.0},{"not_picked":["Multi-Cast","Turbo"],"picked":"Gash","floor":10.0},{"not_picked":["Consume","Recycle"],"picked":"Ball Lightning","floor":11},{"not_picked":["Time Bomb","Chaos","Sweeping Beam"],"picked":"SKIP","floor":12},{"not_picked":["Coolheaded","Stack"],"picked":"ReplayTheSpireMod:Calculation Training","floor":14}],"player_experience":796170,"relics_obtained":[{"floor":9.0,"key":"Tiny Chest"},{"floor":14,"key":"Gremlin Food"}],"event_choices":[{"damage_healed":0.0,"max_hp_gain":0.0,"max_hp_loss":0.0,"gold_gain":50.0,"event_name":"Golden Shrine","player_choice":"Pray","floor":4.0,"gold_loss":0.0,"damage_taken":0.0}],"is_beta":false,"boss_relics":[],"items_purged_floors":[8],"is_endless":false,"potions_floor_spawned":[3,7,11,14],"killed_by":"Fading Forest","ascension_level":20}}