{"host":"3jjxuhjpio8e4zkv","time":1608597504,"event":{"mods":["BaseMod","Colored Map","Minty Spire (QoL Compilation)","Permanent Neow","Relic Stats","StSLib"],"gold_per_floor":[113,38,54,54,54,81,81,113,113,113,38,38,38,61,61,61,61],"floor_reached":16,"playtime":312,"items_purged":["Zap"],"score":212,"play_id":"982cbe7d-f2bd-4f36-b25c-7a1bdc987030","local_time":"20201221193824","is_ascension_mode":true,"campfire_choices":[{"data":"Reprogram","floor":7.0,"key":"SMITH"},{"floor":10,"key":"REST"},{"data":"Streamline","floor":12,"key":"SMITH"},{"data":"Go for the Eyes","floor":15,"key":"SMITH"}],"circlet_count":0,"master_deck":["AscendersBane","Strike_B","Strike_B","Strike_B","Defend_B","Defend_B","Defend_B","Defend_B","Dualcast+1","Streamline+1","Defragment","Reprogram+1","Go for the Eyes+1"],"relics":["Cracked Core","Shuriken","Kunai","Question Card","PreservedInsect","Golden Idol"],"acts_visited":["Exordium"],"potions_floor_usage":[8],"damage_taken":[{"damage":2.0,"enemies":"Jaw Worm","floor":1.0,"turns":4.0},{"damage":6.0,"enemies":"Small Slimes","floor":3.0,"turns":3.0},{"damage":25.0,"enemies":"Lagavulin","floor":6.0,"turns":6.0},{"damage":32,"enemies":"Gremlin Nob","floor":8,"turns":4},{"damage":7,"enemies":"2 Louse","floor":14,"turns":2},{"damage":19,"enemies":"Hexaghost","floor":16,"turns":10}],"seed_played":"8761862145176274639","potions_obtained":[{"floor":3.0,"key":"Fire Potion"}],"is_trial":false,"path_per_floor":["M","?","M","?","?","E","R","E","T","R","$","R","?","M","R","B"],"character_chosen":"DEFECT","items_purchased":[],"campfire_rested":1,"item_purchase_floors":[],"current_hp_per_floor":[62,62,56,38,61,36,36,4,4,25,25,25,25,18,18,0,0],"gold":61,"neow_bonus":"UPGRADE_CARD","is_daily":false,"chose_seed":false,"campfire_upgraded":3,"win_rate":0.0,"timestamp":1608597504,"path_taken":["M","?","M","?","?","E","R","E","T","R","$","R","?","M","R","BOSS"],"items_purchased_type":[],"build_version":"2020-12-13","purchased_purges":1,"victory":false,"max_hp_per_floor":[71,71,71,71,71,71,71,71,71,71,71,71,64,64,64,64,64],"relic_stats":{"counters":[6,29],"Shuriken":[2],"Golden Idol":5,"PreservedInsect":0,"Kunai":[2],"Question Card":1,"obtain_stats":[{"Shuriken":4,"Golden Idol":13,"PreservedInsect":9,"Kunai":6,"Cracked Core":0,"Question Card":8},{"Shuriken":2,"Golden Idol":4,"PreservedInsect":4,"Kunai":3,"Cracked Core":0,"Question Card":4},{"Shuriken":7,"Golden Idol":17,"PreservedInsect":17,"Kunai":13,"Cracked Core":0,"Question Card":17}]},"card_choices":[{"not_picked":["Hologram","Compile Driver"],"picked":"Streamline","floor":1.0},{"not_picked":["Melter","Conserve Battery"],"picked":"Defragment","floor":3.0},{"not_picked":["Barrage","Defragment"],"picked":"Reprogram","floor":6.0},{"not_picked":["Streamline","Scrape","Coolheaded"],"picked":"SKIP","floor":8},{"not_picked":["Turbo","Static Discharge","Compile Driver"],"picked":"Go for the Eyes","floor":14}],"player_experience":1087087,"relics_obtained":[{"floor":6.0,"key":"Kunai"},{"floor":8,"key":"Question Card"},{"floor":9,"key":"PreservedInsect"}],"event_choices":[{"cards_removed":["Strike_B"],"damage_healed":0.0,"max_hp_gain":0.0,"max_hp_loss":0.0,"gold_gain":0.0,"event_name":"The Cleric","player_choice":"Card Removal","floor":2.0,"gold_loss":75.0,"damage_taken":0.0},{"damage_healed":0.0,"max_hp_gain":0.0,"max_hp_loss":0.0,"gold_gain":0.0,"event_name":"Scrap Ooze","player_choice":"Success","floor":4.0,"gold_loss":0.0,"damage_taken":18.0,"relics_obtained":["Shuriken"]},{"damage_healed":23.0,"max_hp_gain":0.0,"max_hp_loss":0.0,"gold_gain":0.0,"event_name":"Big Fish","player_choice":"Banana","floor":5.0,"gold_loss":0.0,"damage_taken":0.0},{"damage_healed":0,"gold_gain":0,"player_choice":"Lose Max HP","damage_taken":0,"relics_obtained":["Golden Idol"],"max_hp_gain":0,"max_hp_loss":7,"event_name":"Golden Idol","floor":13,"gold_loss":0}],"is_beta":false,"boss_relics":[],"items_purged_floors":[11],"is_endless":false,"potions_floor_spawned":[3],"killed_by":"Hexaghost","ascension_level":20}}