{"host":"k5ezbu40hxyit46v","time":1608668841,"event":{"mods":["Act Like it!","Aspiration","Astrologer","BaseMod","BetterRewards","Conspire","DeckTracker","Energized Spire","Googly Eyes","Halation","HexUI Lib","Highlight Path","Hubris","Infinite Spire","Jedi Mod","Mad Scientist","Marisa????????","Minty Spire (QoL Compilation)","Quarter Circle Forward PUNCH!","Quick Restart","Replay The Spire","Reworked Bosses","Shop Mod","Spikes Relics","StSLib","The Administrix","The Awakened One except there are too many feathers","The Bladedancer","The Cursed","The IronCluck","The Servant 0.9.4","The Wild Card","everything is the same but u backflip on backflip","slay the spire mod where everything is the same but ironclad has a cowboy hat","vexMod"],"gold_per_floor":[119,119,119,132,132,159,159,159,183,183,193,193,206,232,232,232,232],"floor_reached":16,"playtime":272,"items_purged":[],"score":266,"play_id":"25be6682-619a-4095-8635-93283b5c67ef","local_time":"20201222152721","is_ascension_mode":true,"campfire_choices":[{"data":"Footwork","floor":7,"key":"SMITH"},{"data":"Neutralize","floor":10,"key":"SMITH"},{"data":"Dagger Spray","floor":12,"key":"SMITH"},{"data":"After Image","floor":15,"key":"SMITH"}],"circlet_count":0,"master_deck":["AscendersBane","Strike_G","Strike_G","Strike_G","Strike_G","Defend_G","Defend_G","Defend_G","Defend_G","Defend_G","Survivor","Neutralize+1","Flying Knee","Footwork+1","Dagger Spray+1","Crippling Poison","After Image+1","Bouncing Flask"],"relics":["Ring of the Snake","NeowsBlessing","aspiration:BabyByrd","vexMod:HeadHunter","Kunai","halation:PromiseList","ReplayTheSpireMod:Lightbulb"],"acts_visited":["Exordium"],"potions_floor_usage":[14,14],"damage_taken":[{"damage":0,"enemies":"Small Slimes","floor":1,"turns":1},{"damage":0,"enemies":"2 Louse","floor":4,"turns":1},{"damage":0,"enemies":"3 Sentries","floor":6,"turns":1},{"damage":0,"enemies":"Cultist","floor":11,"turns":5},{"damage":2,"enemies":"Red Slaver","floor":13,"turns":5},{"damage":24,"enemies":"Gremlin Nob","floor":14,"turns":4},{"damage":41,"enemies":"Slime Boss","floor":16,"turns":7}],"seed_played":"-6236657673421184483","potions_obtained":[{"floor":4,"key":"Poison Potion"},{"floor":13,"key":"Fruit Juice"}],"is_trial":false,"path_per_floor":["M","?","?","M","?","E","R","T","T","R","M","R","M","E","R","B"],"character_chosen":"THE_SILENT","items_purchased":[],"campfire_rested":0,"item_purchase_floors":[],"current_hp_per_floor":[59,59,52,52,58,58,58,58,58,58,58,58,56,37,37,0,0],"gold":232,"neow_bonus":"THREE_ENEMY_KILL","is_daily":false,"chose_seed":false,"campfire_upgraded":4,"win_rate":0.0,"timestamp":1608668841,"path_taken":["M","?","?","M","?","E","R","?","T","R","?","R","?","E","R","BOSS"],"items_purchased_type":[],"build_version":"2020-12-13","purchased_purges":0,"victory":false,"max_hp_per_floor":[66,66,66,66,66,66,66,66,66,66,66,66,66,71,71,71,71],"card_choices":[{"not_picked":["Slice","Skewer"],"picked":"Flying Knee","floor":1},{"not_picked":["hubris:SlightOfHand","ReplayTheSpireMod:Shiv Toss"],"picked":"Footwork","floor":4},{"not_picked":["Distraction","infinitespire:Neurotoxin","Dagger Throw"],"picked":"SKIP","floor":6},{"not_picked":["Caltrops","Dagger Throw"],"picked":"Dagger Spray","floor":11},{"not_picked":["Eviscerate","Dagger Throw"],"picked":"Crippling Poison","floor":13},{"not_picked":["jedi:brewingpoison","jedi:studypoison"],"picked":"After Image","floor":14},{"not_picked":["Outmaneuver","Deflect"],"picked":"Bouncing Flask","floor":14}],"player_experience":1203172,"relics_obtained":[{"floor":6,"key":"vexMod:HeadHunter"},{"floor":8,"key":"Kunai"},{"floor":9,"key":"halation:PromiseList"},{"floor":14,"key":"ReplayTheSpireMod:Lightbulb"}],"event_choices":[{"cards_removed":["Strike_G"],"damage_healed":0,"gold_gain":0,"player_choice":"Card Removal","damage_taken":7,"max_hp_gain":0,"max_hp_loss":0,"event_name":"Golden Wing","floor":3,"gold_loss":0}],"is_beta":false,"boss_relics":[],"items_purged_floors":[],"is_endless":false,"potions_floor_spawned":[4,13],"killed_by":"Slime Boss","ascension_level":20}}