{"host":"ozhpk21u0qc04ewp","time":1608601321,"event":{"mods":["Aspiration","BaseMod","Better Third Choice","Downfall","Energized Spire","GifTheSpireLib","Hermit","Hubris","Minty Spire (QoL Compilation)","Replay The Spire","StSLib","Stuff the Spire","The Hierophant"],"gold_per_floor":[109,109,119,469,389,389,419,436,436,361,388,453,470,480,480,578,578,596,596,399,399,411,439,439,454,536,550,564,564,594,185,185,286,286,300,317,94,147,147,147,147,147],"floor_reached":41,"playtime":3188,"items_purged":["hubris:Disease","Decay","Doubt","Languid"],"score":491,"play_id":"5367b2cc-a0c6-47e6-aaa2-ed0e10818cde","local_time":"20201221174201","is_ascension_mode":false,"campfire_choices":[{"data":"Zap","floor":6,"key":"SMITH"},{"data":"Scrape","floor":15,"key":"SMITH"},{"data":"Genetic Algorithm","floor":24,"key":"SMITH"},{"floor":29,"key":"REST"},{"floor":32,"key":"REST"},{"data":"Scrape","floor":40,"key":"SMITH"}],"circlet_count":0,"master_deck":["Strike_B","Strike_B","Strike_B","Strike_B","Defend_B","Defend_B","Defend_B","Defend_B","Zap+1","Dualcast","StuffTheSpire:Plugnplay","Injury","Chill","CommonCold","Ball Lightning","StuffTheSpire:Rend","Scrape+1","hubris:Despair","Genetic Algorithm+1","Gash","Coolheaded","Echo Form+1","Steam Power","Beam Cell","Go for the Eyes","Hologram","Leap","Ball Lightning","Turbo","Gash","StuffTheSpire:LaunchingStrike","Gash","Panache+1","Flash of Steel","Reboot","Beam Cell","Static Discharge+1","Scrape+1","Hologram+1"],"relics":["Cracked Core","Frozen Egg 2","Ring of Panic","Ring of Greed","MealTicket","Old Coin","hubris:MysteriousPyramids","StoneCalendar","Anchor","Honey Jar","MutagenicStrength","Nloth\u0027s Gift","Art of War","hubris:SoftwareUpdate","Gambling Chip","ReplayTheSpireMod:DimensionalGlitch","aspiration:HatOfInfinitePower"],"acts_visited":["Exordium","TheCity","TheBeyond"],"potions_floor_usage":[7,7,7,7,12,16,18,27,30,36],"damage_taken":[{"damage":1,"enemies":"2 Louse","floor":1,"turns":2},{"damage":1,"enemies":"Small Slimes","floor":3,"turns":3},{"damage":4,"enemies":"Jaw Worm","floor":5,"turns":4},{"damage":9,"enemies":"3 Sentries","floor":7,"turns":6},{"damage":15,"enemies":"Looter","floor":8,"turns":3},{"damage":29,"enemies":"Lagavulin","floor":11,"turns":6},{"damage":1,"enemies":"3 Sentries","floor":12,"turns":4},{"damage":0,"enemies":"3 Louse","floor":13,"turns":4},{"damage":1,"enemies":"Red Slaver","floor":14,"turns":2},{"damage":28,"enemies":"The Guardian","floor":16,"turns":11},{"damage":16,"enemies":"2 Thieves","floor":18,"turns":5},{"damage":0,"enemies":"Spheric Guardian","floor":22,"turns":3},{"damage":36,"enemies":"Slavers","floor":23,"turns":5},{"damage":29,"enemies":"3 Cultists","floor":25,"turns":5},{"damage":0,"enemies":"Cultist and Chosen","floor":27,"turns":4},{"damage":8,"enemies":"Chosen and Byrds","floor":28,"turns":4},{"damage":17,"enemies":"Gremlin Leader","floor":30,"turns":7},{"damage":17,"enemies":"Champ","floor":33,"turns":8},{"damage":0,"enemies":"3 Shapes","floor":35,"turns":4},{"damage":0,"enemies":"Orb Walker","floor":36,"turns":2},{"damage":62,"enemies":"2 Orb Walkers","floor":38,"turns":5},{"damage":16,"enemies":"R_Hoarder","floor":41,"turns":4}],"seed_played":"-5232626903304331756","potions_obtained":[{"floor":5,"key":"EntropicBrew"},{"floor":8,"key":"Venom Potion"},{"floor":11,"key":"ColorlessPotion"},{"floor":14,"key":"ColorlessPotion"},{"floor":16,"key":"Elixir"},{"floor":18,"key":"SteroidPotion"},{"floor":22,"key":"Languid Potion"},{"floor":27,"key":"Venom Potion"},{"floor":28,"key":"Ancient Potion"},{"floor":33,"key":"SkillPotion"}],"is_trial":false,"path_per_floor":["M","?","M","?","M","R","E","M","T","$","E","?","M","M","R","B",null,"M","?","$","?","M","E","R","M","T","M","M","R","E","$","R","B",null,"M","M","$","?","?","R","E"],"character_chosen":"DEFECT","items_purchased":["Beam Cell","Go for the Eyes","Gash","Panache+1","Flash of Steel","Scrape"],"campfire_rested":2,"item_purchase_floors":[20,20,31,31,31,37],"current_hp_per_floor":[74,74,73,73,69,69,60,45,45,60,31,30,34,33,33,5,75,59,59,74,74,74,38,38,9,9,9,1,23,6,21,43,26,75,75,75,75,13,13,13,0,0],"gold":147,"neow_bonus":"THREE_CARDS","is_daily":false,"chose_seed":false,"campfire_upgraded":4,"win_rate":0.0,"timestamp":1608601321,"path_taken":["M","?","M","?","?","R","E","M","T","$","E","?","M","M","R","BOSS","M","?","$","?","?","E","R","M","T","M","M","R","E","$","R","BOSS","M","M","$","?","?","R","E"],"items_purchased_type":["Card","Card","Card","Card","Card","Card"],"build_version":"2020-12-13","purchased_purges":4,"victory":false,"max_hp_per_floor":[75,75,75,75,75,75,75,75,75,75,75,75,75,75,75,75,75,75,75,75,75,75,75,75,75,75,75,75,75,75,75,75,75,75,75,75,75,75,75,75,75,75],"card_choices":[{"not_picked":["Leap","hubris:PowerSurge"],"picked":"StuffTheSpire:Plugnplay","floor":1},{"not_picked":["Barrage","Stack"],"picked":"Chill","floor":3},{"not_picked":["hubris:DoWhile","Rebound"],"picked":"Ball Lightning","floor":5},{"not_picked":["Gash","Panic Button"],"picked":"StuffTheSpire:Rend","floor":7},{"not_picked":["Redo","Panic Button"],"picked":"Scrape","floor":8},{"not_picked":["StuffTheSpire:GlassShard","Lockon","Barrage"],"picked":"SKIP","floor":11},{"not_picked":["Turbo","Lockon"],"picked":"Genetic Algorithm","floor":12},{"not_picked":["Genetic Algorithm","Ball Lightning"],"picked":"Gash","floor":13},{"not_picked":["Undo","Streamline"],"picked":"Coolheaded","floor":14},{"not_picked":["Amplify","hubris:SpecializedCircuitry+1"],"picked":"Echo Form+1","floor":16},{"not_picked":["StuffTheSpire:LoadUp","Consume","Compile Driver"],"picked":"Steam Power","floor":18},{"not_picked":["Sunder+1","hubris:PowerSurge+1","Sweeping Beam+1"],"picked":"Hologram","floor":22},{"not_picked":["Streamline","ReplayRNGCard","Steam Power"],"picked":"Leap","floor":23},{"not_picked":["Rebound","Skim","Lockon"],"picked":"Ball Lightning","floor":25},{"not_picked":["hubris:Ukulele","Conserve Battery","Compile Driver+1"],"picked":"Turbo","floor":27},{"not_picked":["Go for the Eyes+1","ReplaySort","Compile Driver"],"picked":"Gash","floor":28},{"not_picked":["Machine Learning+1","ReplayTheSpireMod:Repulse","ReplayTheSpireMod:System Scan"],"picked":"StuffTheSpire:LaunchingStrike","floor":30},{"not_picked":["StuffTheSpire:LaunchingStrike","Rainbow","hubris:DoWhile"],"picked":"Reboot","floor":33},{"not_picked":["Sweeping Beam","StuffTheSpire:ShieldGenerator+1","Cold Snap"],"picked":"Beam Cell","floor":35},{"not_picked":["Self Repair+1","Steam Power","hubris:PowerSurge+1"],"picked":"Static Discharge+1","floor":36},{"not_picked":["Reinforced Body+1","ReplayTheSpireMod:System Scan","Steam+1"],"picked":"Hologram+1","floor":38}],"player_experience":90105,"relics_obtained":[{"floor":4,"key":"Ring of Panic"},{"floor":4,"key":"Ring of Greed"},{"floor":4,"key":"MealTicket"},{"floor":4,"key":"Old Coin"},{"floor":7,"key":"StuffTheSpire:EmeraldSignet"},{"floor":9,"key":"hubris:MysteriousPyramids"},{"floor":11,"key":"StoneCalendar"},{"floor":12,"key":"Anchor"},{"floor":23,"key":"Art of War"},{"floor":26,"key":"hubris:SoftwareUpdate"},{"floor":30,"key":"Gambling Chip"},{"floor":38,"key":"aspiration:HatOfInfinitePower"}],"event_choices":[{"damage_healed":0,"gold_gain":0,"player_choice":"Searched \u00271\u0027 times","damage_taken":0,"max_hp_gain":0,"max_hp_loss":0,"event_name":"Dead Adventurer","floor":12,"gold_loss":0},{"damage_healed":0,"gold_gain":0,"player_choice":"Inject Mutagens","damage_taken":0,"relics_obtained":["MutagenicStrength"],"max_hp_gain":0,"max_hp_loss":0,"event_name":"Drug Dealer","floor":19,"gold_loss":0},{"damage_healed":0,"gold_gain":0,"player_choice":"Traded Relic","damage_taken":0,"relics_obtained":["Nloth\u0027s Gift"],"max_hp_gain":0,"max_hp_loss":0,"event_name":"N\u0027loth","floor":21,"relics_lost":["StuffTheSpire:EmeraldSignet"],"gold_loss":0},{"damage_healed":0,"gold_gain":0,"player_choice":"Fight","damage_taken":0,"max_hp_gain":0,"max_hp_loss":0,"event_name":"Mysterious Sphere","floor":38,"gold_loss":0},{"damage_healed":0,"gold_gain":0,"player_choice":"Ignored","damage_taken":0,"max_hp_gain":0,"max_hp_loss":0,"event_name":"NoteForYourself","floor":39,"gold_loss":0}],"is_beta":false,"boss_relics":[{"not_picked":["ChewingGum","energizedSpire:SpiderWeb"],"picked":"Honey Jar"},{"not_picked":["FrozenCore","Replay:Wanted Poster"],"picked":"ReplayTheSpireMod:DimensionalGlitch"}],"items_purged_floors":[10,20,31,37],"is_endless":false,"potions_floor_spawned":[5,8,11,14,16,18,22,27,28,33],"killed_by":"R_Hoarder","ascension_level":0}}