{"host":"07ljfmttuzqopd7f","time":1608624506,"event":{"mods":["2.2 Compatiblity","BaseMod","Bestiary","Block Reminder","Colored Map","Colored Powertips","Curses Come First","Hermit","Minty Spire (QoL Compilation)","Quick Restart","Random Character Button","Rare Cards Sparkle","Relic Stats","StSLib","The Cursed","UnlockEverythingMod","everything is the same but u backflip on backflip"],"gold_per_floor":[115,215,233,243,243,243,254,273,326,326,19,40,58,78,78,201,201,220,319,319,333,346,346,4,48,48,48,87,112,112,237,237,367,367,391,18,32,45,70,70,101,101,101,121,164,227,8,71,71,71],"floor_reached":51,"playtime":2053,"items_purged":["hermit:Strike_Hermit","hermit:Shortfuse","hermit:HighCaliber"],"score":1074,"play_id":"9b966dd9-2453-4926-83d1-a267e8a75a94","local_time":"20201222030826","is_ascension_mode":true,"campfire_choices":[{"data":"hermit:GoldenBullet","floor":6,"key":"SMITH"},{"floor":15,"key":"REST"},{"floor":23,"key":"REST"},{"data":"hermit:Determination","floor":27,"key":"SMITH"},{"data":"hermit:HeroicBravado","floor":30,"key":"SMITH"},{"floor":32,"key":"REST"},{"data":"hermit:LoneWolf","floor":40,"key":"SMITH"},{"data":"hermit:Roughhouse","floor":42,"key":"SMITH"},{"floor":49,"key":"REST"}],"circlet_count":0,"master_deck":["hermit:Snapshot","hermit:Covet","hermit:GoldenBullet+1","hermit:Enervate","hermit:Feint","hermit:Cheat","hermit:Coalescence","hermit:Determination+1","hermit:WideOpen","hermit:Glare","hermit:Snipe","hermit:TakeAim","hermit:GhostlyPresence","hermit:Horror","hermit:Roughhouse+1","hermit:Glare","hermit:Snipe","hermit:Desperado","hermit:Spite","hermit:RoundhouseKick","hermit:LuckOfTheDraw","hermit:HeroicBravado+1","hermit:NoHoldsBarred+1","hermit:LoneWolf+1","hermit:Dissolve","hermit:Magnum+1","hermit:SprayPray+1","Decay","hermit:PistolWhip+1","hermit:Gestalt","hermit:DeadMansHand+1"],"relics":["SlaversCollar","Centennial Puzzle","Golden Idol","Orrery","Nloth\u0027s Gift","Eternal Feather","Pear","Molten Egg 2","Toy Ornithopter","Unceasing Top","Mercury Hourglass","Cursed Key","Bottled Lightning","Calipers","Blue Candle","Frozen Egg 2","hermit:RedScarf","hermit:PetGhost","Pocketwatch"],"acts_visited":["Exordium","TheCity","TheBeyond"],"potions_floor_usage":[16,22,31,33,33,46],"damage_taken":[{"damage":0,"enemies":"2 Louse","floor":1,"turns":3},{"damage":0,"enemies":"Cultist","floor":3,"turns":4},{"damage":8,"enemies":"Jaw Worm","floor":4,"turns":4},{"damage":11,"enemies":"Large Slime","floor":7,"turns":8},{"damage":0,"enemies":"3 Louse","floor":8,"turns":2},{"damage":8,"enemies":"Looter","floor":12,"turns":2},{"damage":2,"enemies":"Gremlin Gang","floor":13,"turns":6},{"damage":4,"enemies":"3 Louse","floor":14,"turns":4},{"damage":36,"enemies":"The Guardian","floor":16,"turns":9},{"damage":27,"enemies":"2 Thieves","floor":18,"turns":4},{"damage":10,"enemies":"Shell Parasite","floor":21,"turns":3},{"damage":0,"enemies":"Snecko","floor":22,"turns":3},{"damage":5,"enemies":"Gremlin Leader","floor":25,"turns":6},{"damage":8,"enemies":"Slavers","floor":28,"turns":4},{"damage":18,"enemies":"Snake Plant","floor":29,"turns":3},{"damage":11,"enemies":"Colosseum Slavers","floor":31,"turns":3},{"damage":19,"enemies":"Colosseum Nobs","floor":31,"turns":4},{"damage":14,"enemies":"Champ","floor":33,"turns":7},{"damage":1,"enemies":"Orb Walker","floor":35,"turns":3},{"damage":1,"enemies":"3 Shapes","floor":37,"turns":2},{"damage":1,"enemies":"Jaw Worm Horde","floor":38,"turns":3},{"damage":1,"enemies":"Sphere and 2 Shapes","floor":39,"turns":3},{"damage":9,"enemies":"Giant Head","floor":41,"turns":5},{"damage":22,"enemies":"Writhing Mass","floor":44,"turns":4},{"damage":1,"enemies":"Reptomancer","floor":45,"turns":4},{"damage":21,"enemies":"2 Orb Walkers","floor":46,"turns":3},{"damage":0,"enemies":"Mind Bloom Boss Battle","floor":48,"turns":3},{"damage":31,"enemies":"Time Eater","floor":50,"turns":7}],"seed_played":"-7999656679065049165","potions_obtained":[{"floor":1,"key":"BlessingOfTheForge"},{"floor":4,"key":"DuplicationPotion"},{"floor":13,"key":"LiquidMemories"},{"floor":25,"key":"hermit:BlackBile"},{"floor":29,"key":"AttackPotion"},{"floor":31,"key":"Block Potion"},{"floor":33,"key":"FairyPotion"},{"floor":37,"key":"DistilledChaos"},{"floor":46,"key":"DuplicationPotion"}],"is_trial":false,"path_per_floor":["M","?","M","M","?","R","M","M","T","?","$","M","M","M","R","B",null,"M","?","?","M","M","R","$","E","T","R","E","M","R","?","R","B",null,"M","$","M","M","M","R","E","R","T","M","E","?","$","?","R","B",null],"character_chosen":"HERMIT","items_purchased":["hermit:Determination","Orrery","Eternal Feather","Bottled Lightning","hermit:PetGhost","hermit:Gestalt"],"campfire_rested":4,"item_purchase_floors":[11,11,24,36,47,47],"current_hp_per_floor":[68,68,68,60,60,60,49,49,49,49,49,41,39,35,55,19,57,30,30,30,20,20,40,40,45,45,57,49,31,43,18,56,52,72,71,71,70,69,68,79,70,79,79,57,56,40,40,40,79,48],"gold":71,"neow_bonus":"BOSS_RELIC","is_daily":false,"chose_seed":false,"campfire_upgraded":5,"win_rate":0.0,"timestamp":1608624506,"path_taken":["M","?","?","M","?","R","M","M","T","?","$","M","M","M","R","BOSS","M","?","?","M","?","R","$","E","T","R","E","M","R","?","R","BOSS","M","$","M","M","M","R","E","R","T","M","E","?","$","?","R","BOSS"],"items_purchased_type":["Card","Relic","Relic","Relic","Relic","Card"],"build_version":"2020-12-13","purchased_purges":3,"victory":true,"max_hp_per_floor":[75,75,75,75,75,75,75,75,75,69,69,69,69,69,69,69,69,69,69,69,69,69,69,69,79,79,79,79,79,79,79,79,79,79,79,79,79,79,79,79,79,79,79,79,79,79,79,79,79,79],"relic_stats":{"Centennial Puzzle":[63],"counters":[28,116],"Golden Idol":205,"Blue Candle":[0],"Eternal Feather":77,"Nloth\u0027s Gift":6,"Cursed Key":1,"obtain_stats":[{"Pear":25,"Calipers":41,"Golden Idol":10,"Blue Candle":43,"Eternal Feather":24,"Frozen Egg 2":45,"Cursed Key":34,"Mercury Hourglass":31,"SlaversCollar":0,"Centennial Puzzle":9,"hermit:PetGhost":47,"Orrery":11,"Pandora\u0027s Box":17,"Molten Egg 2":26,"Nloth\u0027s Gift":20,"Bottled Lightning":36,"hermit:RedScarf":46,"hermit:Momento":0,"Toy Ornithopter":28,"Unceasing Top":31,"Pocketwatch":48},{"Pear":13,"Calipers":23,"Golden Idol":5,"Blue Candle":23,"Eternal Feather":12,"Frozen Egg 2":25,"Cursed Key":18,"Mercury Hourglass":17,"SlaversCollar":0,"Centennial Puzzle":5,"hermit:PetGhost":26,"Orrery":5,"Pandora\u0027s Box":9,"Molten Egg 2":13,"Nloth\u0027s Gift":10,"Bottled Lightning":19,"hermit:RedScarf":26,"hermit:Momento":0,"Toy Ornithopter":14,"Unceasing Top":17,"Pocketwatch":27},{"Pear":58,"Calipers":95,"Golden Idol":21,"Blue Candle":95,"Eternal Feather":52,"Frozen Egg 2":103,"Cursed Key":79,"Mercury Hourglass":72,"SlaversCollar":0,"Centennial Puzzle":21,"hermit:PetGhost":106,"Orrery":21,"Pandora\u0027s Box":42,"Molten Egg 2":58,"Nloth\u0027s Gift":46,"Bottled Lightning":82,"hermit:RedScarf":106,"hermit:Momento":0,"Toy Ornithopter":62,"Unceasing Top":72,"Pocketwatch":109}],"Toy Ornithopter":20,"Unceasing Top":[28],"Mercury Hourglass":[143],"Pocketwatch":[3]},"card_choices":[{"not_picked":["hermit:Horror","hermit:Ricochet"],"picked":"hermit:GoldenBullet","floor":1},{"not_picked":["hermit:HoleUp","hermit:LuckOfTheDraw"],"picked":"hermit:Enervate","floor":3},{"not_picked":["hermit:Shortfuse","hermit:LowProfile"],"picked":"hermit:Feint","floor":4},{"not_picked":["hermit:HighCaliber","hermit:HoleUp"],"picked":"hermit:Cheat","floor":7},{"not_picked":["hermit:LoneWolf","hermit:Roulette"],"picked":"hermit:Coalescence","floor":8},{"not_picked":["hermit:CalledShot","hermit:EyeOfTheStorm"],"picked":"hermit:WideOpen","floor":11},{"not_picked":["hermit:BigShot","hermit:Roughhouse"],"picked":"hermit:Glare","floor":11},{"not_picked":["hermit:BodyArmor","hermit:Dive"],"picked":"hermit:Snipe","floor":11},{"not_picked":["hermit:Scavenge","hermit:Glare"],"picked":"hermit:TakeAim","floor":12},{"not_picked":["hermit:Snipe","hermit:Misfire"],"picked":"hermit:GhostlyPresence","floor":13},{"not_picked":["hermit:Feint","hermit:LowProfile"],"picked":"hermit:Horror","floor":14},{"not_picked":["hermit:Purgatory","hermit:EternalForm"],"picked":"hermit:Roughhouse","floor":16},{"not_picked":["hermit:Misfire","hermit:WideOpen"],"picked":"hermit:LuckOfTheDraw","floor":18},{"not_picked":["hermit:Quickdraw","hermit:Coalescence","hermit:TakeAim"],"picked":"SKIP","floor":21},{"not_picked":["hermit:Manifest+1","hermit:Roughhouse"],"picked":"hermit:HeroicBravado","floor":22},{"not_picked":["hermit:ItchyTrigger","hermit:HoleUp","hermit:Grudge+1"],"picked":"SKIP","floor":25},{"not_picked":["hermit:Dissolve","hermit:Manifest"],"picked":"hermit:NoHoldsBarred+1","floor":28},{"not_picked":["hermit:Brawl","hermit:Misfire+1","hermit:Horror+1"],"picked":"SKIP","floor":29},{"not_picked":["hermit:Spite+1","hermit:PistolWhip+1"],"picked":"hermit:LoneWolf","floor":31},{"not_picked":["hermit:Reprieve","hermit:HeroicBravado"],"picked":"hermit:Dissolve","floor":33},{"not_picked":["hermit:Gestalt+1","hermit:TakeCover"],"picked":"hermit:Magnum+1","floor":35},{"not_picked":["hermit:WideOpen+1","hermit:ItchyTrigger+1","hermit:Misfire+1"],"picked":"SKIP","floor":37},{"not_picked":["hermit:GhostlyPresence","hermit:NoHoldsBarred+1"],"picked":"hermit:SprayPray+1","floor":38},{"not_picked":["hermit:Determination","hermit:TakeCover+1","hermit:Misfire+1"],"picked":"SKIP","floor":39},{"not_picked":["hermit:Glare","hermit:Spite+1","hermit:Reprieve"],"picked":"SKIP","floor":41},{"not_picked":["hermit:BigShot","hermit:Roulette+1","hermit:Vantage"],"picked":"SKIP","floor":44},{"not_picked":["hermit:Shortfuse+1","hermit:Maintenance","hermit:Purgatory+1"],"picked":"SKIP","floor":45},{"not_picked":["hermit:Brawl+1","hermit:BodyArmor"],"picked":"hermit:PistolWhip+1","floor":46},{"not_picked":["hermit:LowProfile+1","hermit:Cheat"],"picked":"hermit:DeadMansHand+1","floor":48}],"player_experience":455709,"relics_obtained":[{"floor":9,"key":"Centennial Puzzle"},{"floor":25,"key":"Pear"},{"floor":26,"key":"Molten Egg 2"},{"floor":28,"key":"Toy Ornithopter"},{"floor":31,"key":"Unceasing Top"},{"floor":31,"key":"Mercury Hourglass"},{"floor":41,"key":"Calipers"},{"floor":43,"key":"Blue Candle"},{"floor":45,"key":"Frozen Egg 2"},{"floor":46,"key":"hermit:RedScarf"},{"floor":48,"key":"Pocketwatch"}],"event_choices":[{"damage_healed":0,"gold_gain":100,"player_choice":"Pray","damage_taken":0,"max_hp_gain":0,"max_hp_loss":0,"event_name":"Golden Shrine","floor":2,"gold_loss":0},{"damage_healed":0,"gold_gain":0,"player_choice":"Ignored","damage_taken":0,"max_hp_gain":0,"max_hp_loss":0,"event_name":"Liars Game","floor":5,"gold_loss":0},{"damage_healed":0,"gold_gain":0,"player_choice":"Lose Max HP","damage_taken":0,"relics_obtained":["Golden Idol"],"max_hp_gain":0,"max_hp_loss":6,"event_name":"Golden Idol","floor":10,"gold_loss":0},{"damage_healed":0,"gold_gain":99,"player_choice":"Stole From Cult","damage_taken":0,"max_hp_gain":0,"max_hp_loss":0,"event_name":"Nest","floor":19,"gold_loss":0},{"damage_healed":0,"gold_gain":0,"player_choice":"Traded Relic","damage_taken":0,"relics_obtained":["Nloth\u0027s Gift"],"max_hp_gain":0,"max_hp_loss":0,"event_name":"N\u0027loth","floor":20,"relics_lost":["Pandora\u0027s Box"],"gold_loss":0},{"damage_healed":0,"gold_gain":0,"player_choice":"Fight","damage_taken":0,"max_hp_gain":0,"max_hp_loss":0,"event_name":"Colosseum","floor":31,"gold_loss":0},{"damage_healed":0,"gold_gain":0,"player_choice":"Fought Nobs","damage_taken":0,"max_hp_gain":0,"max_hp_loss":0,"event_name":"Colosseum","floor":31,"gold_loss":0},{"damage_healed":0,"gold_gain":0,"player_choice":"Fight","damage_taken":0,"max_hp_gain":0,"max_hp_loss":0,"event_name":"Mysterious Sphere","floor":46,"gold_loss":0},{"damage_healed":0,"gold_gain":0,"player_choice":"Fight","damage_taken":0,"max_hp_gain":0,"max_hp_loss":0,"event_name":"MindBloom","floor":48,"gold_loss":0}],"is_beta":false,"boss_relics":[{"not_picked":["Velvet Choker","Tiny House"],"picked":"Pandora\u0027s Box"},{"not_picked":["hermit:BartenderGlass","Runic Dome"],"picked":"Cursed Key"}],"items_purged_floors":[11,24,36],"is_endless":false,"potions_floor_spawned":[1,4,13,25,29,31,33,37,41,45,46,48],"ascension_level":9}}