{"host":"yp47u74hk6n79vj1","time":1608667144,"event":{"mods":["BaseMod","Minty Spire (QoL Compilation)"],"gold_per_floor":[119,134,154,254,110,142,152,152,178,78,96,124,124,135,135,230,230,240,255,274,274,274],"floor_reached":21,"playtime":1129,"items_purged":["Strike_B","Strike_B"],"score":193,"play_id":"997c5724-f6e4-48a3-babc-7200dfaf50d3","local_time":"20201222145904","is_ascension_mode":false,"campfire_choices":[{"data":"Loop","floor":8,"key":"SMITH"},{"data":"Defragment","floor":13,"key":"SMITH"},{"data":"Turbo","floor":15,"key":"SMITH"}],"circlet_count":0,"master_deck":["Strike_B","Strike_B","Defend_B","Defend_B","Defend_B","Defend_B","Zap","Dualcast","Turbo","Loop+1","Turbo+1","Skim","Reboot","Leap","Go for the Eyes","Defragment+1","White Noise","Sweeping Beam+1"],"relics":["Cracked Core","MealTicket","Strawberry","Inserter"],"acts_visited":["Exordium","TheCity"],"potions_floor_usage":[6,6,6,12,16,18,19,20],"damage_taken":[{"damage":0,"enemies":"Small Slimes","floor":1,"turns":3},{"damage":1,"enemies":"Cultist","floor":2,"turns":3},{"damage":0,"enemies":"2 Louse","floor":3,"turns":3},{"damage":8,"enemies":"3 Sentries","floor":6,"turns":10},{"damage":2,"enemies":"Large Slime","floor":7,"turns":5},{"damage":4,"enemies":"Blue Slaver","floor":11,"turns":4},{"damage":17,"enemies":"Lagavulin","floor":12,"turns":6},{"damage":10,"enemies":"Exordium Wildlife","floor":14,"turns":4},{"damage":31,"enemies":"The Guardian","floor":16,"turns":10},{"damage":34,"enemies":"2 Thieves","floor":18,"turns":5},{"damage":15,"enemies":"Spheric Guardian","floor":19,"turns":5},{"damage":12,"enemies":"Snake Plant","floor":20,"turns":5},{"damage":30,"enemies":"Cultist and Chosen","floor":21,"turns":5}],"seed_played":"5857232553223894995","potions_obtained":[{"floor":1,"key":"EntropicBrew"},{"floor":3,"key":"Strength Potion"},{"floor":6,"key":"FocusPotion"},{"floor":12,"key":"ColorlessPotion"},{"floor":16,"key":"Swift Potion"},{"floor":18,"key":"DuplicationPotion"},{"floor":20,"key":"FearPotion"}],"is_trial":false,"path_per_floor":["M","M","M","?","$","E","M","R","T","$","M","E","R","M","R","B",null,"M","M","M","M"],"character_chosen":"DEFECT","items_purchased":["Reboot"],"campfire_rested":0,"item_purchase_floors":[5],"current_hp_per_floor":[75,74,74,74,74,66,64,64,64,75,71,61,61,51,51,20,82,48,33,21,0,0],"gold":274,"neow_bonus":"THREE_CARDS","is_daily":false,"chose_seed":false,"campfire_upgraded":3,"win_rate":0.0,"timestamp":1608667144,"path_taken":["M","M","M","?","$","E","?","R","T","?","?","E","R","?","R","BOSS","M","M","M","M"],"items_purchased_type":["Card"],"build_version":"2020-12-13","purchased_purges":2,"victory":false,"max_hp_per_floor":[75,75,75,75,75,75,75,75,75,75,75,82,82,82,82,82,82,82,82,82,82,82],"card_choices":[{"not_picked":["Sweeping Beam","Streamline"],"picked":"Turbo","floor":0},{"not_picked":["Steam Power","Barrage"],"picked":"Loop","floor":1},{"not_picked":["Lockon","Undo"],"picked":"Turbo","floor":2},{"not_picked":["Barrage","Storm"],"picked":"Skim","floor":3},{"not_picked":["BootSequence","Static Discharge"],"picked":"Leap","floor":6},{"not_picked":["Coolheaded","BootSequence"],"picked":"Go for the Eyes","floor":7},{"not_picked":["BootSequence","Scrape","Heatsinks"],"picked":"SKIP","floor":11},{"not_picked":["Fusion","Fission"],"picked":"Defragment","floor":12},{"not_picked":["Steam Power","Redo","Fusion"],"picked":"SKIP","floor":14},{"not_picked":["Redo","Beam Cell"],"picked":"White Noise","floor":18},{"not_picked":["Aggregate","Coolheaded","Leap+1"],"picked":"SKIP","floor":19},{"not_picked":["Hello World","Turbo"],"picked":"Sweeping Beam+1","floor":20}],"player_experience":492288,"relics_obtained":[{"floor":6,"key":"MealTicket"},{"floor":12,"key":"Strawberry"}],"event_choices":[{"damage_healed":0,"gold_gain":100,"player_choice":"Pray","damage_taken":0,"max_hp_gain":0,"max_hp_loss":0,"event_name":"Golden Shrine","floor":4,"gold_loss":0}],"is_beta":false,"boss_relics":[{"not_picked":["Calling Bell","Coffee Dripper"],"picked":"Inserter"}],"items_purged_floors":[5,10],"is_endless":false,"potions_floor_spawned":[1,3,6,12,16,18,20],"killed_by":"Cultist and Chosen","ascension_level":0}}