{"host":"pletss163z7s8pvv","time":1608604959,"event":{"mods":["AchievementEnabler","BaseMod","Colored Map","Colored Powertips","Minty Spire (QoL Compilation)"],"gold_per_floor":[114,114,43,43,58,58,73,103,103,118,133,30,30,45,45,145,145,160,175,175,175,190,190,205,220,270,285,285,285,300,300,300],"floor_reached":31,"playtime":934,"items_purged":[],"score":241,"play_id":"7648308b-aa92-4ff9-8990-026d816ad2bc","local_time":"20201221204239","daily_mods":["Allstar","Diverse","DeadlyEvents"],"is_ascension_mode":false,"campfire_choices":[{"data":"Double Energy","floor":6,"key":"SMITH"},{"floor":13,"key":"REST"},{"data":"Enlightenment","floor":15,"key":"SMITH"},{"floor":23,"key":"REST"},{"floor":28,"key":"REST"}],"circlet_count":0,"master_deck":["Strike_B+1","Strike_B+1","Strike_B+1","Strike_B+1","Defend_B+1","Defend_B+1","Defend_B+1","Defend_B+1","Zap","Dualcast","Chrysalis","Enlightenment+1","Good Instincts","The Bomb","Thinking Ahead","BootSequence","Clash","PathToVictory","Die Die Die","Double Energy+1","Consecrate","Fiend Fire","EmptyFist","Creative AI","Consecrate","Metallicize","WindmillStrike","Echo Form","Anger+1","Fusion","Flying Knee","Electrodynamics","Pommel Strike+1","Flex"],"relics":["Cracked Core","Unceasing Top","Letter Opener","Black Star","Strawberry","Sundial"],"acts_visited":["Exordium","TheCity"],"potions_floor_usage":[16,16,16,27],"damage_taken":[{"damage":11,"enemies":"Jaw Worm","floor":1,"turns":3},{"damage":0,"enemies":"2 Louse","floor":5,"turns":3},{"damage":0,"enemies":"Cultist","floor":7,"turns":4},{"damage":31,"enemies":"Lagavulin","floor":8,"turns":5},{"damage":0,"enemies":"2 Fungi Beasts","floor":10,"turns":2},{"damage":0,"enemies":"3 Louse","floor":11,"turns":2},{"damage":10,"enemies":"Looter","floor":14,"turns":3},{"damage":26,"enemies":"Slime Boss","floor":16,"turns":8},{"damage":9,"enemies":"2 Thieves","floor":18,"turns":3},{"damage":50,"enemies":"Shell Parasite","floor":19,"turns":7},{"damage":15,"enemies":"Snake Plant","floor":22,"turns":4},{"damage":0,"enemies":"Chosen and Byrds","floor":24,"turns":4},{"damage":9,"enemies":"Centurion and Healer","floor":25,"turns":5},{"damage":23,"enemies":"Snake Plant","floor":27,"turns":3},{"damage":21,"enemies":"Sentry and Sphere","floor":30,"turns":4},{"damage":10,"enemies":"Centurion and Healer","floor":31,"turns":2}],"seed_played":"-7682526130134428503","potions_obtained":[{"floor":5,"key":"SteroidPotion"},{"floor":7,"key":"Block Potion"},{"floor":10,"key":"EssenceOfSteel"},{"floor":14,"key":"LiquidBronze"},{"floor":18,"key":"FearPotion"},{"floor":25,"key":"Strength Potion"},{"floor":27,"key":"SneckoOil"}],"is_trial":false,"path_per_floor":["M","?","$","?","M","R","M","E","T","M","M","$","R","M","R","B",null,"M","M","?","?","M","R","M","M","T","M","R","T","M","M"],"character_chosen":"DEFECT","items_purchased":["Clash","PathToVictory","Consecrate","Metallicize"],"campfire_rested":3,"item_purchase_floors":[3,3,12,12],"current_hp_per_floor":[64,69,69,69,69,69,69,38,38,38,38,38,62,52,52,26,80,71,21,21,21,6,30,30,21,28,5,31,31,10,0,0],"gold":300,"neow_bonus":"","is_daily":true,"chose_seed":false,"campfire_upgraded":2,"win_rate":0.0,"timestamp":1608604959,"path_taken":["M","?","$","?","M","R","M","?","T","M","M","$","R","M","R","BOSS","M","M","?","?","M","R","M","?","T","M","R","?","M","M"],"items_purchased_type":["Card","Card","Card","Card"],"build_version":"2020-12-13","purchased_purges":0,"victory":false,"max_hp_per_floor":[75,80,80,80,80,80,80,80,80,80,80,80,80,80,80,80,80,80,80,80,80,80,80,80,80,87,87,87,87,87,87,87],"card_choices":[{"not_picked":["Shrug It Off","Skewer"],"picked":"BootSequence","floor":1},{"not_picked":["Sucker Punch","Shrug It Off"],"picked":"Double Energy","floor":5},{"not_picked":["Collect","Cloak And Dagger"],"picked":"Consecrate","floor":7},{"not_picked":["Conserve Battery","EmptyFist"],"picked":"Fiend Fire","floor":8},{"not_picked":["Adaptation","Acrobatics"],"picked":"EmptyFist","floor":10},{"not_picked":["Bane","Redo"],"picked":"Creative AI","floor":11},{"not_picked":["Lockon","Poisoned Stab"],"picked":"WindmillStrike","floor":14},{"not_picked":["Die Die Die","Malaise"],"picked":"Echo Form","floor":16},{"not_picked":["Capacitor","Barrage"],"picked":"Anger+1","floor":18},{"not_picked":["Bouncing Flask","Heavy Blade+1","Leg Sweep"],"picked":"SKIP","floor":19},{"not_picked":["Flying Knee","Gash"],"picked":"Fusion","floor":22},{"not_picked":["Halt","Combust"],"picked":"Flying Knee","floor":24},{"not_picked":["Leap","Body Slam+1"],"picked":"Electrodynamics","floor":25},{"not_picked":["Indignation","Skewer+1"],"picked":"Pommel Strike+1","floor":27},{"not_picked":["Cold Snap+1","PathToVictory+1"],"picked":"Flex","floor":30}],"player_experience":394234,"relics_obtained":[{"floor":8,"key":"Unceasing Top"},{"floor":9,"key":"Letter Opener"},{"floor":26,"key":"Strawberry"},{"floor":29,"key":"Sundial"}],"event_choices":[{"damage_healed":0,"gold_gain":0,"player_choice":"Donut","damage_taken":0,"max_hp_gain":5,"max_hp_loss":0,"event_name":"Big Fish","floor":2,"gold_loss":0},{"damage_healed":0,"gold_gain":0,"player_choice":"1 cards matched","damage_taken":0,"max_hp_gain":0,"max_hp_loss":0,"event_name":"Match and Keep!","floor":4,"gold_loss":0,"cards_obtained":["Die Die Die"]},{"damage_healed":0,"gold_gain":0,"player_choice":"Ignored","damage_taken":0,"max_hp_gain":0,"max_hp_loss":0,"event_name":"Beggar","floor":20,"gold_loss":0},{"damage_healed":0,"gold_gain":0,"player_choice":"Simplicity","damage_taken":0,"max_hp_gain":0,"max_hp_loss":0,"event_name":"Back to Basics","floor":21,"gold_loss":0,"cards_upgraded":["Strike_B","Strike_B","Strike_B","Strike_B","Defend_B","Defend_B","Defend_B","Defend_B"]}],"is_beta":false,"boss_relics":[{"not_picked":["Cursed Key","Inserter"],"picked":"Black Star"}],"items_purged_floors":[],"is_endless":false,"potions_floor_spawned":[5,7,10,14,18,25,27],"killed_by":"Centurion and Healer","ascension_level":0}}