{"host":"9d83omykrosjn1d3","time":1608652984,"event":{"mods":["AchievementEnabler","BaseMod","BetterRewards","Card Forge","Hubris","MarisaÅiñ∂âJÅ@ñÇóùçπÅj","Minty Spire (QoL Compilation)","Permanent Neow","Shop Mod","StSLib","SuperFastMode","The Necromancer"],"gold_per_floor":[118,118,118,144,219,244,277,302,302,332,357,388,388,413,413,518,518,534,428,441,453,33,63,93,122,145,181,215,247,247,281,281,379,379,398,66,115,166,235,264,313,360,398,446,493,505,555,601,613,625,637,649,100,134,134],"floor_reached":56,"playtime":14820,"items_purged":["Toxic_Smoke_Screen","Uncharnel","Toxic_Smoke_Screen","Corrupt"],"score":2160,"play_id":"330f9919-6be4-4a97-8282-1e366ec16bf7","local_time":"20201223010304","daily_mods":["SealedDeck","Heirloom","Flight","DeadlyEvents","Elite Swarm"],"is_ascension_mode":false,"campfire_choices":[{"data":"Summon_Death_Knight","floor":13,"key":"SMITH"},{"data":"Summon_Death_Knight","floor":15,"key":"SMITH"},{"data":"Summon_Death_Knight","floor":30,"key":"SMITH"},{"data":"Summon_Death_Knight","floor":32,"key":"SMITH"},{"data":"Summon_Death_Knight","floor":46,"key":"SMITH"},{"floor":49,"key":"RECALL"},{"data":"Summon_Death_Knight","floor":52,"key":"SMITH"}],"circlet_count":0,"master_deck":["Uncharnel","Consume_Illness","Spectral_Walk","Summon_Lich","Spectral_Armor","Summon_Lich","Siphon_Strength+1","Summon_Death_Knight+1","Summon_Death_Knight+1","Summon_Death_Knight+1","CurseOfTheBell","Summon_Vampire_Lady","Summon_Death_Knight+1","Summon_Vampire_Lady","Bone_Armory","Summon_Death_Knight+1","Summon_Vampire_Lady","Skeleton_Dragon","Summon_Death_Knight+1","Summon_Death_Knight"],"relics":["Vampire_Amulet","Hammer of Thor","Seething Fire","Anvil of the Gods","Unceasing Top","hubris:Towel","Strawberry","Gremlin Horn","hubris:64BitClover","CaptainsWheel","The Courier","hubris:SlimyHat","Bottled Tornado","Prayer Wheel","MealTicket","PreservedInsect","Mummified Hand","Turnip","MerchantsRug","Ice Cream","Medical Kit","hubris:FunFungus","Bag of Preparation","hubris:MedicalManual","CeramicFish","Anchor","Omamori","Ancient Tea Set","Mango","Philosopher\u0027s Stone","Oddly Smooth Stone","CatCart","Thread and Needle","MawBank","Art of War","Smiling Mask","Lantern","Pear","Vajra","hubris:Potato","Question Card","hubris:DeckOfHolding","Incense Burner","OrangePellets","hubris:Spice"],"acts_visited":["Exordium","TheCity","TheBeyond","TheEnding"],"potions_floor_usage":[],"damage_taken":[{"damage":1,"enemies":"2 Louse","floor":1,"turns":2},{"damage":23,"enemies":"3 Sentries","floor":6,"turns":6},{"damage":0,"enemies":"Lagavulin","floor":7,"turns":7},{"damage":13,"enemies":"3 Sentries","floor":8,"turns":5},{"damage":0,"enemies":"Lagavulin","floor":10,"turns":8},{"damage":0,"enemies":"Gremlin Nob","floor":11,"turns":9},{"damage":17,"enemies":"3 Sentries","floor":12,"turns":6},{"damage":8,"enemies":"Lagavulin","floor":14,"turns":7},{"damage":19,"enemies":"The Guardian","floor":16,"turns":13},{"damage":0,"enemies":"Chosen","floor":18,"turns":6},{"damage":0,"enemies":"3 Byrds","floor":20,"turns":3},{"damage":0,"enemies":"3 Cultists","floor":21,"turns":4},{"damage":9,"enemies":"Book of Stabbing","floor":23,"turns":5},{"damage":23,"enemies":"Slavers","floor":24,"turns":6},{"damage":0,"enemies":"Book of Stabbing","floor":25,"turns":5},{"damage":0,"enemies":"Gremlin Leader","floor":27,"turns":5},{"damage":0,"enemies":"Slavers","floor":28,"turns":3},{"damage":0,"enemies":"Gremlin Leader","floor":29,"turns":5},{"damage":0,"enemies":"Book of Stabbing","floor":31,"turns":5},{"damage":0,"enemies":"Collector","floor":33,"turns":10},{"damage":2,"enemies":"3 Darklings","floor":35,"turns":4},{"damage":0,"enemies":"Orin","floor":37,"turns":9},{"damage":4,"enemies":"2 Orb Walkers","floor":38,"turns":5},{"damage":0,"enemies":"Reptomancer","floor":40,"turns":5},{"damage":5,"enemies":"Nemesis","floor":41,"turns":6},{"damage":12,"enemies":"Reptomancer","floor":42,"turns":6},{"damage":0,"enemies":"Nemesis","floor":44,"turns":5},{"damage":0,"enemies":"Giant Head","floor":45,"turns":6},{"damage":0,"enemies":"Reptomancer","floor":47,"turns":3},{"damage":0,"enemies":"Giant Head","floor":48,"turns":7},{"damage":0,"enemies":"Time Eater","floor":50,"turns":9},{"damage":0,"enemies":"Shield and Spear","floor":54,"turns":4},{"damage":0,"enemies":"The Heart","floor":55,"turns":11}],"seed_played":"3556298819230802282","potions_obtained":[{"floor":1,"key":"SteroidPotion"},{"floor":8,"key":"Block Potion"},{"floor":11,"key":"Swift Potion"},{"floor":21,"key":"AttackPotion"},{"floor":24,"key":"AttackPotion"},{"floor":28,"key":"Explosive Potion"},{"floor":29,"key":"FearPotion"},{"floor":38,"key":"AttackPotion"},{"floor":40,"key":"GamblersBrew"},{"floor":42,"key":"ColorlessPotion"}],"is_trial":true,"path_per_floor":["M","?","?","T","?","E","E","E","T","E","E","E","R","E","R","B",null,"M","$","M","M","$","E","E","E","T","E","E","E","R","E","R","B",null,"M","$","?","?","T","E","E","E","T","E","E","R","E","E","R","B",null,"R","$","E","B",null],"character_chosen":"NECROMANCER","items_purchased":["MerchantsRug","Ice Cream","Medical Kit","Bone_Armory","Summon_Death_Knight","Oddly Smooth Stone","hubris:DeckOfHolding","Incense Burner","OrangePellets"],"campfire_rested":0,"item_purchase_floors":[19,22,22,36,36,36,53,53,53],"current_hp_per_floor":[75,75,75,82,71,54,59,52,52,57,59,48,48,42,42,25,82,82,82,82,82,82,75,62,76,76,82,82,82,82,96,96,96,96,96,96,96,96,96,96,96,96,96,106,106,106,106,106,106,106,106,106,106,114,114],"gold":134,"neow_bonus":"","is_daily":false,"chose_seed":false,"campfire_upgraded":6,"win_rate":0.0,"timestamp":1608652984,"path_taken":["M","?","?","?","?","E","E","E","T","E","E","?","R","E","R","BOSS","M","$","?","M","$","E","E","E","T","E","E","E","R","E","R","BOSS","M","$","?","?","?","E","E","E","T","E","E","R","E","E","R","BOSS","R","$","E","BOSS"],"items_purchased_type":["Relic","Relic","Relic","Card","Card","Relic","Relic","Relic","Relic"],"build_version":"2020-12-13","purchased_purges":4,"victory":true,"max_hp_per_floor":[75,75,75,82,82,82,82,82,82,82,82,82,82,82,82,82,82,82,82,82,82,82,82,82,82,82,82,82,82,82,96,96,96,96,96,96,96,96,96,96,96,96,96,106,106,106,106,106,106,106,106,106,106,114,114],"card_choices":[{"not_picked":["Shackles_Of_Pain","Blood_Curse"],"picked":"Siphon_Strength","floor":1},{"not_picked":["Negative_Energy_Bomb","Requiem"],"picked":"Summon_Death_Knight","floor":6},{"not_picked":["Blood_Magic","Blood_Wake","Detonate_Bones"],"picked":"SKIP","floor":7},{"not_picked":["Hellfire","Blood_Wake"],"picked":"Summon_Death_Knight","floor":8},{"not_picked":["Grasp_Heart","Negative_Energy_Bomb","Detonate_Bones"],"picked":"SKIP","floor":10},{"not_picked":["Requiem","Detonate_Bones","Skeleton_Dragon"],"picked":"SKIP","floor":11},{"not_picked":["Blood_Wake","Blood_Magic","Cloudkill"],"picked":"SKIP","floor":12},{"not_picked":["Grasp_Heart","Blood_Magic","Skeleton_Dragon"],"picked":"SKIP","floor":14},{"not_picked":["Detonate_Bones","Negative_Energy_Bomb"],"picked":"Summon_Death_Knight","floor":16},{"not_picked":["Negative_Energy_Mist+1","Chill_Blood","Uncharnel+1"],"picked":"SKIP","floor":18},{"not_picked":["Consume_Illness","Bone_Spikes+1","Negative_Energy_Sphere"],"picked":"SKIP","floor":18},{"not_picked":["Necromantic_Selection","Bone_Shift+1","Reap_The_Weak"],"picked":"SKIP","floor":20},{"not_picked":["Vampiric_Strike","Blood_Curse","Bone_Spikes"],"picked":"SKIP","floor":20},{"not_picked":["Consume_Illness+1","Blood_Curse","Uncharnel"],"picked":"SKIP","floor":21},{"not_picked":["Life_Tap","Pandemic","Uncharnel"],"picked":"SKIP","floor":21},{"not_picked":["Cloudkill","Blood_Wake","Skeleton_Dragon"],"picked":"SKIP","floor":23},{"not_picked":["Blood_Wake","Skeleton_Dragon"],"picked":"Summon_Vampire_Lady","floor":24},{"not_picked":["Cloudkill","Detonate_Bones","Reap_The_Weak"],"picked":"SKIP","floor":25},{"not_picked":["Blood_Magic","Cloudkill"],"picked":"Summon_Death_Knight","floor":27},{"not_picked":["Hellfire","Blood_Magic","Skeleton_Dragon"],"picked":"SKIP","floor":28},{"not_picked":["Detonate_Bones","Cloudkill","Grasp_Heart"],"picked":"SKIP","floor":29},{"not_picked":["Skeleton_Dragon","Cloudkill"],"picked":"Summon_Vampire_Lady","floor":31},{"not_picked":["Consume_Illness","Negative_Energy_Shield+1","Bone_Bullets+1"],"picked":"SKIP","floor":35},{"not_picked":["Blood_Is_Power+1","Blood_Curse","Bone_Prison"],"picked":"SKIP","floor":35},{"not_picked":["Negative_Energy_Bomb","Blood_Magic","Blood_Wake"],"picked":"SKIP","floor":40},{"not_picked":["Detonate_Bones","Reap_The_Weak"],"picked":"Summon_Vampire_Lady","floor":41},{"not_picked":["Grasp_Heart","Detonate_Bones","Negative_Energy_Bomb"],"picked":"SKIP","floor":42},{"not_picked":["Detonate_Bones","Blood_Wake"],"picked":"Skeleton_Dragon","floor":44},{"not_picked":["Blood_Wake","Skeleton_Dragon"],"picked":"Summon_Death_Knight","floor":45},{"not_picked":["Summon_Vampire_Lady","Blood_Magic"],"picked":"Summon_Death_Knight","floor":47},{"not_picked":["Requiem","Negative_Energy_Bomb","Reap_The_Weak"],"picked":"SKIP","floor":48},{"not_picked":["Hellfire","Cloudkill","Blood_Magic","Detonate_Bones"],"picked":"SKIP","floor":54}],"player_experience":722626,"relics_obtained":[{"floor":4,"key":"Strawberry"},{"floor":6,"key":"Gremlin Horn"},{"floor":7,"key":"hubris:64BitClover"},{"floor":8,"key":"CaptainsWheel"},{"floor":9,"key":"The Courier"},{"floor":10,"key":"hubris:SlimyHat"},{"floor":11,"key":"Bottled Tornado"},{"floor":12,"key":"Prayer Wheel"},{"floor":14,"key":"MealTicket"},{"floor":17,"key":"PreservedInsect"},{"floor":17,"key":"Mummified Hand"},{"floor":17,"key":"Turnip"},{"floor":23,"key":"hubris:FunFungus"},{"floor":24,"key":"Bag of Preparation"},{"floor":25,"key":"hubris:MedicalManual"},{"floor":26,"key":"CeramicFish"},{"floor":27,"key":"Anchor"},{"floor":28,"key":"Omamori"},{"floor":29,"key":"Ancient Tea Set"},{"floor":31,"key":"Mango"},{"floor":37,"key":"CatCart"},{"floor":38,"key":"Thread and Needle"},{"floor":40,"key":"MawBank"},{"floor":41,"key":"Art of War"},{"floor":42,"key":"Smiling Mask"},{"floor":43,"key":"Lantern"},{"floor":44,"key":"Pear"},{"floor":45,"key":"Vajra"},{"floor":47,"key":"hubris:Potato"},{"floor":48,"key":"Question Card"},{"floor":54,"key":"hubris:Spice"}],"event_choices":[{"damage_healed":0,"gold_gain":75,"player_choice":"Gather Gold","damage_taken":11,"max_hp_gain":0,"max_hp_loss":0,"event_name":"World of Goop","floor":5,"gold_loss":0},{"damage_healed":0,"gold_gain":0,"player_choice":"Fight","damage_taken":0,"max_hp_gain":0,"max_hp_loss":0,"event_name":"OrinTheCat","floor":37,"gold_loss":0},{"damage_healed":0,"gold_gain":0,"player_choice":"Fight","damage_taken":0,"max_hp_gain":0,"max_hp_loss":0,"event_name":"Mysterious Sphere","floor":38,"gold_loss":0}],"is_beta":false,"boss_relics":[{"not_picked":["hubris:RunicObelisk","hubris:ScarierMask"],"picked":"Calling Bell"},{"not_picked":["SacredBark","hubris:TerracottaHorce"],"picked":"Philosopher\u0027s Stone"}],"items_purged_floors":[19,22,36,53],"is_endless":false,"potions_floor_spawned":[1,8,11,14,18,21,24,28,29,31,35,38,40,42,48],"ascension_level":0}}