{"host":"dwyzfvnzfcqffr30","time":1608643584,"event":{"mods":["2.2 Compatiblity","Act Like it!","BaseMod","Beaked The Cultist","Better Altar","Better Match","Better Note","Better Sensory Stone","Better Skull","Better Third Choice","Clockwork Mod","Colored Map","Colored Powertips","Conspire","Downfall","Elementarium","GifTheSpireLib","Halation","Hermit","Hubris","Infinite Spire","Ironclad Rager","Jedi Mod","Menagerie","Mimic Mod","Minty Spire (QoL Compilation)","Permanent Neow","Random Character Button","Replay The Spire","Spicy Shops","StSLib","Stuff the Spire","The Construct","The Disciple","The Druid","The Marked","TheFirefly","Trackpad","vexMod"],"gold_per_floor":[415,415,425,439,439,439,454,454,480,498,614,624,599,618,618,716,716,726,726,36,36,36,152,152,163,193,203,221,233,245,245,245],"floor_reached":31,"playtime":2051,"items_purged":["Normality"],"score":286,"play_id":"ce2f6c37-b143-4386-975f-4dfe8e158abc","local_time":"20201222052624","is_ascension_mode":false,"campfire_choices":[{"floor":6,"key":"RECALL"},{"floor":8,"key":"REST"},{"floor":15,"key":"REST"},{"floor":24,"key":"REST"}],"circlet_count":0,"master_deck":["theMarked:Strike+1","theMarked:Strike+1","theMarked:Strike+1","theMarked:Strike+1","theMarked:Strike+1","theMarked:Defend+1","theMarked:Defend+1","theMarked:Defend+1","theMarked:Defend+1","theMarked:SoldierOfQuellstein+1","theMarked:Reabsorb+1","MasterReality+1","theMarked:ResourceFulStrike+1","theMarked:EnhancedHearing+1","theMarked:HeightenedSenses+1","hubris:EnhanceAbility+1","theMarked:ChainLightning+1","theMarked:Overcharge+1","theMarked:Polarize+1","theMarked:SuspiciousRaven+1","theMarked:ThrowWeapon+1","theMarked:Aftermath+1","theMarked:Opportunist+1","theMarked:ComboAttacks+1","theMarked:Challenge+1"],"relics":["theMarked:ArtifactOfAir","Bottled Tornado","Quantum Egg","Frozen Egg 2","Toxic Egg 2","Molten Egg 2","Juzu Bracelet","StuffTheSpire:TintedRock","hubris:EvacipatedBox","hubris:FruitBowl","hubris:Icosahedron","Replay:Baseball","Vajra","vexMod:CursedCompass","StrikeDummy","Akabeko","halation:SwordOfLegend","halation:BottledLove","SlaversCollar","Du-Vu Doll","Ice Cream"],"acts_visited":["Menagerie:Menagerie","Elementarium:Elementarium"],"potions_floor_usage":[16,16,16,18,25,29,29,31],"damage_taken":[{"damage":0,"enemies":"Menagerie:StygianBoar","floor":1,"turns":2},{"damage":0,"enemies":"Menagerie:MonstrousExperiment","floor":3,"turns":4},{"damage":0,"enemies":"Menagerie:2_RABBITS","floor":4,"turns":2},{"damage":0,"enemies":"Menagerie:Hexasnake","floor":7,"turns":3},{"damage":0,"enemies":"Menagerie:3_RABBITS","floor":10,"turns":3},{"damage":0,"enemies":"Menagerie:Hydra","floor":11,"turns":4},{"damage":5,"enemies":"Menagerie:RedMage","floor":12,"turns":3},{"damage":3,"enemies":"Menagerie:MENAGERIE_WILDLIFE","floor":14,"turns":2},{"damage":1,"enemies":"Menagerie:AVATARS","floor":16,"turns":4},{"damage":0,"enemies":"Elementarium:Cyclone","floor":18,"turns":4},{"damage":15,"enemies":"Nightmare","floor":23,"turns":6},{"damage":9,"enemies":"Elementarium:MUD_AND_TAR_GOLEMS","floor":25,"turns":3},{"damage":6,"enemies":"Elementarium:VoidBeast","floor":26,"turns":3},{"damage":16,"enemies":"Elementarium:VoidBeast","floor":27,"turns":3},{"damage":7,"enemies":"Elementarium:3_ELEMENTALS","floor":28,"turns":4},{"damage":15,"enemies":"Elementarium:RubyGolem","floor":29,"turns":2},{"damage":12,"enemies":"Elementarium:STONE_GOLEMS","floor":30,"turns":3},{"damage":6,"enemies":"Elementarium:VoidBeast","floor":31,"turns":1}],"seed_played":"-9088409106934119909","potions_obtained":[{"floor":1,"key":"Strength Potion"},{"floor":3,"key":"SkillPotion"},{"floor":7,"key":"SpeedPotion"},{"floor":12,"key":"EssenceOfSteel"},{"floor":16,"key":"Weak Potion"},{"floor":23,"key":"Elixir"},{"floor":27,"key":"Slimebound:ThreeZeroPotion"},{"floor":29,"key":"Dexterity Potion"},{"floor":30,"key":"jedi:StrikingPotion"}],"is_trial":false,"path_per_floor":["M","?","M","M","?","R","M","R","T","M","E","M","?","M","R","B",null,"M","?","$","?","AVR","NM","R","M","MIM","M","M","M","M","M"],"character_chosen":"THE_DEFAULT","items_purchased":["StrikeDummy","Akabeko","halation:SwordOfLegend","Regen Potion","Milkshake"],"campfire_rested":3,"item_purchase_floors":[20,20,20,20,20],"current_hp_per_floor":[70,70,70,70,70,70,70,70,70,70,70,65,65,62,70,69,70,70,70,70,56,56,41,65,56,50,34,27,17,5,0,0],"gold":245,"neow_bonus":"RANDOM_EVENT","is_daily":false,"chose_seed":false,"campfire_upgraded":0,"win_rate":0.0,"timestamp":1608643584,"path_taken":["M","?","M","M","?","R","M","R","T","M","E","M","?","M","R","BOSS","M","?","?","?","AVR","NM","R","M","MIM","M","M","M","M","M"],"items_purchased_type":["Relic","Relic","Relic","Potion","Potion"],"build_version":"2020-12-13","purchased_purges":1,"victory":false,"max_hp_per_floor":[70,70,70,70,70,70,70,70,70,70,70,70,70,70,70,70,70,70,70,70,70,70,70,70,70,70,70,70,70,70,70,70],"card_choices":[{"not_picked":["theMarked:HeightenedSenses+1","theMarked:Frustration+1"],"picked":"theMarked:ResourceFulStrike+1","floor":1},{"not_picked":["theMarked:Aftermath+1","theMarked:WastefulAttack+1"],"picked":"theMarked:EnhancedHearing+1","floor":3},{"not_picked":["theMarked:ShockingTouch+1","theMarked:WastefulAttack+1"],"picked":"theMarked:HeightenedSenses+1","floor":4},{"not_picked":["PanicButton+1","expansioncontent:ChargeUp+1"],"picked":"hubris:EnhanceAbility+1","floor":5},{"not_picked":["theMarked:Improvise+1","theMarked:Frustration+1","theMarked:Electrify+1"],"picked":"SKIP","floor":7},{"not_picked":["theMarked:ElectricStrings+1","theMarked:WastefulAttack+1"],"picked":"theMarked:ChainLightning+1","floor":10},{"not_picked":["theMarked:ChainLightning+1","theMarked:RepellingDischarge+1"],"picked":"theMarked:Overcharge+1","floor":11},{"not_picked":["theMarked:BanishingStrike+1","theMarked:TakeCover+1"],"picked":"theMarked:Polarize+1","floor":12},{"not_picked":["theMarked:ElectricStrings+1","theMarked:WastefulAttack+1"],"picked":"theMarked:SuspiciousRaven+1","floor":14},{"not_picked":["theMarked:MuscleMemory+1","theMarked:TakeOffHeels+1"],"picked":"theMarked:ThrowWeapon+1","floor":16},{"not_picked":["theMarked:Panic+1","theMarked:Improvise+1"],"picked":"theMarked:Aftermath+1","floor":18},{"not_picked":["theMarked:Parkour+1","theMarked:HeritageOfTheMarked+1","theMarked:RepellingDischarge+1"],"picked":"SKIP","floor":23},{"not_picked":["theMarked:ResourceFulStrike+1","theMarked:Convert+1","theMarked:SelfDefenseTraining+1"],"picked":"SKIP","floor":25},{"not_picked":["theMarked:Parkour+1","theMarked:ChainLightning+1"],"picked":"theMarked:Opportunist+1","floor":27},{"not_picked":["theMarked:Improvise+1","theMarked:ElectricStrings+1"],"picked":"theMarked:ComboAttacks+1","floor":28},{"not_picked":["theMarked:Improvise+1","theMarked:TunnelVision+1"],"picked":"theMarked:Challenge+1","floor":29},{"not_picked":["theMarked:SwordAndMagic+1","theMarked:BanishingWave+1","theMarked:BanishingStrike+1"],"picked":"SKIP","floor":30}],"player_experience":2321396,"relics_obtained":[{"floor":9,"key":"Replay:Baseball"},{"floor":11,"key":"Vajra"},{"floor":23,"key":"Du-Vu Doll"}],"event_choices":[{"damage_healed":0,"gold_gain":0,"player_choice":"Simplicity","damage_taken":0,"max_hp_gain":0,"max_hp_loss":9,"event_name":"betterThird:BetterWriting","floor":0,"gold_loss":0},{"damage_healed":0,"gold_gain":1,"player_choice":"1","damage_taken":0,"max_hp_gain":0,"max_hp_loss":0,"event_name":"betterStone:BetterStone","floor":5,"gold_loss":0},{"damage_healed":0,"gold_gain":0,"player_choice":"Ignored","damage_taken":0,"max_hp_gain":0,"max_hp_loss":0,"event_name":"Elementarium:ElementalBlades","floor":19,"gold_loss":0},{"damage_healed":0,"gold_gain":0,"player_choice":"Blood","damage_taken":14,"relics_obtained":["halation:BottledLove"],"max_hp_gain":0,"max_hp_loss":0,"event_name":"Elementarium:ShatteredPortal","floor":21,"gold_loss":0}],"is_beta":false,"boss_relics":[{"not_picked":["StuffTheSpire:RunicConfusion","Runic Pyramid","Honey Jar"],"picked":"vexMod:CursedCompass"}],"items_purged_floors":[20],"is_endless":false,"potions_floor_spawned":[1,3,7,12,16,23,27,29,30],"killed_by":"Elementarium:VoidBeast","ascension_level":0}}