{"host":"4w8ocelhatf0iefc","time":1608636802,"event":{"mods":["AchievementEnabler","Act Like it!","Aspiration","BaseMod","Colored Map","Colored Powertips","Hubris","Minty Spire (QoL Compilation)","StSLib"],"gold_per_floor":[110,128,128,53,67,92,92,121,192,192,209,243,269,301,313,425,437,462,525,551,563,589,601,613,613],"floor_reached":24,"playtime":1038,"items_purged":["Strike_G"],"score":276,"play_id":"9220f586-4133-4da3-b629-540505196403","local_time":"20201222193322","is_ascension_mode":true,"campfire_choices":[{"data":"Blade Dance","floor":7.0,"key":"SMITH"},{"data":"Wraith Form v2","floor":15,"key":"SMITH"},{"data":"Infinite Blades","floor":23,"key":"SMITH"}],"circlet_count":0,"master_deck":["Strike_G","Strike_G","Strike_G","Strike_G","Defend_G","Defend_G","Defend_G","Defend_G","Defend_G","Survivor","Neutralize","hubris:Counter","Blade Dance+1","Infinite Blades+1","Blade Dance","Acrobatics","Wraith Form v2+1","Wraith Form v2","PiercingWail+1","Pain"],"relics":["Ring of the Snake","hubris:Icosahedron","Singing Bowl","hubris:MysteriousPyramids","Pantograph","MawBank","SlaversCollar","hubris:TenFootPole","WarpedTongs"],"acts_visited":["Exordium","TheCity"],"potions_floor_usage":[8,16,16,18],"damage_taken":[{"damage":5.0,"enemies":"Jaw Worm","floor":1.0,"turns":4.0},{"damage":2.0,"enemies":"Cultist","floor":2.0,"turns":4.0},{"damage":0.0,"enemies":"Small Slimes","floor":5.0,"turns":3.0},{"damage":39.0,"enemies":"3 Sentries","floor":6.0,"turns":10.0},{"damage":17,"enemies":"Lagavulin","floor":8,"turns":6},{"damage":7,"enemies":"Exordium Thugs","floor":11,"turns":4},{"damage":25,"enemies":"3 Sentries","floor":12,"turns":6},{"damage":0,"enemies":"Blue Slaver","floor":13,"turns":2},{"damage":0,"enemies":"Exordium Wildlife","floor":14,"turns":3},{"damage":42,"enemies":"Hexaghost","floor":16,"turns":9},{"damage":4,"enemies":"Spheric Guardian","floor":18,"turns":6},{"damage":1,"enemies":"Chosen","floor":20,"turns":6},{"damage":44,"enemies":"Snake Plant","floor":22,"turns":8},{"damage":39,"enemies":"Gremlin Leader","floor":24,"turns":2}],"seed_played":"-5386577441537798002","potions_obtained":[{"floor":2.0,"key":"ColorlessPotion"},{"floor":6.0,"key":"ColorlessPotion"},{"floor":13,"key":"AttackPotion"},{"floor":14,"key":"FearPotion"},{"floor":16,"key":"Block Potion"}],"is_trial":false,"path_per_floor":["M","M","?","$","M","E","R","E","T","?","M","E","M","M","R","B",null,"M","T","M","?","M","R","E"],"character_chosen":"THE_SILENT","items_purchased":[],"campfire_rested":0,"item_purchase_floors":[],"current_hp_per_floor":[72,70,70,70,70,31,31,14,14,77,72,47,49,49,49,32,81,79,79,78,78,36,36,0,0],"gold":613,"neow_bonus":"TEN_PERCENT_HP_BONUS","is_daily":false,"chose_seed":false,"campfire_upgraded":3,"win_rate":0.0,"timestamp":1608636802,"path_taken":["M","M","?","$","M","E","R","E","T","?","M","E","M","M","R","BOSS","M","?","?","?","?","R","E"],"items_purchased_type":[],"build_version":"2020-12-13","purchased_purges":1,"victory":false,"max_hp_per_floor":[77,77,77,77,77,77,77,77,77,77,79,79,81,81,81,81,81,83,83,83,83,85,85,85,85],"card_choices":[{"not_picked":["Flying Knee","Heel Hook"],"picked":"hubris:Counter","floor":1.0},{"not_picked":["Masterful Stab","Flying Knee"],"picked":"Blade Dance","floor":2.0},{"not_picked":["Prepared","Backflip"],"picked":"Infinite Blades","floor":5.0},{"not_picked":["Deflect","Dodge and Roll"],"picked":"Flechettes","floor":6.0},{"not_picked":["PiercingWail","Endless Agony"],"picked":"Blade Dance","floor":8},{"not_picked":["Blade Dance","Sucker Punch","Dagger Spray"],"picked":"Singing Bowl","floor":11},{"not_picked":["Cloak And Dagger","Leg Sweep"],"picked":"Acrobatics","floor":12},{"not_picked":["Dash","Poisoned Stab","Slice"],"picked":"Singing Bowl","floor":13},{"not_picked":["Predator","Slice"],"picked":"Wraith Form v2","floor":14},{"not_picked":["Night Terror","Bullet Time"],"picked":"Wraith Form v2","floor":16},{"not_picked":["Masterful Stab+1","Caltrops","Dash+1"],"picked":"Singing Bowl","floor":18},{"not_picked":["Bouncing Flask","Dodge and Roll"],"picked":"PiercingWail+1","floor":20},{"not_picked":["Calculated Gamble+1","Skewer+1","Cloak And Dagger"],"picked":"Singing Bowl","floor":22}],"player_experience":255057,"relics_obtained":[{"floor":6.0,"key":"Singing Bowl"},{"floor":8,"key":"hubris:MysteriousPyramids"},{"floor":9,"key":"Pantograph"},{"floor":12,"key":"MawBank"},{"floor":19,"key":"hubris:TenFootPole"}],"event_choices":[{"cards_removed":["Flechettes"],"damage_healed":63,"gold_gain":0,"player_choice":"Offered Uncommon","damage_taken":0,"max_hp_gain":0,"max_hp_loss":0,"event_name":"Bonfire Elementals","floor":10,"gold_loss":0},{"damage_healed":0,"gold_gain":0,"player_choice":"Rummage","damage_taken":0,"relics_obtained":["WarpedTongs"],"max_hp_gain":0,"max_hp_loss":0,"event_name":"Accursed Blacksmith","floor":21,"gold_loss":0,"cards_obtained":["Pain"]}],"is_beta":false,"boss_relics":[{"not_picked":["hubris:HollowSoul","aspiration:RitualDagger"],"picked":"SlaversCollar"}],"items_purged_floors":[4],"is_endless":false,"potions_floor_spawned":[2,6,13,14,16],"killed_by":"Gremlin Leader","ascension_level":3}}