{"host":"y3c04fpfin1l2e6u","time":1608608051,"event":{"mods":["Act Like it!","BaseMod","Better-Laid Plans","Challenge The Spire","Googly Eyes","Hallownest","Lobotomy","Minty Spire (QoL Compilation)","Permanent Neow","Quick Restart","Relic Stats","Spicy Shops","StSLib","SuperFastMode","TestMod","The Bug Knight","篝火指南"],"gold_per_floor":[117,166,91,16,16,16,16,28,55,14,14,25,25,25,25,127,127,143,543,47,47,12,38,38,67,116,126,126,145,156,176,176,281,281,294,214,214,3,18,18,18,29,55,55,70,83,83,99,99,99],"floor_reached":51,"playtime":1963,"items_purged":["Doubt","HollowMod:FocusHealStart"],"score":723,"play_id":"376fae78-f79e-466e-aac2-9f8ada3b4ceb","local_time":"20201222113411","is_ascension_mode":false,"campfire_choices":[{"data":"Hallownest:skillGreenpathMap","floor":6,"key":"SMITH"},{"data":"HollowMod:Grubsong","floor":11,"key":"SMITH"},{"data":"HollowMod:ZotesMagnificence","floor":13,"key":"SMITH"},{"data":"HollowMod:CycloneSlash","floor":15,"key":"SMITH"},{"floor":24,"key":"REST"},{"data":"HollowMod:DoubleDash","floor":32,"key":"SMITH"},{"data":"HollowMod:QuirrelsAssistance","floor":40,"key":"SMITH"},{"data":"Hallownest:attackMasterDashSlash","floor":44,"key":"SMITH"},{"data":"HollowMod:Weaversong","floor":47,"key":"SMITH"},{"data":"HollowMod:CloakDash","floor":49,"key":"SMITH"}],"circlet_count":0,"master_deck":["HollowMod:NailStrikeStart","HollowMod:NailStrikeStart","HollowMod:NailStrikeStart+1","HollowMod:NailStrikeStart+1","HollowMod:QuickDashStart","HollowMod:QuickDashStart","HollowMod:QuickDashStart","HollowMod:QuickDashStart","HollowMod:PogoStrike","Hallownest:skillGreenpathMap+1","HollowMod:DungDefenderAura","HollowMod:Grubsong+1","HollowMod:ZotesMagnificence+1","HollowMod:CycloneSlash+1","HollowMod:AwokenDreamNail","HollowMod:GoodIntentions+1","HollowMod:SoulVessel","HollowMod:DoubleDash+1","HollowMod:CrystalDash","HollowMod:CloakDash+1","HollowMod:DescendingDark","HollowMod:DoubleDash","HollowMod:VengefulVoid","HollowMod:Weaversong+1","HollowMod:SharpenedNail+1","Hallownest:attackMasterDashSlash+1","HollowMod:QuirrelsAssistance+1","HollowMod:HeavyBlow+1","HollowMod:PerfectDash+1"],"relics":["HollowMod:VesselMask","testmod-SaigiyounoYou","Hallownest:BankAccountRelic","Whetstone","testmod-Nine","Potion Belt","HornCleat","Toy Ornithopter","HollowMod:PaleOreRelic","Bronze Scales","testmod-Fanaticism","testmod-Charity","Lantern"],"acts_visited":["Hallownest:Greenpath","Hallownest:CityofTears","Hallownest:KingdomsEdge"],"potions_floor_usage":[18,23,23,33,33,33,50,50,50,50,50,50,50,50,50,50],"damage_taken":[{"damage":4,"enemies":"Hallownest:monsterHuskWarrior","floor":1,"turns":4},{"damage":1,"enemies":"Hallownest:2_MossCreeps","floor":8,"turns":4},{"damage":8,"enemies":"2_ Uuma","floor":12,"turns":5},{"damage":0,"enemies":"Hallownest:monsterAspidMother","floor":14,"turns":3},{"damage":34,"enemies":"Hallownest:BossFalseKnight","floor":16,"turns":9},{"damage":10,"enemies":"Hallownest:2_Mistakes","floor":18,"turns":6},{"damage":51,"enemies":"Hallownest:eliteSoulWarrior","floor":23,"turns":9},{"damage":31,"enemies":"Hallownest:Nosk","floor":25,"turns":18},{"damage":15,"enemies":"Hallownest:Guard_and_Sentry","floor":27,"turns":8},{"damage":15,"enemies":"Hallownest:2_Husk_Sentries","floor":29,"turns":6},{"damage":4,"enemies":"Hallownest:Master_and_Novice","floor":30,"turns":5},{"damage":19,"enemies":"Hallownest:monsterShrumalOgre","floor":31,"turns":5},{"damage":89,"enemies":"Hallownest:BossGrimm","floor":33,"turns":22},{"damage":93,"enemies":"Hallownest:2_Littles","floor":35,"turns":5},{"damage":37,"enemies":"Hallownest:Shield_Heavy","floor":39,"turns":6},{"damage":31,"enemies":"Hallownest:2_Wing_and_1_Kings","floor":42,"turns":8},{"damage":22,"enemies":"Hallownest:monsterPrimalAspid","floor":45,"turns":2},{"damage":48,"enemies":"Hallownest:2_Wandering_and_1_Horned","floor":46,"turns":4},{"damage":29,"enemies":"Hallownest:2_Wing_and_1_Kings","floor":48,"turns":4},{"damage":191,"enemies":"Hallownest:BossHollowKnight","floor":50,"turns":11}],"seed_played":"-2682758310489992482","potions_obtained":[{"floor":0,"key":"CultistPotion"},{"floor":0,"key":"CultistPotion"},{"floor":0,"key":"Fruit Juice"},{"floor":23,"key":"LiquidMemories"},{"floor":27,"key":"LiquidMemories"},{"floor":31,"key":"FearPotion"},{"floor":33,"key":"SpeedPotion"},{"floor":35,"key":"SneckoOil"},{"floor":39,"key":"EntropicBrew"},{"floor":45,"key":"Ancient Potion"}],"is_trial":false,"path_per_floor":["M","?","?","?","?","R","?","M","T","$","R","M","R","M","R","B",null,"M","?","$","?","$","E","R","E","T","M","?","M","M","M","R","B",null,"M","?","?","$","M","R","?","M","T","R","M","M","R","M","R","B",null],"character_chosen":"THE_BUGKNIGHT","items_purchased":["HollowMod:Grubsong","HollowMod:SoulVessel","Potion Belt","HollowMod:DoubleDash","HornCleat","BlessingOfTheForge","testmod-Charity"],"campfire_rested":1,"item_purchase_floors":[10,20,20,20,20,20,38],"current_hp_per_floor":[73,73,73,73,82,82,82,84,84,84,84,84,84,84,84,73,84,84,84,84,84,84,51,77,78,78,87,87,88,89,77,77,55,80,80,80,80,80,81,81,81,82,83,83,84,85,85,86,86,86],"gold":99,"neow_bonus":"THREE_SMALL_POTIONS","is_daily":false,"chose_seed":false,"campfire_upgraded":9,"win_rate":0.0,"timestamp":1608608051,"path_taken":["M","?","?","?","?","R","?","M","T","?","R","?","R","M","R","BOSS","M","?","$","?","$","E","R","E","T","?","?","M","M","M","R","BOSS","M","?","?","$","M","R","?","M","T","R","M","?","R","M","R","BOSS"],"items_purchased_type":["Card","Card","Relic","Card","Relic","Potion","Relic"],"build_version":"2020-12-13","purchased_purges":2,"victory":true,"max_hp_per_floor":[75,75,75,75,84,84,84,84,84,84,84,84,84,84,84,84,84,84,84,84,84,84,89,89,89,89,89,89,89,89,89,89,80,80,80,80,80,80,81,81,81,82,83,83,84,85,85,86,86,86],"relic_stats":{"counters":[20,144],"Bronze Scales":[239],"Whetstone":["HollowMod:NailStrikeStart","HollowMod:NailStrikeStart"],"obtain_stats":[{"Potion Belt":20,"Lantern":43,"testmod-TestBox":0,"HollowMod:VesselMask":0,"Whetstone":9,"testmod-SaigiyounoYou":0,"testmod-Charity":38,"testmod-Fanaticism":34,"HornCleat":20,"Hallownest:BankAccountRelic":4,"Bronze Scales":26,"HollowMod:PaleOreRelic":25,"testmod-Nine":17,"Toy Ornithopter":23},{"Potion Belt":6,"Lantern":16,"testmod-TestBox":0,"HollowMod:VesselMask":0,"Whetstone":2,"testmod-SaigiyounoYou":0,"testmod-Charity":14,"testmod-Fanaticism":13,"HornCleat":6,"Hallownest:BankAccountRelic":1,"Bronze Scales":8,"HollowMod:PaleOreRelic":8,"testmod-Nine":5,"Toy Ornithopter":7},{"Potion Belt":31,"Lantern":123,"testmod-TestBox":0,"HollowMod:VesselMask":0,"Whetstone":8,"testmod-SaigiyounoYou":0,"testmod-Charity":109,"testmod-Fanaticism":104,"HornCleat":31,"Hallownest:BankAccountRelic":4,"Bronze Scales":58,"HollowMod:PaleOreRelic":58,"testmod-Nine":25,"Toy Ornithopter":40}],"Toy Ornithopter":12},"card_choices":[{"not_picked":["HollowMod:ShadowDash","HollowMod:SiblingsSouls","HollowMod:CrystalDash"],"picked":"SKIP","floor":1},{"not_picked":["HollowMod:WraithStrike","HollowMod:MonarchWings"],"picked":"HollowMod:DungDefenderAura","floor":8},{"not_picked":["HollowMod:CoiledNail","HollowMod:BlackTendrils"],"picked":"HollowMod:ZotesMagnificence","floor":12},{"not_picked":["HollowMod:NewLittleFool","HollowMod:MonomonsArchive"],"picked":"HollowMod:CycloneSlash","floor":14},{"not_picked":["HollowMod:RadiancesLament","HollowMod:Weaversong"],"picked":"HollowMod:AwokenDreamNail","floor":16},{"not_picked":["HollowMod:HowlingWraiths","HollowMod:FastStrike+1"],"picked":"HollowMod:GoodIntentions+1","floor":18},{"not_picked":["HollowMod:DreamGate","HollowMod:MothsMistake+1"],"picked":"HollowMod:CrystalDash","floor":23},{"not_picked":["HollowMod:DesolateDive","HollowMod:AbyssShriek+1"],"picked":"HollowMod:CloakDash","floor":25},{"not_picked":["HollowMod:DreamGate","HollowMod:NewJinnsSoul","HollowMod:ShapeofUnn"],"picked":"SKIP","floor":27},{"not_picked":["HollowMod:ShadowDash","HollowMod:CornifersMapStart+1"],"picked":"HollowMod:DescendingDark","floor":29},{"not_picked":["HollowMod:NewLittleFool","HollowMod:SiblingsShadow"],"picked":"HollowMod:DoubleDash","floor":30},{"not_picked":["HollowMod:DungDefenderAura","HollowMod:HeavyBlow"],"picked":"HollowMod:VengefulVoid","floor":31},{"not_picked":["HollowMod:PureVessel","HollowMod:AwokenDreamNail"],"picked":"HollowMod:Weaversong","floor":33},{"not_picked":["HollowMod:InfectedAttack+1","HollowMod:SoulSplash"],"picked":"HollowMod:SharpenedNail+1","floor":35},{"not_picked":["HollowMod:GrimmsGift","HollowMod:SharpenedNail+1"],"picked":"HollowMod:QuirrelsAssistance","floor":39},{"not_picked":["HollowMod:HowlingWraiths","HollowMod:PureNailStrike+1"],"picked":"HollowMod:HeavyBlow+1","floor":42},{"not_picked":["HollowMod:ShadowDash","HollowMod:Grubsong","HollowMod:SoulStrike"],"picked":"SKIP","floor":45},{"not_picked":["HollowMod:PaleKingsBlessing","HollowMod:InfectedAttack"],"picked":"HollowMod:PerfectDash+1","floor":46},{"not_picked":["HollowMod:Grubsong+1","HollowMod:LifebloodCocoon","HollowMod:DungDefenderAura"],"picked":"SKIP","floor":48}],"player_experience":46652,"relics_obtained":[{"floor":9,"key":"Whetstone"},{"floor":23,"key":"Toy Ornithopter"},{"floor":25,"key":"HollowMod:PaleOreRelic"},{"floor":26,"key":"Bronze Scales"},{"floor":43,"key":"Lantern"}],"event_choices":[{"damage_healed":0,"gold_gain":400,"player_choice":"Sell","damage_taken":0,"max_hp_gain":0,"max_hp_loss":0,"event_name":"恩洛斯的?子","floor":19,"relics_lost":["testmod-TestBox"],"gold_loss":0},{"damage_healed":0,"gold_gain":0,"player_choice":"Ignored","damage_taken":0,"max_hp_gain":0,"max_hp_loss":0,"event_name":"?自己的盒子","floor":28,"gold_loss":0}],"is_beta":false,"boss_relics":[{"not_picked":["SacredBark","Calling Bell"],"picked":"testmod-Nine"},{"not_picked":["Sozu","Runic Dome"],"picked":"testmod-Fanaticism"}],"items_purged_floors":[22,38],"is_endless":false,"potions_floor_spawned":[1,8,23,27,31,33,35,39,45],"ascension_level":0}}