{"host":"7k9p1ph7t34jgtvp","time":1608616853,"event":{"mods":["BaseMod","Better Vampires","BetterRewards","Colored Powertips","Downfall","Infinite Spire","Minty Spire (QoL Compilation)","Quick Restart","Relic Stats","Replay The Spire","Shop Mod","Spicy Shops","StSLib","Waifu the Spire"],"gold_per_floor":[99,99,99,99,99,99,99,144,172,207,225,245,170,170,191,288,288,288,298,298,406,93,93,93,111,111,196,121,38,38,38,56,161,161,161,188,246,263,248,261,315,369,369,384,399,424,349,349,361,361],"floor_reached":51,"playtime":2569,"items_purged":[],"score":931,"play_id":"9565b169-bfd3-48c1-89df-2d5d79e9cac4","local_time":"20201222010053","is_ascension_mode":true,"campfire_choices":[{"floor":1.0,"key":"RECALL"},{"floor":13.0,"key":"REST"},{"data":"hexamod:GhostflameInferno","floor":18.0,"key":"SMITH"},{"data":"hexamod:SoulSteal","floor":28.0,"key":"SMITH"},{"data":"hexamod:EmpoweredFlame","floor":30.0,"key":"SMITH"},{"data":"infinitespire:FutureSight","floor":35.0,"key":"SMITH"},{"data":"Replay:SS_hec_2","floor":47.0,"key":"SMITH"}],"circlet_count":0,"master_deck":["hexamod:Strike+1","hexamod:Strike+1","hexamod:Defend+1","hexamod:Defend+1","hexamod:Defend+1","hexamod:Sear","hexamod:Float","hexamod:SkipABeat","hexamod:PowerFromBeyond+1","hexamod:EmpoweredFlame+1","hexamod:Rewind+1","hexamod:SoulSteal+1","hexamod:NightmareStrike+1","hexamod:Hexaguard","hexamod:GhostflameInferno+1","hexamod:DynamicBlow+1","infinitespire:FutureSight+1","hexamod:GhostOfSpirePast","expansioncontent:CaCaw","Replay:SS_hec_2+1","hexamod:HeatCrush+1"],"relics":["hexamod:SpiritBrand","downfall:HeartsMalice","Peace Pipe","infinitespire:Bottled Soul","Divine Protection","downfall:HeartBlessingRed","Snecko Heart","TungstenRod","hexamod:InflammatoryLetter","Guardian:PocketSentry","Potion Belt","downfall:HeartBlessingBlue","Whetstone","Replay:Bronze Core","Pondfish Scales","hexamod:TheBrokenSeal","Anchor","Calipers","infinitespire:Satchel","downfall:HeartBlessingGreen"],"acts_visited":["Exordium","TheCity","TheBeyond"],"potions_floor_usage":[],"damage_taken":[{"damage":0.0,"enemies":"Jaw Worm","floor":2.0,"turns":1.0},{"damage":0.0,"enemies":"downfall:FleeingMerchant","floor":4.0,"turns":1.0},{"damage":0.0,"enemies":"2 Louse","floor":5.0,"turns":1.0},{"damage":2.0,"enemies":"Small Slimes","floor":9.0,"turns":3.0},{"damage":24.0,"enemies":"3 Sentries","floor":10.0,"turns":8.0},{"damage":0.0,"enemies":"2 Fungi Beasts","floor":11.0,"turns":3.0},{"damage":12.0,"enemies":"Exordium Thugs","floor":12.0,"turns":6.0},{"damage":0.0,"enemies":"3 Louse","floor":15.0,"turns":4.0},{"damage":35.0,"enemies":"downfall:Silent","floor":16.0,"turns":9.0},{"damage":0.0,"enemies":"Spheric Guardian","floor":19.0,"turns":4.0},{"damage":15.0,"enemies":"downfall:Ironclad","floor":21.0,"turns":6.0},{"damage":0.0,"enemies":"downfall:FleeingMerchant","floor":22.0,"turns":4.0},{"damage":0.0,"enemies":"3 Byrds","floor":25.0,"turns":3.0},{"damage":0.0,"enemies":"downfall:FleeingMerchant","floor":29.0,"turns":4.0},{"damage":0.0,"enemies":"Snecko","floor":32.0,"turns":4.0},{"damage":34.0,"enemies":"downfall:Watcher","floor":33.0,"turns":9.0},{"damage":25.0,"enemies":"3 Shapes","floor":36.0,"turns":6.0},{"damage":0.0,"enemies":"Mind Bloom Boss Battle","floor":37.0,"turns":7.0},{"damage":9.0,"enemies":"Orb Walker","floor":38.0,"turns":6.0},{"damage":0.0,"enemies":"downfall:FleeingMerchant","floor":39.0,"turns":5.0},{"damage":0.0,"enemies":"Sphere and 2 Shapes","floor":40.0,"turns":5.0},{"damage":0.0,"enemies":"2 Orb Walkers","floor":42.0,"turns":6.0},{"damage":0.0,"enemies":"4 Shapes","floor":44.0,"turns":7.0},{"damage":0.0,"enemies":"Writhing Mass","floor":45.0,"turns":4.0},{"damage":0.0,"enemies":"Giant Head","floor":46.0,"turns":10.0},{"damage":0,"enemies":"Transient","floor":49,"turns":5},{"damage":0,"enemies":"downfall:Ironclad","floor":50,"turns":9}],"seed_played":"-5281449584807945845","potions_obtained":[{"floor":8.0,"key":"Milkshake"},{"floor":9.0,"key":"Fire Potion"},{"floor":10.0,"key":"FearPotion"},{"floor":25.0,"key":"Regen Potion"},{"floor":29.0,"key":"SneckoOil"},{"floor":32.0,"key":"BlessingOfTheForge"},{"floor":33.0,"key":"Block Potion"},{"floor":36.0,"key":"Guardian:BlockOnCardUsePotion"},{"floor":40.0,"key":"BlessingOfTheForge"}],"is_trial":false,"path_per_floor":["R","M","?","$","M","?","T","?","M","E","M","M","R","?","M","B",null,"R","M","?","?","$","?","T","M","?","?","R","$","R","?","M","B",null,"R","M","?","M","$","M","T","?","?","M","M","E","R","?","M","B",null],"character_chosen":"THE_SPIRIT","items_purchased":["Guardian:PocketSentry","hexamod:DynamicBlow","Potion Belt","Whetstone"],"campfire_rested":1,"item_purchase_floors":[22,22,22,29],"current_hp_per_floor":[70,70,70,70,70,70,70,53,51,27,27,15,36,36,36,1,70,70,70,70,55,55,55,55,55,55,42,52,52,52,34,46,12,80,80,55,55,90,90,90,90,90,81,81,81,81,81,81,81,81],"gold":361,"neow_bonus":"THREE_ENEMY_KILL","is_daily":false,"chose_seed":false,"campfire_upgraded":5,"win_rate":0.0,"timestamp":1608616853,"path_taken":["R","M","?","$","M","?","T","?","M","E","M","?","R","?","M","BOSS","R","M","?","?","$","?","T","?","?","?","R","$","R","?","M","BOSS","R","M","?","M","$","M","T","?","?","?","M","E","R","?","M","BOSS"],"items_purchased_type":["Relic","Card","Relic","Relic"],"build_version":"2020-12-13","purchased_purges":0,"victory":true,"max_hp_per_floor":[70,70,70,70,70,70,70,70,70,70,70,70,70,70,70,70,70,70,70,70,70,70,70,70,70,70,70,80,80,80,80,80,80,80,80,80,80,90,90,90,90,90,90,90,90,90,90,90,90,90],"relic_stats":{"Peace Pipe":0,"counters":[27,137],"Whetstone":["hexamod:DynamicBlow","hexamod:NightmareStrike"],"obtain_stats":[{"Potion Belt":22,"Divine Protection":10,"Snecko Heart":17,"Calipers":42,"downfall:HeartBlessingRed":13,"hexamod:TheBrokenSeal":38,"downfall:HeartsMalice":0,"downfall:HeartBlessingGreen":47,"hexamod:InflammatoryLetter":21,"Guardian:PocketSentry":22,"Whetstone":29,"Peace Pipe":7,"Pondfish Scales":37,"Anchor":41,"infinitespire:Bottled Soul":8,"downfall:HeartBlessingBlue":28,"Replay:Bronze Core":34,"infinitespire:Satchel":46,"hexamod:SpiritBrand":0,"TungstenRod":21},{"Potion Belt":12,"Divine Protection":5,"Snecko Heart":9,"Calipers":22,"downfall:HeartBlessingRed":7,"hexamod:TheBrokenSeal":19,"downfall:HeartsMalice":0,"downfall:HeartBlessingGreen":25,"hexamod:InflammatoryLetter":11,"Guardian:PocketSentry":12,"Whetstone":14,"Peace Pipe":3,"Pondfish Scales":18,"Anchor":21,"infinitespire:Bottled Soul":3,"downfall:HeartBlessingBlue":13,"Replay:Bronze Core":16,"infinitespire:Satchel":25,"hexamod:SpiritBrand":0,"TungstenRod":11},{"Potion Belt":47,"Divine Protection":11,"Snecko Heart":33,"Calipers":102,"downfall:HeartBlessingRed":20,"hexamod:TheBrokenSeal":85,"downfall:HeartsMalice":0,"downfall:HeartBlessingGreen":123,"hexamod:InflammatoryLetter":43,"Guardian:PocketSentry":47,"Whetstone":54,"Peace Pipe":0,"Pondfish Scales":80,"Anchor":96,"infinitespire:Bottled Soul":0,"downfall:HeartBlessingBlue":50,"Replay:Bronze Core":67,"infinitespire:Satchel":123,"hexamod:SpiritBrand":0,"TungstenRod":43}],"TungstenRod":12},"card_choices":[{"not_picked":["hexamod:GhostLash","hexamod:AdvancingGuard"],"picked":"hexamod:SkipABeat","floor":2.0},{"not_picked":["hexamod:HauntingEcho","hexamod:GhostflameBarrier"],"picked":"hexamod:EmpoweredFlame","floor":4.0},{"not_picked":["hexamod:NightmareStrike","hexamod:GhostflameBarrier"],"picked":"hexamod:SecondSeal","floor":5.0},{"not_picked":["hexamod:NecessarySacrifice","hexamod:RetreatToShadows"],"picked":"hexamod:Rewind","floor":9.0},{"not_picked":["hexamod:Firestarter","hexamod:HauntingEcho","hexamod:BurningTouch"],"picked":"SKIP","floor":10.0},{"not_picked":["hexamod:BacktrackSmack","hexamod:NecessarySacrifice"],"picked":"hexamod:SoulSteal","floor":11.0},{"not_picked":["hexamod:GhostflameBarrier","hexamod:BacktrackSmack"],"picked":"hexamod:NightmareStrike","floor":12.0},{"not_picked":["hexamod:RainOfEmbers","hexamod:ApocalypticArmor"],"picked":"hexamod:Hexaguard","floor":15.0},{"not_picked":["hexamod:CrushingStance","hexamod:ApocalypticArmor"],"picked":"hexamod:GhostflameInferno","floor":16.0},{"not_picked":["hexamod:PowerFromBeyond","hexamod:Firestarter","hexamod:NightmareGuise+1"],"picked":"SKIP","floor":19.0},{"not_picked":["hexamod:EtherealExpedition+1","hexamod:NecessarySacrifice"],"picked":"hexamod:FourthSeal","floor":21.0},{"not_picked":["hexamod:InspiringFlames","hexamod:HeatShield","hexamod:SecondSeal"],"picked":"SKIP","floor":22.0},{"not_picked":["hexamod:BurningTouch","hexamod:SpectralSpark"],"picked":"hexamod:ThirdSeal","floor":25.0},{"not_picked":["hexamod:AdvancingGuard","hexamod:FlamesFromBeyond","hexamod:NightmareGuise"],"picked":"SKIP","floor":29.0},{"not_picked":["hexamod:ShieldOfDarkness","hexamod:AdvancingGuard","hexamod:HauntingEcho+1"],"picked":"SKIP","floor":29.0},{"not_picked":["infinitespire:Collect","ReplayTheSpireMod:??????????????????????"],"picked":"infinitespire:FutureSight","floor":31.0},{"not_picked":["hexamod:RainOfEmbers","hexamod:BacktrackSmack","hexamod:GhostLash"],"picked":"SKIP","floor":32.0},{"not_picked":["hexamod:InspiringFlames","hexamod:GhostShield","hexamod:Rewind"],"picked":"SKIP","floor":32.0},{"not_picked":["hexamod:UnleashSpirits","hexamod:WildfireWeapon"],"picked":"hexamod:FifthSeal","floor":33.0},{"not_picked":["hexamod:FirstSeal","hexamod:FourthSeal"],"picked":"hexamod:SixthSeal","floor":36.0},{"not_picked":["hexamod:SuperheatedStrike","hexamod:SpectersWail+1"],"picked":"hexamod:GhostOfSpirePast","floor":36.0},{"not_picked":["hexamod:GhostLash","hexamod:ShieldOfDarkness","hexamod:Hexaguard+1"],"picked":"SKIP","floor":36.0},{"not_picked":["hexamod:FourthSeal","hexamod:SixthSeal"],"picked":"hexamod:FirstSeal","floor":37.0},{"not_picked":["hexamod:FourthSeal","hexamod:ThirdSeal","hexamod:FirstSeal"],"picked":"SKIP","floor":38.0},{"not_picked":["hexamod:HauntingEcho+1","hexamod:BurningTouch+1","hexamod:ThermalTransfer"],"picked":"SKIP","floor":38.0},{"not_picked":["hexamod:FourthSeal","hexamod:ThirdSeal","hexamod:FirstSeal"],"picked":"SKIP","floor":38.0},{"not_picked":["hexamod:HauntingEcho+1","hexamod:BurningTouch+1","hexamod:ThermalTransfer"],"picked":"SKIP","floor":38.0},{"not_picked":["hexamod:GhostLash+1","hexamod:SixthSeal","hexamod:InspiringFlames+1"],"picked":"SKIP","floor":39.0},{"not_picked":["hexamod:AdvancingGuard+1","hexamod:Firestarter+1","hexamod:InspiringFlames+1"],"picked":"SKIP","floor":40.0},{"not_picked":["expansioncontent:LastStand","expansioncontent:TimeRipple"],"picked":"expansioncontent:CaCaw","floor":43.0},{"not_picked":["expansioncontent:DefensiveStance","expansioncontent:DarkVoid"],"picked":"Replay:SS_hec_2","floor":43.0},{"not_picked":["hexamod:NightmareStrike","hexamod:RetreatToShadows"],"picked":"hexamod:HeatCrush+1","floor":44.0},{"not_picked":["hexamod:RainOfEmbers","hexamod:HeatCrush","hexamod:Hexaguard"],"picked":"SKIP","floor":45.0},{"not_picked":["hexamod:NightmareStrike","hexamod:NecessarySacrifice+1","hexamod:RecurringNightmare+1"],"picked":"SKIP","floor":46.0},{"not_picked":["hexamod:ThirdSeal","hexamod:GhostOfSpirePast+1","hexamod:SpectersWail+1"],"picked":"SKIP","floor":49}],"player_experience":317385,"relics_obtained":[{"floor":7.0,"key":"Peace Pipe"},{"floor":8.0,"key":"infinitespire:Bottled Soul"},{"floor":10.0,"key":"Divine Protection"},{"floor":21.0,"key":"TungstenRod"},{"floor":21.0,"key":"hexamod:InflammatoryLetter"},{"floor":37.0,"key":"Pondfish Scales"},{"floor":41.0,"key":"Anchor"},{"floor":42.0,"key":"Calipers"},{"floor":46.0,"key":"infinitespire:Satchel"}],"event_choices":[{"cards_removed":["hexamod:Strike"],"damage_healed":0.0,"max_hp_gain":0.0,"max_hp_loss":0.0,"gold_gain":0.0,"event_name":"Bonfire Elementals","player_choice":"Offered Basic","floor":23.0,"gold_loss":0.0,"damage_taken":0.0},{"damage_healed":0.0,"max_hp_gain":0.0,"max_hp_loss":0.0,"gold_gain":0.0,"event_name":"Back to Basics","player_choice":"Simplicity","floor":26.0,"gold_loss":0.0,"damage_taken":0.0,"cards_upgraded":["hexamod:Strike","hexamod:Strike","hexamod:Defend","hexamod:Defend","hexamod:Defend"]},{"damage_healed":0.0,"max_hp_gain":0.0,"max_hp_loss":0.0,"gold_gain":0.0,"event_name":"Mysterious Sphere","player_choice":"Fight","floor":42.0,"gold_loss":0.0,"damage_taken":0.0}],"is_beta":false,"boss_relics":[{"not_picked":["Cursed Key","Honey Jar"],"picked":"Snecko Heart"},{"not_picked":["Black Star","Fusion Hammer"],"picked":"Replay:Bronze Core"}],"items_purged_floors":[],"is_endless":false,"potions_floor_spawned":[9,10,12,15,32,33,40,42,44,46,49],"ascension_level":1}}