{"host":"a61r67bv2jut9r88","time":1608619297,"event":{"mods":["AchievementEnabler","BaseMod","Downfall","Marisa£®ÏF”Í°°ƒß¿Ì…≥£©","Minty Spire (QoL Compilation)","Replay The Spire","Shop Mod","StSLib","SuperFastMode","The Bug Knight","The Cursed","The Servant 0.9.4"],"gold_per_floor":[110,35,35,49,63,63,90,90,90,40,52,79,79,111,111,215,215,235,66,66,66,79,112,112,130,154,24,50,66,66,66,66,164,164,183,196,41,41,56,76,106,161,184,227,239,251,67,79,79,79],"floor_reached":51,"playtime":2389,"items_purged":["BottledTime","ShatteredReality","ShatteredReality","Potential"],"score":1011,"play_id":"cba48efd-0043-4d9e-8e10-3fc22e5fc840","local_time":"20201222144137","daily_mods":["SealedDeck","Vintage","Heirloom","Time Dilation","Flight","downfall:Lament"],"is_ascension_mode":false,"campfire_choices":[{"data":"Potential","floor":6.0,"key":"SMITH"},{"data":"Alleviate","floor":13.0,"key":"SMITH"},{"data":"Solidify","floor":15.0,"key":"SMITH"},{"data":"Comet","floor":24.0,"key":"SMITH"},{"data":"FlawlessForm","floor":32.0,"key":"SMITH"}],"circlet_count":0,"master_deck":["Alleviate+1","Comet+1","Defy","InstantArmor","SpecialFormula+1","BottledTime","Potential+1","TimeWarp","Solidify+1","FlawlessForm+1","Panache","Master of Strategy","ShatteredReality+1","ReplayTheSpireMod:IOU"],"relics":["Uniform","replay:Trail_Library","NeowsBlessing","champ:DuelingGlove","Meat on the Bone","Smiling Mask","Art of War","Guardian:GemstoneGun","Potion Belt","Regal Pillow","Letter Opener","HollowMod:LifeEnderRelic","SlaversCollar","Replay:Wax Seal","Broom","Akabeko","Blue Doll","Ancient Tea Set","White Beast Statue","Replay:Mystery Machine","Black Star","Replay:Accelerometer","Unceasing Top","TheAbacus","Replay:Rubber Ducky","Bag of Marbles","Blood Vial","Thread and Needle","MawBank","Pet Ghost","Nunchaku","ReplayTheSpireMod:Ring of Collecting","ReplayTheSpireMod:Ring of Addiction","Chameleon Ring","SacredBark","ReplayTheSpireMod:TigerMarble","Replay:Baseball","InkBottle"],"acts_visited":["Exordium","TheCity","TheBeyond"],"potions_floor_usage":[48],"damage_taken":[{"damage":0.0,"enemies":"Cultist","floor":1.0,"turns":1.0},{"damage":0.0,"enemies":"Small Slimes","floor":4.0,"turns":1.0},{"damage":0.0,"enemies":"Jaw Worm","floor":5.0,"turns":1.0},{"damage":0.0,"enemies":"3 Sentries","floor":7.0,"turns":5.0},{"damage":0.0,"enemies":"Blue Slaver","floor":11.0,"turns":1.0},{"damage":0.0,"enemies":"Lagavulin","floor":12.0,"turns":2.0},{"damage":0.0,"enemies":"Gremlin Nob","floor":14.0,"turns":2.0},{"damage":0.0,"enemies":"Slime Boss","floor":16.0,"turns":2.0},{"damage":0.0,"enemies":"Shell Parasite","floor":18.0,"turns":1.0},{"damage":0.0,"enemies":"Spheric Guardian","floor":22.0,"turns":3.0},{"damage":0.0,"enemies":"Book of Stabbing","floor":23.0,"turns":3.0},{"damage":0.0,"enemies":"Chosen and Byrds","floor":25.0,"turns":2.0},{"damage":0.0,"enemies":"Slavers","floor":28.0,"turns":4.0},{"damage":0.0,"enemies":"Snake Plant","floor":29.0,"turns":1.0},{"damage":0.0,"enemies":"Automaton","floor":33.0,"turns":4.0},{"damage":0.0,"enemies":"Orb Walker","floor":35.0,"turns":2.0},{"damage":0.0,"enemies":"3 Shapes","floor":36.0,"turns":3.0},{"damage":0.0,"enemies":"Sphere and 2 Shapes","floor":39.0,"turns":1.0},{"damage":0.0,"enemies":"Spire Growth","floor":40.0,"turns":3.0},{"damage":26.0,"enemies":"Nemesis","floor":41.0,"turns":9.0},{"damage":0.0,"enemies":"2 Orb Walkers","floor":42.0,"turns":1.0},{"damage":0,"enemies":"Reptomancer","floor":44,"turns":1},{"damage":0,"enemies":"4 Shapes","floor":48,"turns":1},{"damage":0,"enemies":"Replay:Hell Engine","floor":50,"turns":6}],"seed_played":"-7714176777051759354","potions_obtained":[{"floor":1.0,"key":"ColorlessPotion"},{"floor":7.0,"key":"Energy Potion"},{"floor":11.0,"key":"SteroidPotion"},{"floor":12.0,"key":"CultistPotion"},{"floor":18.0,"key":"PowerPotion"},{"floor":23.0,"key":"Fire Potion"},{"floor":25.0,"key":"Explosive Potion"},{"floor":33.0,"key":"SpeedPotion"},{"floor":35.0,"key":"Guardian:BlockOnCardUsePotion"},{"floor":36.0,"key":"ColorlessPotion"},{"floor":39.0,"key":"Cursed Concoction"},{"floor":41.0,"key":"champ:CounterPotion"},{"floor":44,"key":"EssenceOfSteel"},{"floor":45,"key":"FairyPotion"},{"floor":48,"key":"SmokeBomb"}],"is_trial":true,"path_per_floor":["M","$","?","M","M","R","E","?","T","$","M","E","R","E","R","B",null,"M","$","?","$","M","E","R","M","T","$","E","M","$","?","R","B",null,"M","M","$","?","M","M","E","?","T","E","?","?","$","M","R","B",null],"character_chosen":"THE_SERVANT","items_purchased":["Panache","Master of Strategy","TheAbacus","ShatteredReality","ReplayTheSpireMod:TigerMarble"],"campfire_rested":0,"item_purchase_floors":[19,27,37,37,47],"current_hp_per_floor":[65,65,65,65,65,65,65,65,65,65,65,65,65,65,65,65,65,65,65,65,65,65,65,65,65,65,65,65,65,65,65,65,65,65,65,65,65,65,65,65,47,57,57,65,65,65,65,65,65,65],"gold":79,"neow_bonus":"","is_daily":false,"chose_seed":false,"campfire_upgraded":5,"win_rate":0.0,"timestamp":1608619297,"path_taken":["M","$","?","M","?","R","E","?","T","?","M","E","R","E","R","BOSS","M","$","?","$","M","E","R","M","T","$","E","?","?","?","R","BOSS","M","M","$","?","?","M","E","?","T","E","?","?","$","M","R","BOSS"],"items_purchased_type":["Card","Card","Relic","Card","Relic"],"build_version":"2020-12-13","purchased_purges":4,"victory":true,"max_hp_per_floor":[65,65,65,65,65,65,65,65,65,65,65,65,65,65,65,65,65,65,65,65,65,65,65,65,65,65,65,65,65,65,65,65,65,65,65,65,65,65,65,65,65,65,65,65,65,65,65,65,65,65],"card_choices":[{"not_picked":["SilverBlades","Moonlight","WasteNot"],"picked":"SKIP","floor":7.0},{"not_picked":["SilverBlades","Moonlight","WasteNot"],"picked":"SKIP","floor":7.0},{"not_picked":["Replace","Ricochet","DoubleEdge"],"picked":"SKIP","floor":12.0},{"not_picked":["Replace","Ricochet","DoubleEdge"],"picked":"SKIP","floor":12.0},{"not_picked":["FastForward","Misdirection"],"picked":"Solidify","floor":14.0},{"not_picked":["Initiator","Duplication"],"picked":"FlawlessForm","floor":16.0},{"not_picked":["Potential","Moondial","ShiftingGears"],"picked":"SKIP","floor":23.0},{"not_picked":["Revamp","FastForward+1","Misdirection"],"picked":"SKIP","floor":28.0},{"not_picked":["Potential+1","Reset","Shuttle+1"],"picked":"SKIP","floor":41.0},{"not_picked":["Desolation","Snipe+1","Potential"],"picked":"SKIP","floor":44}],"player_experience":422350,"relics_obtained":[{"floor":1.0,"key":"Meat on the Bone"},{"floor":4.0,"key":"Smiling Mask"},{"floor":5.0,"key":"Art of War"},{"floor":7.0,"key":"Guardian:GemstoneGun"},{"floor":9.0,"key":"Potion Belt"},{"floor":11.0,"key":"Regal Pillow"},{"floor":12.0,"key":"Letter Opener"},{"floor":14.0,"key":"HollowMod:LifeEnderRelic"},{"floor":18.0,"key":"Replay:Wax Seal"},{"floor":22.0,"key":"Broom"},{"floor":23.0,"key":"Akabeko"},{"floor":25.0,"key":"Blue Doll"},{"floor":26.0,"key":"Ancient Tea Set"},{"floor":28.0,"key":"White Beast Statue"},{"floor":29.0,"key":"Replay:Mystery Machine"},{"floor":35.0,"key":"Replay:Accelerometer"},{"floor":36.0,"key":"Unceasing Top"},{"floor":39.0,"key":"Replay:Rubber Ducky"},{"floor":41.0,"key":"Bag of Marbles"},{"floor":41.0,"key":"Blood Vial"},{"floor":42.0,"key":"Thread and Needle"},{"floor":43,"key":"MawBank"},{"floor":44,"key":"Pet Ghost"},{"floor":44,"key":"Nunchaku"},{"floor":45,"key":"ReplayTheSpireMod:Ring of Collecting"},{"floor":45,"key":"ReplayTheSpireMod:Ring of Addiction"},{"floor":45,"key":"Chameleon Ring"},{"floor":45,"key":"SacredBark"},{"floor":48,"key":"Replay:Baseball"}],"event_choices":[{"cards_removed":["BottledTime"],"damage_healed":5.0,"max_hp_gain":0.0,"max_hp_loss":0.0,"gold_gain":0.0,"event_name":"Bonfire Elementals","player_choice":"Offered Common","floor":3.0,"gold_loss":0.0,"damage_taken":0.0},{"cards_removed":["BottledTime"],"damage_healed":5.0,"max_hp_gain":0.0,"max_hp_loss":0.0,"gold_gain":0.0,"event_name":"Bonfire Elementals","player_choice":"Offered Special","floor":3.0,"gold_loss":0.0,"damage_taken":0.0},{"damage_healed":0.0,"max_hp_gain":0.0,"max_hp_loss":0.0,"gold_gain":0.0,"event_name":"Living Wall","player_choice":"Grow","floor":8.0,"gold_loss":0.0,"damage_taken":0.0,"cards_upgraded":["SpecialFormula"]},{"damage_healed":0.0,"max_hp_gain":0.0,"max_hp_loss":0.0,"gold_gain":0.0,"event_name":"Match and Keep!","player_choice":"0 cards matched","floor":20.0,"gold_loss":0.0,"damage_taken":0.0,"cards_obtained":[]},{"damage_healed":0.0,"max_hp_gain":0.0,"max_hp_loss":0.0,"gold_gain":0.0,"event_name":"Ghosts","player_choice":"Ignored","floor":31.0,"gold_loss":0.0,"damage_taken":0.0},{"damage_healed":0.0,"max_hp_gain":0.0,"max_hp_loss":0.0,"gold_gain":0.0,"event_name":"Accursed Blacksmith","player_choice":"Forge","floor":38.0,"gold_loss":0.0,"damage_taken":0.0,"cards_upgraded":["ShatteredReality"]},{"damage_healed":0.0,"max_hp_gain":0.0,"max_hp_loss":0.0,"gold_gain":0.0,"event_name":"Mysterious Sphere","player_choice":"Fight","floor":42.0,"gold_loss":0.0,"damage_taken":0.0},{"cards_removed":["Clumsy"],"damage_healed":0,"gold_gain":0,"player_choice":"Took Card","damage_taken":0,"max_hp_gain":0,"max_hp_loss":0,"event_name":"NoteForYourself","floor":46,"gold_loss":0,"cards_obtained":["Clumsy"]},{"damage_healed":0,"gold_gain":0,"player_choice":"Gave Potion","damage_taken":0,"relics_obtained":["InkBottle"],"max_hp_gain":0,"max_hp_loss":0,"event_name":"WeMeetAgain","floor":49,"gold_loss":0}],"is_beta":false,"boss_relics":[{"not_picked":["Replay:Bronze Core","Fusion Hammer"],"picked":"SlaversCollar"},{"not_picked":["ReplayTheSpireMod:DimensionalGlitch","Sozu"],"picked":"Black Star"}],"items_purged_floors":[2,10,27,47],"is_endless":false,"potions_floor_spawned":[1,7,11,12,18,23,25,29,33,35,36,39,40,41,42,44,48],"ascension_level":0}}