{"host":"rwzz6mk6bpmb57ql","time":1608613461,"event":{"mods":["AchievementEnabler","BaseMod","BetterRewards","Colored Map","Highlight Path","Hubris","Minty Spire (QoL Compilation)","Replay The Spire","StSLib"],"gold_per_floor":[5609,4976,4976,4976,4976,4976,4995,5015,4491,4491,4491,4509,4527,3947,3959,3984,3984,4084,4084,4103,4122,4134,3381,3381,3412,3430,2833,2856,2891,2908,2933,2933,2858,2858,2961,2961,2976,2976,2976,2326,2345,2380,2380,2412,2412,2431,2481,2481,2391,2046,2046,2046,2046,2046,1785,1810,1810],"floor_reached":58,"playtime":2046,"items_purged":["Strike_R","Defend_R","Defend_R","Strike_R","Strike_R","Defend_R"],"score":2030,"play_id":"2dfbc09f-b48a-458e-a664-0d37542d1df6","local_time":"20201221230421","is_ascension_mode":true,"campfire_choices":[{"floor":10,"key":"RECALL"},{"data":"Sword Boomerang","floor":17,"key":"SMITH"},{"floor":32,"key":"REST"},{"data":"Pummel","floor":34,"key":"SMITH"},{"data":"Whirlwind","floor":43,"key":"SMITH"},{"data":"Defend_R+1","floor":48,"key":"PURGE"},{"data":"ReplayTheSpireMod:Muscle Training","floor":51,"key":"SMITH"},{"floor":54,"key":"REST"}],"circlet_count":0,"master_deck":["AscendersBane","Limit Break+1","Bash","Sword Boomerang+1","Flex","Inflame","Whirlwind+1","Rampage","ReplayTheSpireMod:Muscle Training","ReplayTheSpireMod:Muscle Training","Pummel+1","Replay:Many Hands+1","Pummel+1","ReplayTheSpireMod:Muscle Training+1"],"relics":["Burning Blood","Potion Belt","ReplayTheSpireMod:Ninjato","Dream Catcher","OrangePellets","Chameleon Ring","ReplayTheSpireMod:Spearhead","Chemical X","Blue Doll","Omamori","Replay:Bronze Core","Ice Cream","hubris:SlimyHat","Orrery","Enchiridion","Peace Pipe","Vajra","TheAbacus","MealTicket","Red Mask","ReplayFunnel","hubris:ScarierMask","ReplayTheSpireMod:TigerMarble","Strawberry","Membership Card","Bag of Marbles","Frozen Egg 2","Golden Egg","Counterbalance","Sundial","FossilizedHelix","Gremlin Horn","Brimstone","Replay:Wax Seal"],"acts_visited":["Exordium","TheCity","TheBeyond","TheEnding"],"potions_floor_usage":[15,16,18,18,25,29,30,31,42,42,52,52,52,52,52,52,56,57,57,57],"damage_taken":[{"damage":13,"enemies":"Small Slimes","floor":1,"turns":4},{"damage":0,"enemies":"Jaw Worm","floor":7,"turns":3},{"damage":3,"enemies":"2 Louse","floor":8,"turns":3},{"damage":12,"enemies":"Looter","floor":12,"turns":4},{"damage":24,"enemies":"3 Louse","floor":13,"turns":4},{"damage":0,"enemies":"2 Fungi Beasts","floor":15,"turns":3},{"damage":22,"enemies":"Lagavulin","floor":16,"turns":4},{"damage":45,"enemies":"Fading Forest","floor":18,"turns":11},{"damage":20,"enemies":"2 Thieves","floor":20,"turns":3},{"damage":30,"enemies":"3 Byrds","floor":21,"turns":4},{"damage":60,"enemies":"Shelled Parasite and Fungi","floor":22,"turns":6},{"damage":27,"enemies":"Gremlin Leader","floor":25,"turns":4},{"damage":13,"enemies":"Chosen and Byrds","floor":26,"turns":3},{"damage":25,"enemies":"Masked Bandits","floor":29,"turns":3},{"damage":20,"enemies":"Snecko","floor":30,"turns":3},{"damage":25,"enemies":"Book of Stabbing","floor":31,"turns":3},{"damage":26,"enemies":"hubris:MusketHawk","floor":35,"turns":4},{"damage":12,"enemies":"Orb Walker","floor":37,"turns":3},{"damage":0,"enemies":"3 Shapes","floor":41,"turns":1},{"damage":2,"enemies":"Giant Head","floor":42,"turns":3},{"damage":8,"enemies":"Reptomancer","floor":44,"turns":2},{"damage":10,"enemies":"Transient","floor":46,"turns":5},{"damage":5,"enemies":"Mind Bloom Boss Battle","floor":47,"turns":4},{"damage":19,"enemies":"Time Eater","floor":52,"turns":3},{"damage":1,"enemies":"Shield and Spear","floor":56,"turns":1},{"damage":110,"enemies":"The Heart","floor":57,"turns":4}],"seed_played":"-2350617864424828477","potions_obtained":[{"floor":8,"key":"Strength Potion"},{"floor":13,"key":"SpeedPotion"},{"floor":16,"key":"Death Potion"},{"floor":22,"key":"Swift Potion"},{"floor":25,"key":"Explosive Potion"},{"floor":30,"key":"AttackPotion"},{"floor":35,"key":"Strength Potion"},{"floor":37,"key":"EssenceOfSteel"},{"floor":41,"key":"AttackPotion"},{"floor":56,"key":"FairyPotion"}],"is_trial":false,"path_per_floor":["M","$","PTL","PTL","?","?","M","M","$","R","T","M","M","$","M","E","R","B",null,"M","M","M","$","?","E","M","$","T","?","M","E","R","?","R","B",null,"M","?","?","$","M","E","R","E","T","M","?","R","?","$","R","B",null,"R","$","E","B",null],"character_chosen":"IRONCLAD","items_purchased":["ReplayTheSpireMod:Ninjato","Dream Catcher","OrangePellets","Chameleon Ring","ReplayTheSpireMod:Spearhead","Flex","Chemical X","Blue Doll","Cursed Concoction","Weak Potion","Ice Cream","hubris:SlimyHat","Orrery","ReplayTheSpireMod:Muscle Training","Pummel","Vajra","TheAbacus","Pummel+1","ReplayTheSpireMod:TigerMarble","Strawberry","Membership Card","Strength Potion","Weak Potion","Sundial","FossilizedHelix","EntropicBrew","Elixir","Gremlin Horn","Brimstone","ColorlessPotion","Regen Potion"],"campfire_rested":2,"item_purchase_floors":[2,2,2,9,9,9,14,14,14,14,23,23,23,27,27,27,27,40,40,40,40,40,40,50,50,50,50,55,55,55,55],"current_hp_per_floor":[130,130,130,130,123,123,129,132,132,132,132,126,108,108,114,98,98,67,126,112,88,134,134,118,97,90,90,90,71,57,38,81,81,81,61,124,118,118,118,140,146,150,150,148,148,144,145,145,145,152,152,139,149,152,152,152,63],"gold":1810,"neow_bonus":"UPGRADE_CARD","is_daily":false,"chose_seed":false,"campfire_upgraded":4,"win_rate":0.0,"timestamp":1608613461,"path_taken":["M","$","PTL","PTL","?","?","M","M","$","R","T","M","M","?","M","E","R","BOSS","M","M","M","$","?","E","M","$","T","?","M","E","R","?","R","BOSS","M","?","?","$","M","E","R","E","T","M","?","R","?","$","R","BOSS","R","$","E","BOSS"],"items_purchased_type":["Relic","Relic","Relic","Relic","Relic","Card","Relic","Relic","Potion","Potion","Relic","Relic","Relic","Card","Card","Relic","Relic","Card","Relic","Relic","Relic","Potion","Potion","Relic","Relic","Potion","Potion","Relic","Relic","Potion","Potion"],"build_version":"2020-12-13","purchased_purges":6,"victory":true,"max_hp_per_floor":[145,145,145,145,145,145,145,145,145,145,145,145,145,145,145,145,145,145,145,145,145,145,145,145,145,145,145,145,145,145,145,145,145,145,145,145,145,145,145,152,152,152,152,152,152,152,152,152,152,152,152,152,152,152,152,152,152],"card_choices":[{"not_picked":["Perfected Strike","Heavy Blade"],"picked":"Sword Boomerang","floor":1},{"not_picked":["Body Slam","Power Through","Heavy Blade"],"picked":"SKIP","floor":7},{"not_picked":["Replay:Many Hands","Warcry","Combust"],"picked":"SKIP","floor":8},{"not_picked":["Defy Death","Armaments","Uppercut"],"picked":"SKIP","floor":12},{"not_picked":["Havoc","Fire Breathing","Shrug It Off"],"picked":"SKIP","floor":13},{"not_picked":["Run Through","Armaments","Headbutt"],"picked":"SKIP","floor":15},{"not_picked":["Second Wind","True Grit","hubris:SharpeningStone"],"picked":"SKIP","floor":16},{"not_picked":["Armaments","Shrug It Off+1","Wild Strike"],"picked":"SKIP","floor":20},{"not_picked":["Perfected Strike","hubris:ReadiedAction","Flame Barrier"],"picked":"SKIP","floor":21},{"not_picked":["Feel No Pain","Wild Strike"],"picked":"Inflame","floor":22},{"not_picked":["Entrench","ReplayTheSpireMod:Muscle Training"],"picked":"Whirlwind","floor":23},{"not_picked":["Cleave","Heavy Blade"],"picked":"Rampage","floor":23},{"not_picked":["ReplayTheSpireMod:Strike From Hell","Clash+1","Armaments"],"picked":"SKIP","floor":25},{"not_picked":["Intimidate","Iron Wave","True Grit+1"],"picked":"SKIP","floor":26},{"not_picked":["Perfected Strike+1","Infernal Blade"],"picked":"Replay:Many Hands","floor":29},{"not_picked":["Iron Wave","Wild Strike","Heavy Blade+1"],"picked":"SKIP","floor":30},{"not_picked":["Flame Barrier","Carnage","True Grit"],"picked":"SKIP","floor":31},{"not_picked":["Thunderclap","Clothesline+1","Havoc+1"],"picked":"SKIP","floor":37},{"not_picked":["Heavy Blade+1","Thunderclap","ReplayReversal"],"picked":"SKIP","floor":41},{"not_picked":["Warcry","Seeing Red+1"],"picked":"ReplayTheSpireMod:Muscle Training","floor":42},{"not_picked":["Body Slam","Corruption+1","Run Through+1"],"picked":"SKIP","floor":44},{"not_picked":["Havoc","Disarm","hubris:ReadiedAction"],"picked":"SKIP","floor":46},{"not_picked":["True Grit+1","Feed","Uppercut"],"picked":"SKIP","floor":56}],"player_experience":73420,"relics_obtained":[{"floor":16,"key":"Omamori"},{"floor":24,"key":"Enchiridion"},{"floor":25,"key":"Peace Pipe"},{"floor":28,"key":"MealTicket"},{"floor":29,"key":"Red Mask"},{"floor":31,"key":"ReplayFunnel"},{"floor":42,"key":"Bag of Marbles"},{"floor":44,"key":"Frozen Egg 2"},{"floor":45,"key":"Golden Egg"},{"floor":47,"key":"Counterbalance"},{"floor":56,"key":"Replay:Wax Seal"}],"event_choices":[{"cards_removed":["Strike_R"],"damage_healed":0,"gold_gain":0,"player_choice":"Card Removal","damage_taken":7,"max_hp_gain":0,"max_hp_loss":0,"event_name":"Golden Wing","floor":5,"gold_loss":0},{"damage_healed":0,"gold_gain":0,"player_choice":"Ignored","damage_taken":0,"max_hp_gain":0,"max_hp_loss":0,"event_name":"Golden Idol","floor":6,"gold_loss":0},{"damage_healed":0,"gold_gain":0,"player_choice":"Obtained Book","damage_taken":16,"max_hp_gain":0,"max_hp_loss":0,"event_name":"Cursed Tome","floor":24,"gold_loss":0},{"damage_healed":0,"gold_gain":0,"player_choice":"Fought Bandits","damage_taken":0,"max_hp_gain":0,"max_hp_loss":0,"event_name":"Masked Bandits","floor":29,"gold_loss":0},{"cards_removed":["Strike_R"],"damage_healed":0,"gold_gain":0,"player_choice":"Gave Gold","damage_taken":0,"max_hp_gain":0,"max_hp_loss":0,"event_name":"Beggar","floor":33,"gold_loss":75},{"damage_healed":0,"gold_gain":0,"player_choice":"Ignored","damage_taken":0,"max_hp_gain":0,"max_hp_loss":0,"event_name":"Tomb of Lord Red Mask","floor":39,"gold_loss":0},{"damage_healed":0,"gold_gain":0,"player_choice":"Fight","damage_taken":0,"max_hp_gain":0,"max_hp_loss":0,"event_name":"MindBloom","floor":47,"gold_loss":0},{"cards_removed":["Flex"],"damage_healed":0,"gold_gain":0,"player_choice":"Upgrade and Remove","damage_taken":0,"max_hp_gain":0,"max_hp_loss":0,"event_name":"Designer","floor":49,"gold_loss":90,"cards_upgraded":["Replay:Many Hands"]}],"is_beta":false,"boss_relics":[{"not_picked":["Runic Dome","hubris:GrandSneckoEye"],"picked":"Replay:Bronze Core"},{"not_picked":["Electric Blood","hubris:BlackHole"],"picked":"hubris:ScarierMask"}],"items_purged_floors":[2,9,14,23,27,40],"is_endless":false,"potions_floor_spawned":[8,13,16,22,25,30,35,37,41,56],"ascension_level":11}}