{"host":"7qw6dx81kufmcri1","time":1608613781,"event":{"mods":["AchievementEnabler","Act Like it!","BaseMod","Better Third Choice","Colored Powertips","Gensokyo","GifTheSpireLib","Minty Spire (QoL Compilation)","Quick Restart","Rare Cards Sparkle","StSLib","The Alterego"],"gold_per_floor":[110,285,285,298,310,341,341,354,403,431,443,443,522,35,35,130,130,144,144,144],"floor_reached":19,"playtime":1313,"items_purged":[],"score":177,"play_id":"8ee484e5-ab2a-4b54-a4b1-1d7b5c7ae367","local_time":"20201222120941","is_ascension_mode":false,"campfire_choices":[{"data":"alterego_mod:BrynhildrsRune","floor":7,"key":"SMITH"},{"data":"alterego_mod:Lift","floor":12,"key":"SMITH"},{"floor":15,"key":"REST"}],"circlet_count":0,"master_deck":["alterego_mod:Strike","alterego_mod:Strike","alterego_mod:Strike","alterego_mod:Strike","alterego_mod:Defend","alterego_mod:Defend","alterego_mod:Defend","alterego_mod:Defend","alterego_mod:Impale","alterego_mod:BigMeatyClaws","alterego_mod:BrynhildrsRune+1","alterego_mod:Mirror","alterego_mod:Pet","alterego_mod:GoddessCore","alterego_mod:Crossover","alterego_mod:Lift+1","alterego_mod:DustData","alterego_mod:Lift+1","alterego_mod:Punishment","alterego_mod:STier","alterego_mod:Rip"],"relics":["alterego_mod:MasochisticConstitution","NeowsBlessing","Bottled Lightning","Happy Flower","Omamori","Torii","DollysMirror","SacredBark"],"acts_visited":["Exordium","TheCity"],"potions_floor_usage":[6,10,10,16,18,19],"damage_taken":[{"damage":0,"enemies":"Small Slimes","floor":1,"turns":1},{"damage":1,"enemies":"Jaw Worm","floor":4,"turns":2},{"damage":1,"enemies":"Cultist","floor":5,"turns":3},{"damage":40,"enemies":"3 Sentries","floor":6,"turns":10},{"damage":11,"enemies":"Looter","floor":8,"turns":4},{"damage":14,"enemies":"Lagavulin","floor":10,"turns":8},{"damage":0,"enemies":"Large Slime","floor":11,"turns":4},{"damage":43,"enemies":"Hexaghost","floor":16,"turns":8},{"damage":51,"enemies":"Spheric Guardian","floor":18,"turns":10},{"damage":28,"enemies":"Masked Bandits","floor":19,"turns":3}],"seed_played":"1579699420995484172","potions_obtained":[{"floor":4,"key":"LiquidBronze"},{"floor":5,"key":"SkillPotion"},{"floor":6,"key":"Regen Potion"},{"floor":11,"key":"SteroidPotion"},{"floor":16,"key":"Block Potion"},{"floor":18,"key":"Ancient Potion"}],"is_trial":false,"path_per_floor":["M","?","?","M","M","E","R","M","T","E","M","R","?","$","R","B",null,"M","?"],"character_chosen":"The_Alterego","items_purchased":["Torii","DollysMirror","alterego_mod:Punishment"],"campfire_rested":1,"item_purchase_floors":[14,14,14],"current_hp_per_floor":[70,70,70,70,70,34,34,24,24,26,26,26,26,26,48,6,76,26,0,0],"gold":144,"neow_bonus":"THREE_ENEMY_KILL","is_daily":false,"chose_seed":false,"campfire_upgraded":2,"win_rate":0.0,"timestamp":1608613781,"path_taken":["M","?","?","?","M","E","R","M","T","E","M","R","?","$","R","BOSS","M","?"],"items_purchased_type":["Relic","Relic","Card"],"build_version":"2020-12-13","purchased_purges":0,"victory":false,"max_hp_per_floor":[70,70,70,71,72,73,73,74,74,75,75,75,75,75,75,76,76,77,77,77],"card_choices":[{"not_picked":["alterego_mod:Undulate","alterego_mod:BiFurious"],"picked":"alterego_mod:Mirror","floor":1},{"not_picked":["alterego_mod:PresenceConcealment","alterego_mod:Complex"],"picked":"alterego_mod:Pet","floor":4},{"not_picked":["alterego_mod:DiscoLights","alterego_mod:Jiggle"],"picked":"alterego_mod:GoddessCore","floor":5},{"not_picked":["alterego_mod:HighServant","alterego_mod:Cycle"],"picked":"alterego_mod:Crossover","floor":6},{"not_picked":["alterego_mod:PerceptionDisorder","alterego_mod:HighServant"],"picked":"alterego_mod:Lift","floor":8},{"not_picked":["alterego_mod:Smother","alterego_mod:Lingerie","alterego_mod:RidiculouslyBig"],"picked":"SKIP","floor":10},{"not_picked":["alterego_mod:Maid","alterego_mod:Lingerie"],"picked":"alterego_mod:DustData","floor":11},{"not_picked":["alterego_mod:Alter","alterego_mod:Weigh"],"picked":"alterego_mod:STier","floor":16},{"not_picked":["alterego_mod:Maid","alterego_mod:Clones"],"picked":"alterego_mod:Rip","floor":18}],"player_experience":188923,"relics_obtained":[{"floor":6,"key":"Bottled Lightning"},{"floor":9,"key":"Happy Flower"},{"floor":10,"key":"Omamori"}],"event_choices":[{"damage_healed":0,"gold_gain":175,"player_choice":"AGREE","damage_taken":110,"max_hp_gain":0,"max_hp_loss":0,"event_name":"betterThird:BetterSerpent","floor":2,"gold_loss":0},{"cards_removed":["Doubt"],"damage_healed":0,"gold_gain":0,"player_choice":"Purged","damage_taken":0,"max_hp_gain":0,"max_hp_loss":0,"event_name":"Purifier","floor":3,"gold_loss":0},{"damage_healed":0,"gold_gain":79,"player_choice":"Gained Gold","damage_taken":0,"max_hp_gain":0,"max_hp_loss":0,"event_name":"Golden Wing","floor":13,"gold_loss":0},{"damage_healed":0,"gold_gain":0,"player_choice":"Fought Bandits","damage_taken":0,"max_hp_gain":0,"max_hp_loss":0,"event_name":"Masked Bandits","floor":19,"gold_loss":0}],"is_beta":false,"boss_relics":[{"not_picked":["Empty Cage","Runic Pyramid"],"picked":"SacredBark"}],"items_purged_floors":[],"is_endless":false,"potions_floor_spawned":[4,5,6,11,16,18],"killed_by":"Masked Bandits","ascension_level":0}}