{"host":"126yiuos2nq86se7","time":1608627354,"event":{"mods":["AchievementEnabler","Act Like it!","BaseMod","Colored Map","Colored Powertips","Downfall","Friendly Minions","Highlight Path","Minty Spire (QoL Compilation)","StSLib","SuperFastMode","The Animator"],"gold_per_floor":[115,126,136,154,104,104,132,132,132,38,56,56,56,73,73,174,174,184,196,196,196,206,206,219,219,243,243,259,276,276,295,295,295,295],"floor_reached":33,"playtime":954,"items_purged":[],"score":276,"play_id":"60ab704a-3846-4917-a909-4806bff9cb1d","local_time":"20201222195554","is_ascension_mode":false,"campfire_choices":[{"floor":6,"key":"REST"},{"data":"Pummel","floor":8,"key":"SMITH"},{"data":"Berserk","floor":12,"key":"SMITH"},{"floor":15,"key":"REST"},{"floor":23,"key":"REST"},{"floor":25,"key":"REST"},{"data":"Bash","floor":27,"key":"SMITH"},{"floor":32,"key":"REST"}],"circlet_count":0,"master_deck":["Strike_R","Strike_R","Strike_R","Defend_R","Defend_R","Defend_R","Defend_R","Bash+1","Twin Strike","Pummel+1","Spot Weakness","Berserk+1","Flex","Shrug It Off+1","Armaments+1","Burning Pact+1","Exhume+1","Flex+1","Spot Weakness+1","Shrug It Off+1","Sword Boomerang+1"],"relics":["Burning Blood","Self Forming Clay","Toxic Egg 2","GremlinMask","Black Star","MutagenicStrength","Akabeko"],"acts_visited":["Exordium","TheCity"],"potions_floor_usage":[7,7,16,16,33,33,33],"damage_taken":[{"damage":10,"enemies":"Jaw Worm","floor":1,"turns":6},{"damage":5,"enemies":"Small Slimes","floor":2,"turns":3},{"damage":6,"enemies":"Cultist","floor":3,"turns":3},{"damage":11,"enemies":"Blue Slaver","floor":4,"turns":5},{"damage":13,"enemies":"Lagavulin","floor":7,"turns":5},{"damage":11,"enemies":"Large Slime","floor":11,"turns":8},{"damage":19,"enemies":"Lots of Slimes","floor":14,"turns":5},{"damage":69,"enemies":"Hexaghost","floor":16,"turns":11},{"damage":39,"enemies":"Spheric Guardian","floor":18,"turns":8},{"damage":23,"enemies":"Shell Parasite","floor":19,"turns":6},{"damage":17,"enemies":"3 Cultists","floor":22,"turns":5},{"damage":42,"enemies":"Centurion and Healer","floor":24,"turns":5},{"damage":21,"enemies":"Chosen and Byrds","floor":28,"turns":6},{"damage":9,"enemies":"Cultist and Chosen","floor":29,"turns":5},{"damage":31,"enemies":"Snecko","floor":31,"turns":7},{"damage":50,"enemies":"Champ","floor":33,"turns":9}],"seed_played":"-3767059299533952459","potions_obtained":[{"floor":2,"key":"hexamod:EctoCoolerPotion"},{"floor":4,"key":"DistilledChaos"},{"floor":7,"key":"Explosive Potion"},{"floor":14,"key":"Weak Potion"},{"floor":16,"key":"LiquidMemories"},{"floor":24,"key":"sneckomod:MuddlingPotion"},{"floor":29,"key":"Strength Potion"}],"is_trial":false,"path_per_floor":["M","M","M","M","?","R","E","R","T","$","M","R","?","M","R","B",null,"M","M","?","?","M","R","M","R","T","R","M","M","?","M","R","B"],"character_chosen":"IRONCLAD","items_purchased":["Shrug It Off+1","Armaments+1"],"campfire_rested":5,"item_purchase_floors":[10,10],"current_hp_per_floor":[68,69,69,64,64,92,85,85,85,85,80,80,80,67,95,32,96,63,46,46,46,35,63,27,55,55,55,40,37,37,12,40,0,0],"gold":295,"neow_bonus":"TWENTY_PERCENT_HP_BONUS","is_daily":false,"chose_seed":false,"campfire_upgraded":3,"win_rate":0.0,"timestamp":1608627354,"path_taken":["M","M","M","M","?","R","E","R","T","$","M","R","?","?","R","BOSS","M","M","?","?","M","R","M","R","T","R","?","M","?","?","R","BOSS"],"items_purchased_type":["Card","Card"],"build_version":"2020-12-13","purchased_purges":0,"victory":false,"max_hp_per_floor":[96,96,96,96,96,96,96,96,96,96,96,96,96,96,96,96,96,96,96,96,96,96,96,96,96,96,96,96,96,96,96,96,96,96],"card_choices":[{"not_picked":["Headbutt","Pommel Strike"],"picked":"Twin Strike","floor":1},{"not_picked":["Clash","Infernal Blade"],"picked":"Pummel","floor":2},{"not_picked":["Clash","Sword Boomerang"],"picked":"Spot Weakness","floor":3},{"not_picked":["Clothesline","Warcry"],"picked":"Berserk","floor":4},{"not_picked":["Rage","Cleave"],"picked":"Flex","floor":7},{"not_picked":["Dark Embrace","Twin Strike"],"picked":"Burning Pact+1","floor":11},{"not_picked":["True Grit+1","Bloodletting+1","Wild Strike"],"picked":"SKIP","floor":14},{"not_picked":["Feed","Bludgeon"],"picked":"Exhume+1","floor":16},{"not_picked":["Sever Soul","Sword Boomerang","Anger"],"picked":"SKIP","floor":18},{"not_picked":["Sever Soul","Headbutt"],"picked":"Flex+1","floor":19},{"not_picked":["Reckless Charge","Flex+1"],"picked":"Spot Weakness+1","floor":22},{"not_picked":["Fiend Fire","Wild Strike","Twin Strike"],"picked":"SKIP","floor":24},{"not_picked":["Perfected Strike","Anger","Sword Boomerang"],"picked":"SKIP","floor":28},{"not_picked":["Perfected Strike+1","Searing Blow"],"picked":"Shrug It Off+1","floor":29},{"not_picked":["Pommel Strike+1","Dropkick+1"],"picked":"Sword Boomerang+1","floor":31}],"player_experience":1585735,"relics_obtained":[{"floor":7,"key":"Self Forming Clay"},{"floor":9,"key":"Toxic Egg 2"},{"floor":26,"key":"Akabeko"}],"event_choices":[{"cards_removed":["Strike_R"],"damage_healed":0,"gold_gain":0,"player_choice":"Card Removal","damage_taken":0,"max_hp_gain":0,"max_hp_loss":0,"event_name":"The Cleric","floor":5,"gold_loss":50},{"damage_healed":0,"gold_gain":0,"player_choice":"Trade","damage_taken":0,"relics_obtained":["GremlinMask"],"max_hp_gain":0,"max_hp_loss":0,"event_name":"FaceTrader","floor":13,"gold_loss":0},{"damage_healed":0,"gold_gain":0,"player_choice":"Inject Mutagens","damage_taken":0,"relics_obtained":["MutagenicStrength"],"max_hp_gain":0,"max_hp_loss":0,"event_name":"Drug Dealer","floor":20,"gold_loss":0},{"damage_healed":0,"gold_gain":0,"player_choice":"Ignored","damage_taken":0,"max_hp_gain":0,"max_hp_loss":0,"event_name":"NoteForYourself","floor":21,"gold_loss":0},{"cards_removed":["Strike_R"],"damage_healed":0,"gold_gain":0,"player_choice":"Purged","damage_taken":0,"max_hp_gain":0,"max_hp_loss":0,"event_name":"Purifier","floor":30,"gold_loss":0}],"is_beta":false,"boss_relics":[{"not_picked":["Coffee Dripper","Snecko Eye"],"picked":"Black Star"}],"items_purged_floors":[],"is_endless":false,"potions_floor_spawned":[2,4,7,14,16,24,29,31],"killed_by":"Champ","ascension_level":0}}