{"host":"pf9sh7nh6rpu9sau","time":1608675988,"event":{"mods":["2.2 Compatiblity","BaseMod","BetterRewards","Downfall","Hermit","Hubris","Mad Scientist","Minty Spire (QoL Compilation)","Permanent Neow","Quick Restart","Replay The Spire","Somnambulant","StSLib","The Clintock","The Cursed","The Disciple","The Hierophant","The Necromancer","The Runesmith","The Servant 0.9.4","TheVacant"],"gold_per_floor":[99,130,130,140,168,184,210,275,275,304,386,124,124,141,157,255,305,316,327,343,376,387,403,428,445,471,471,483,483,483,368,385,488,488,488,488,517,528,563,581,630,342,358,358,249,262,262,262,281,281],"floor_reached":51,"playtime":10203,"items_purged":["champ:Strike","champ:Strike","champ:Defend"],"score":842,"play_id":"4b831f05-c26c-46f1-875d-ee1f35ab31e2","local_time":"20201222172628","is_ascension_mode":false,"campfire_choices":[{"data":"champ:Taunt","floor":1,"key":"SMITH"},{"data":"champ:CheapShot","floor":3,"key":"SMITH"},{"data":"champ:StanceDance","floor":27,"key":"SMITH"},{"data":"champ:CheapShot","floor":35,"key":"SMITH"},{"floor":44,"key":"REST"}],"circlet_count":0,"master_deck":["champ:Defend+1","champ:Defend+1","champ:Defend+1","champ:Execute","champ:Taunt+1","champ:TornadoPunch","champ:CheapShot+1","champ:FocusedBerserking","champ:Encircle","champ:AdrenalArmor","champ:StanceDance+1","champ:IgnorePain","champ:FaceSlap","champ:BerserkerStyle","champ:CrookedStrike","champ:Improvising","champ:Backstep","champ:CheapShot+1","champ:IronFortress","champ:Encircle","champ:Improvising","champ:HeartStrike","champ:BerserkerStyle+1","champ:EnragedBash","champ:FanOfKnives+1","champ:AdrenalArmor+1","expansioncontent:Hexaburn","champ:Shatter+1"],"relics":["champ:ChampionCrown","War Paint","hubris:TenFootPole","Lantern","InkBottle","Regal Pillow","Replay:Ringing Soul","Tiny House","downfall:HeartBlessingGreen","hubris:MysteriousPyramids","Chameleon Ring","downfall:RedIOU","Empty Cage","hubris:Towel","Darkstone Periapt","hubris:DeckOfHolding","Gremlin Food","OrangePellets","hubris:Potato","Pen Nib"],"acts_visited":["Exordium","TheCity","TheBeyond"],"potions_floor_usage":[8,8,15,16,16,16,20,21,26,32,40,43,46,50],"damage_taken":[{"damage":5,"enemies":"3 Sentries","floor":2,"turns":7},{"damage":5,"enemies":"Small Slimes","floor":4,"turns":3},{"damage":52,"enemies":"Lagavulin","floor":5,"turns":9},{"damage":12,"enemies":"Jaw Worm","floor":6,"turns":3},{"damage":53,"enemies":"Lagavulin Event","floor":8,"turns":5},{"damage":34,"enemies":"Gremlin Nob","floor":10,"turns":5},{"damage":16,"enemies":"downfall:FleeingMerchant","floor":12,"turns":5},{"damage":0,"enemies":"Cultist","floor":13,"turns":1},{"damage":17,"enemies":"Gremlin Gang","floor":14,"turns":6},{"damage":8,"enemies":"2 Fungi Beasts","floor":15,"turns":3},{"damage":46,"enemies":"downfall:Defect","floor":16,"turns":10},{"damage":22,"enemies":"Shell Parasite","floor":19,"turns":4},{"damage":55,"enemies":"Shelled Parasite and Fungi","floor":20,"turns":11},{"damage":70,"enemies":"Gremlin Leader","floor":21,"turns":8},{"damage":20,"enemies":"Snake Plant","floor":22,"turns":8},{"damage":25,"enemies":"Snecko","floor":23,"turns":5},{"damage":26,"enemies":"Centurion and Healer","floor":25,"turns":6},{"damage":45,"enemies":"Slavers","floor":26,"turns":6},{"damage":21,"enemies":"Snake Plant","floor":28,"turns":5},{"damage":49,"enemies":"downfall:FleeingMerchant","floor":31,"turns":5},{"damage":24,"enemies":"Cultist and Chosen","floor":32,"turns":8},{"damage":98,"enemies":"downfall:Watcher","floor":33,"turns":11},{"damage":109,"enemies":"Giant Head","floor":37,"turns":9},{"damage":24,"enemies":"Orb Walker","floor":38,"turns":3},{"damage":81,"enemies":"R_Hoarder","floor":39,"turns":8},{"damage":48,"enemies":"3 Shapes","floor":40,"turns":4},{"damage":34,"enemies":"downfall:FleeingMerchant","floor":42,"turns":6},{"damage":67,"enemies":"Writhing Mass","floor":43,"turns":9},{"damage":0,"enemies":"downfall:FleeingMerchant","floor":45,"turns":2},{"damage":6,"enemies":"3 Darklings","floor":46,"turns":5},{"damage":5,"enemies":"Maw","floor":49,"turns":7},{"damage":39,"enemies":"downfall:Silent","floor":50,"turns":11}],"seed_played":"1189170859965997456","potions_obtained":[{"floor":5,"key":"Strength Potion"},{"floor":6,"key":"BlessingOfTheForge"},{"floor":14,"key":"Energy Potion"},{"floor":15,"key":"SkillPotion"},{"floor":16,"key":"Weak Potion"},{"floor":17,"key":"Dexterity Potion"},{"floor":20,"key":"hexamod:EctoCoolerPotion"},{"floor":21,"key":"BlessingOfTheForge"},{"floor":22,"key":"champ:OpenerPotion"},{"floor":33,"key":"SpeedPotion"},{"floor":39,"key":"champ:CounterPotion"},{"floor":40,"key":"Fruit Juice"},{"floor":43,"key":"SpeedPotion"},{"floor":46,"key":"Explosive Potion"}],"is_trial":false,"path_per_floor":["R","E","R","M","E","M","T","?","?","E","T","$","M","M","M","B",null,"R","M","M","E","M","M","T","M","E","R","M","?","?","$","M","B",null,"R","?","E","M","E","M","T","$","M","R","$","M","?","?","M","B",null],"character_chosen":"THE_CHAMP","items_purchased":["champ:BerserkerStyle","Weak Potion","PowerPotion","OrangePellets","hubris:Potato","Pen Nib"],"campfire_rested":1,"item_purchase_floors":[12,12,12,42,45,45],"current_hp_per_floor":[90,90,90,90,68,65,65,37,37,23,23,26,26,23,26,6,107,107,106,89,71,71,76,76,76,60,60,63,63,63,60,63,31,128,128,128,86,74,71,39,39,42,28,85,85,90,93,126,129,129],"gold":281,"neow_bonus":"THREE_CARDS","is_daily":false,"chose_seed":false,"campfire_upgraded":4,"win_rate":0.0,"timestamp":1608675988,"path_taken":["R","E","R","M","E","M","T","?","?","E","?","$","?","M","M","BOSS","R","?","M","E","M","M","T","M","E","R","M","?","?","$","M","BOSS","R","?","E","M","E","M","T","$","M","R","$","M","?","?","M","BOSS"],"items_purchased_type":["Card","Potion","Potion","Relic","Relic","Relic"],"build_version":"2020-12-13","purchased_purges":3,"victory":true,"max_hp_per_floor":[90,90,90,90,90,90,90,90,90,90,90,93,93,93,96,99,107,107,107,107,110,113,113,113,116,119,119,122,122,122,125,128,128,128,128,128,131,131,131,131,131,134,141,141,141,141,144,126,129,129],"card_choices":[{"not_picked":["champ:PerfectedStrike","champ:Backstep"],"picked":"champ:TornadoPunch","floor":0},{"not_picked":["champ:StanceDance","champ:CrookedStrike"],"picked":"champ:CheapShot","floor":2},{"not_picked":["champ:PerfectedStrike","champ:FightOn"],"picked":"champ:FocusedBerserking","floor":4},{"not_picked":["champ:BladeFlurry","champ:BringItOn"],"picked":"champ:Encircle","floor":5},{"not_picked":["champ:StrikeOfGenius","champ:DefensiveStyle"],"picked":"champ:AdrenalArmor","floor":6},{"not_picked":["champ:BladeFlurry","champ:FightOn"],"picked":"champ:StanceDance","floor":8},{"not_picked":["champ:GladiatorsShout","champ:EnGarde"],"picked":"champ:IgnorePain","floor":10},{"not_picked":["champ:Encircle","champ:ShieldSlam"],"picked":"champ:FaceSlap","floor":12},{"not_picked":["champ:FaceSlap","champ:DefensiveShout","champ:StanceDance"],"picked":"SKIP","floor":13},{"not_picked":["champ:FaceSlap","champ:DefensiveShout","champ:StanceDance"],"picked":"SKIP","floor":13},{"not_picked":["champ:Encircle","champ:GutPunch","champ:DefensiveStyle"],"picked":"SKIP","floor":14},{"not_picked":["champ:Haymaker","champ:FlashCut"],"picked":"champ:CrookedStrike","floor":15},{"not_picked":["champ:SteelEdge","champ:MurderStrike"],"picked":"champ:Improvising","floor":16},{"not_picked":["champ:BladeFlurry","champ:FightOn"],"picked":"champ:Backstep","floor":17},{"not_picked":["champ:DefensiveShout+1","champ:FocusedGladiator","champ:GladiatorStyle"],"picked":"SKIP","floor":19},{"not_picked":["champ:DefensiveStyle","champ:PerfectedStrike","champ:RisingSlash+1"],"picked":"SKIP","floor":20},{"not_picked":["champ:Duel","champ:Circumvent+1"],"picked":"champ:CheapShot","floor":21},{"not_picked":["champ:Backstep+1","champ:FlashCut+1"],"picked":"champ:IronFortress","floor":22},{"not_picked":["champ:FaceSlap+1","champ:Circumvent","champ:DefensiveShout+1"],"picked":"SKIP","floor":23},{"not_picked":["champ:Backstep","champ:RisingSlash"],"picked":"champ:Encircle","floor":25},{"not_picked":["champ:CalledShot","champ:IronFortress"],"picked":"champ:Improvising","floor":26},{"not_picked":["champ:AdrenalArmor","champ:Haymaker+1"],"picked":"champ:HeartStrike","floor":28},{"not_picked":["champ:ViciousMockery+1","champ:Shatter"],"picked":"champ:BerserkerStyle","floor":31},{"not_picked":["champ:DefensiveShout+1","champ:Haymaker"],"picked":"champ:EnragedBash","floor":32},{"not_picked":["champ:BringItOn+1","champ:Circumvent+1"],"picked":"champ:FanOfKnives+1","floor":37},{"not_picked":["champ:Circumvent","champ:EnragedBash+1","champ:ShieldWall+1"],"picked":"SKIP","floor":38},{"not_picked":["champ:RisingSlash+1","champ:FocusedBerserking","champ:Circumvent+1"],"picked":"SKIP","floor":39},{"not_picked":["champ:FocusedBerserking","champ:StanceDance","champ:ShieldWall+1"],"picked":"SKIP","floor":40},{"not_picked":["champ:DefensiveShout","champ:IgnorePain"],"picked":"champ:AdrenalArmor+1","floor":42},{"not_picked":["champ:PerfectedStrike","champ:Circumvent+1","champ:AdrenalArmor"],"picked":"SKIP","floor":43},{"not_picked":["champ:StrikeOfGenius","champ:FaceSlap+1","champ:Riposte"],"picked":"SKIP","floor":45},{"not_picked":["champ:GladiatorsShout","champ:Haymaker+1","champ:BladeFlurry"],"picked":"SKIP","floor":46},{"not_picked":["expansioncontent:Sear","expansioncontent:LastStand"],"picked":"expansioncontent:Hexaburn","floor":47},{"not_picked":["champ:FightOn","champ:GladiatorsShout+1"],"picked":"champ:Shatter+1","floor":49}],"player_experience":726087,"relics_obtained":[{"floor":2,"key":"War Paint"},{"floor":5,"key":"hubris:TenFootPole"},{"floor":7,"key":"Lantern"},{"floor":10,"key":"Regal Pillow"},{"floor":11,"key":"Replay:Ringing Soul"},{"floor":21,"key":"hubris:MysteriousPyramids"},{"floor":24,"key":"Happy Flower"},{"floor":26,"key":"Chameleon Ring"},{"floor":37,"key":"Darkstone Periapt"},{"floor":39,"key":"hubris:DeckOfHolding"},{"floor":41,"key":"Gremlin Food"}],"event_choices":[{"damage_healed":0,"gold_gain":0,"player_choice":"Ignored","damage_taken":0,"max_hp_gain":0,"max_hp_loss":0,"event_name":"Vampires","floor":29,"gold_loss":0}],"is_beta":false,"boss_relics":[{"not_picked":["Runic Dome","Kintsugi"],"picked":"Tiny House"},{"not_picked":["Busted Crown","ChewingGum"],"picked":"Empty Cage"}],"items_purged_floors":[12,31,42],"is_endless":false,"potions_floor_spawned":[5,6,14,15,16,20,21,22,23,33,39,40,43,46],"ascension_level":0}}