{"host":"v4tuy5ykrbdcm9o9","time":1608601312,"event":{"mods":["BaseMod","Duelist Mod","Minty Spire (QoL Compilation)","Replay The Spire","StSLib"],"gold_per_floor":[109,126,126,142,112,139,139,170,217,231,231,251,266,291,291,392,392,403,422,422,422,422,422,447,447,523,523,540,556,584,78,78,183,183,202,301,320,320,320,320,320],"floor_reached":40,"playtime":3034,"items_purged":[],"score":536,"play_id":"ec77155c-c944-47e9-8c4f-801925dcdc94","local_time":"20201221204152","is_ascension_mode":true,"campfire_choices":[{"data":"Apotheosis","floor":7,"key":"SMITH"},{"floor":11,"key":"REST"},{"data":"Limit Break","floor":15,"key":"SMITH"},{"data":"J.A.X.","floor":23,"key":"SMITH"},{"floor":25,"key":"REST"},{"floor":27,"key":"REST"},{"floor":32,"key":"REST"}],"circlet_count":0,"master_deck":["Strike_R","Strike_R","Strike_R","Strike_R","Strike_R","Defend_R","Defend_R","Defend_R","Defend_R","Bash","Defend_P","Defend_R","Apotheosis+1","Flex","Sword Boomerang","Thunderclap","Juggernaut","Fire Breathing","Dropkick","Twin Strike","Limit Break+1","Shrug It Off","Barricade","ReplayTheSpireMod:Muscle Training","Bloodletting","J.A.X.+1","Uppercut+1","Hemokinesis","Heavy Blade+1","Twin Strike","Inflame+1","Anger+1","Anger+1","Crow Ritual+1","Demon Form+1","ReplayReversal+1","Infernal Blade+1","Heavy Blade+1","Blood for Blood","Madness","Madness","Enlightenment"],"relics":["Burning Blood","Quantum Egg","ReplayTheSpireMod:TigerMarble","Juzu Bracelet","Self Forming Clay","Black Star","Bronze Scales","Replay:WaspNest","Golden Egg","Replay:Kaleidoscope","Toy Ornithopter","Ancient Tea Set","SacredBark","Boot"],"acts_visited":["Exordium","TheCity","TheBeyond"],"potions_floor_usage":[8,10,13,16,24,30,31,37,40],"damage_taken":[{"damage":0,"enemies":"2 Louse","floor":1,"turns":4},{"damage":5,"enemies":"Jaw Worm","floor":2,"turns":5},{"damage":0,"enemies":"Cultist","floor":4,"turns":3},{"damage":24,"enemies":"Lagavulin","floor":6,"turns":6},{"damage":32,"enemies":"Gremlin Nob","floor":8,"turns":4},{"damage":3,"enemies":"Blue Slaver","floor":10,"turns":4},{"damage":7,"enemies":"Looter","floor":12,"turns":3},{"damage":7,"enemies":"Exordium Wildlife","floor":13,"turns":3},{"damage":24,"enemies":"Lagavulin","floor":14,"turns":6},{"damage":44,"enemies":"Hexaghost","floor":16,"turns":8},{"damage":23,"enemies":"Chosen","floor":18,"turns":6},{"damage":40,"enemies":"2 Thieves","floor":19,"turns":5},{"damage":58,"enemies":"Gremlin Leader","floor":24,"turns":5},{"damage":6,"enemies":"3 Cultists","floor":28,"turns":4},{"damage":15,"enemies":"Centurion and Healer","floor":29,"turns":5},{"damage":31,"enemies":"Slavers","floor":30,"turns":3},{"damage":71,"enemies":"Automaton","floor":33,"turns":9},{"damage":10,"enemies":"3 Shapes","floor":35,"turns":4},{"damage":16,"enemies":"3 Darklings","floor":37,"turns":5},{"damage":88,"enemies":"Nemesis","floor":40,"turns":6}],"seed_played":"-379171294265326172","potions_obtained":[{"floor":5,"key":"Ancient Potion"},{"floor":5,"key":"Doom Potion"},{"floor":6,"key":"ColorlessPotion"},{"floor":8,"key":"BloodPotion"},{"floor":10,"key":"ColorlessPotion"},{"floor":14,"key":"Dexterity Potion"},{"floor":24,"key":"FearPotion"},{"floor":28,"key":"Ancient Potion"},{"floor":30,"key":"Toxic Potion"},{"floor":33,"key":"Strength Potion"},{"floor":35,"key":"BloodPotion"}],"is_trial":false,"path_per_floor":["M","M","?","M","?","E","R","E","T","M","R","M","M","E","R","B",null,"M","M","?","?","?","R","E","R","T","R","M","M","E","$","R","B",null,"M","?","M","?","?","E"],"character_chosen":"IRONCLAD","items_purchased":["Inflame","Anger","Crow Ritual","Ancient Tea Set","BloodPotion"],"campfire_rested":4,"item_purchase_floors":[31,31,31,31,31],"current_hp_per_floor":[80,80,85,85,85,67,67,41,41,61,85,84,83,65,65,27,85,68,34,62,62,62,62,10,35,35,60,60,51,26,48,73,8,85,81,60,55,44,44,0,0],"gold":320,"neow_bonus":"RANDOM_COLORLESS_2","is_daily":false,"chose_seed":false,"campfire_upgraded":3,"win_rate":0.0,"timestamp":1608601312,"path_taken":["M","M","?","M","?","E","R","E","T","M","R","M","M","E","R","BOSS","M","M","?","?","?","R","E","R","T","R","M","M","E","$","R","BOSS","M","?","M","?","?","E"],"items_purchased_type":["Card","Card","Card","Relic","Potion"],"build_version":"2020-12-13","purchased_purges":0,"victory":false,"max_hp_per_floor":[80,80,85,85,85,85,85,85,85,85,85,85,85,85,85,85,85,85,85,85,85,85,85,85,85,85,85,85,85,85,85,85,85,85,85,85,85,85,85,85,85],"card_choices":[{"not_picked":["Thinking Ahead","The Bomb"],"picked":"Apotheosis","floor":0},{"not_picked":["Heavy Blade","Twin Strike"],"picked":"Flex","floor":1},{"not_picked":["Reckless Charge","ReplayTheSpireMod:Strike From Hell"],"picked":"Sword Boomerang","floor":2},{"not_picked":["Cleave","Armaments"],"picked":"Thunderclap","floor":4},{"not_picked":["Flex","Feel No Pain"],"picked":"Juggernaut","floor":6},{"not_picked":["Evolve","ReplayTheSpireMod:LeadingStrike"],"picked":"Fire Breathing","floor":8},{"not_picked":["Armaments","Clothesline"],"picked":"Dropkick","floor":10},{"not_picked":["Thunderclap","Clothesline"],"picked":"Twin Strike","floor":12},{"not_picked":["Sword Boomerang","Burning Pact"],"picked":"Limit Break","floor":13},{"not_picked":["Exhume","Second Wind"],"picked":"Shrug It Off","floor":14},{"not_picked":["Berserk","Impervious"],"picked":"Barricade","floor":16},{"not_picked":["Reckless Charge","Clothesline"],"picked":"ReplayTheSpireMod:Muscle Training","floor":18},{"not_picked":["Whirlwind","Wild Strike"],"picked":"Bloodletting","floor":19},{"not_picked":["Exhume","Pommel Strike"],"picked":"Uppercut+1","floor":24},{"not_picked":["Burning Pact","Warcry+1"],"picked":"Hemokinesis","floor":28},{"not_picked":["Sword Boomerang+1","Feed"],"picked":"Heavy Blade+1","floor":29},{"not_picked":["Abandon","Hemokinesis"],"picked":"Twin Strike","floor":30},{"not_picked":["Berserk","Bludgeon"],"picked":"Demon Form","floor":33},{"not_picked":["Havoc","Warcry"],"picked":"ReplayReversal+1","floor":35},{"not_picked":["Massacre","Sword Boomerang"],"picked":"Infernal Blade+1","floor":36},{"not_picked":["Cleave","Pummel"],"picked":"Heavy Blade+1","floor":36},{"not_picked":["Flame Barrier+1","Sentinel"],"picked":"Blood for Blood","floor":37},{"not_picked":["Chrysalis","Finesse"],"picked":"Enlightenment","floor":39}],"player_experience":406845,"relics_obtained":[{"floor":6,"key":"Quantum Egg"},{"floor":8,"key":"ReplayTheSpireMod:TigerMarble"},{"floor":9,"key":"Juzu Bracelet"},{"floor":14,"key":"Self Forming Clay"},{"floor":24,"key":"Bronze Scales"},{"floor":24,"key":"Replay:WaspNest"},{"floor":26,"key":"Golden Egg"},{"floor":30,"key":"Replay:Kaleidoscope"},{"floor":30,"key":"Toy Ornithopter"},{"floor":36,"key":"Boot"}],"event_choices":[{"damage_healed":0,"gold_gain":0,"player_choice":"Donut","damage_taken":0,"max_hp_gain":5,"max_hp_loss":0,"event_name":"Big Fish","floor":3,"gold_loss":0},{"damage_healed":0,"gold_gain":0,"player_choice":"Bought 2 Potions","damage_taken":0,"max_hp_gain":0,"max_hp_loss":0,"event_name":"The Woman in Blue","floor":5,"gold_loss":0},{"damage_healed":28,"gold_gain":0,"player_choice":"Heal","damage_taken":0,"max_hp_gain":0,"max_hp_loss":0,"event_name":"The Library","floor":20,"gold_loss":0},{"damage_healed":0,"gold_gain":0,"player_choice":"Obtain J.A.X.","damage_taken":0,"max_hp_gain":0,"max_hp_loss":0,"event_name":"Drug Dealer","floor":21,"gold_loss":0,"cards_obtained":["J.A.X."]},{"damage_healed":0,"gold_gain":0,"player_choice":"Ignored","damage_taken":0,"max_hp_gain":0,"max_hp_loss":0,"event_name":"Ghosts","floor":22,"gold_loss":0},{"damage_healed":0,"gold_gain":0,"player_choice":"Embrace Madness","damage_taken":11,"max_hp_gain":0,"max_hp_loss":0,"event_name":"Winding Halls","floor":38,"gold_loss":0,"cards_obtained":["Madness","Madness"]},{"damage_healed":0,"gold_gain":0,"player_choice":"Memory 1","damage_taken":0,"max_hp_gain":0,"max_hp_loss":0,"event_name":"SensoryStone","floor":39,"gold_loss":0}],"is_beta":false,"boss_relics":[{"not_picked":["Astrolabe","Painkiller Herb"],"picked":"Black Star"},{"not_picked":["Replay:Grab Bag","Velvet Choker"],"picked":"SacredBark"}],"items_purged_floors":[],"is_endless":false,"potions_floor_spawned":[6,8,10,14,24,28,30,33,35],"killed_by":"Nemesis","ascension_level":3}}