{"host":"yp2ga117svxnbcen","time":1608628655,"event":{"mods":["Act Like it!","Aspiration","BaseMod","BetterRewards","ChefMod","Colored Map","Conspire","Custom Start","Downfall","Elementarium","Gensokyo","GifTheSpireLib","Gold Saver","GungeonMod","Halation","Hallownest","Hermit","HornydragonMod","Hubris","Menagerie","Minty Spire (QoL Compilation)","Quick Restart","Remove Card Discount Mod","Replay The Spire","Shop Mod","Spicy Shops","StSLib","Stuff the Spire","The Blue Laboratory","The IronCluck","egg","slay the spire mod where everything is the same but ironclad has a cowboy hat","vexMod","??????REMEMod"],"gold_per_floor":[99,135,153,153,164,164,187,187,8,8,23,51,51,70,87,183,183,183,195,212,228,228,228,228,228,228,105,133,133,133,133],"floor_reached":29,"playtime":924,"items_purged":["ReplayTheSpireMod:Splinters","hexamod:Strike","hexamod:Strike","hexamod:Strike"],"score":306,"play_id":"4d38b107-f77c-4e53-b9c3-30e85a3dd158","local_time":"20201222011735","is_ascension_mode":true,"campfire_choices":[{"data":"hexamod:ChargedBarrage","floor":1,"key":"SMITH"},{"data":"hexamod:FlamesFromBeyond","floor":6,"key":"SMITH"},{"data":"Apotheosis","floor":10,"key":"SMITH"},{"floor":13,"key":"REST"},{"data":"hexamod:HexaLevel","floor":18,"key":"SMITH"},{"floor":23,"key":"REST"},{"floor":25,"key":"REST"}],"circlet_count":0,"master_deck":["hexamod:Defend","hexamod:Defend","hexamod:Defend","hexamod:Sear","hexamod:Float","hexamod:ChargedBarrage+1","hexamod:ChargedBarrage","hexamod:SpectersWail","hexamod:HeatMetal","hexamod:FlamesFromBeyond+1","hexamod:ChargedBarrage","Apotheosis+1","hexamod:FastForward","hexamod:StepThrough","hexamod:Again","hexamod:HexaLevel+1","hubris:DoWhile","hexamod:WildfireWeapon","hexamod:ExtraCrispy+1","hexamod:BurningTouch","Apotheosis+1","hexamod:RainOfEmbers+1","hexamod:TurnItUp+1"],"relics":["hexamod:SpiritBrand","REME_ComplimentaryCards","hubris:Zylophone","hubris:TenFootPole","Replay:Accelerometer","DemoMod:MemoryAlloy","hubris:ScarierMask","hubris:Towel","StuffTheSpire:EmeraldSignet","DemoMod:ChaffGrenade"],"acts_visited":["Exordium","TheCity"],"potions_floor_usage":[12,15,16,20,28,29],"damage_taken":[{"damage":7,"enemies":"2 Louse","floor":3,"turns":3},{"damage":0,"enemies":"Small Slimes","floor":5,"turns":3},{"damage":8,"enemies":"downfall:FleeingMerchant","floor":9,"turns":4},{"damage":0,"enemies":"Cultist","floor":11,"turns":3},{"damage":15,"enemies":"3 Sentries","floor":12,"turns":4},{"damage":7,"enemies":"Red Slaver","floor":14,"turns":3},{"damage":8,"enemies":"Exordium Thugs","floor":15,"turns":3},{"damage":27,"enemies":"downfall:Ironclad","floor":16,"turns":7},{"damage":19,"enemies":"conspire:FuzzyDice","floor":19,"turns":3},{"damage":4,"enemies":"Shell Parasite","floor":20,"turns":4},{"damage":13,"enemies":"Chosen and Byrds","floor":21,"turns":4},{"damage":0,"enemies":"downfall:FleeingMerchant","floor":27,"turns":4},{"damage":56,"enemies":"conspire:Head Lice","floor":28,"turns":7},{"damage":10,"enemies":"Cultist and Chosen","floor":29,"turns":3}],"seed_played":"-2026306626332695476","potions_obtained":[{"floor":4,"key":"Doom Potion"},{"floor":11,"key":"Strength Potion"},{"floor":14,"key":"Adrenaline Potion"},{"floor":15,"key":"Fire Potion"},{"floor":16,"key":"Block Potion"},{"floor":19,"key":"Explosive Potion"},{"floor":21,"key":"blueLaboratory:AbyssPotion"},{"floor":28,"key":"blueLaboratory:SavagePotion"}],"is_trial":false,"path_per_floor":["R","?","M","?","M","R","T","?","$","R","M","E","R","M","M","B",null,"R","M","M","M","?","R","T","R","?","$","E","M"],"character_chosen":"THE_SPIRIT","items_purchased":["Apotheosis","hexamod:TurnItUp+1"],"campfire_rested":3,"item_purchase_floors":[9,27],"current_hp_per_floor":[63,63,56,56,56,56,56,53,45,45,45,30,48,41,33,6,63,63,44,40,27,27,45,45,63,63,63,9,0,0,0],"gold":133,"neow_bonus":"TRANSFORM_TWO_CARDS","is_daily":false,"chose_seed":false,"campfire_upgraded":4,"win_rate":0.0,"timestamp":1608628655,"path_taken":["R","?","M","?","M","R","T","?","$","R","M","E","R","M","M","BOSS","R","M","M","M","?","R","T","R","?","$","E","M"],"items_purchased_type":["Card","Card"],"build_version":"2020-12-13","purchased_purges":4,"victory":false,"max_hp_per_floor":[63,63,63,63,63,63,63,63,63,63,63,63,63,63,63,63,63,63,63,63,63,63,63,63,63,63,63,63,63,63,63],"card_choices":[{"not_picked":["hexamod:ShieldOfDarkness","hexamod:Haunt"],"picked":"hexamod:SpectersWail","floor":2},{"not_picked":["hexamod:RadiantFlame","hexamod:FourthSeal"],"picked":"hexamod:HeatMetal","floor":3},{"not_picked":["hexamod:AdvancingGuard","hexamod:RainOfEmbers"],"picked":"hexamod:FlamesFromBeyond","floor":5},{"not_picked":["hexamod:RetreatToShadows","hexamod:BacktrackSmack"],"picked":"hexamod:ChargedBarrage","floor":9},{"not_picked":["hexamod:SpectralAdrenaline","hexamod:GhostLash"],"picked":"hexamod:FastForward","floor":11},{"not_picked":["hexamod:FourthSeal","hexamod:BacktrackSmack"],"picked":"hexamod:StepThrough","floor":12},{"not_picked":["hexamod:RadiantFlame","hexamod:Hexaguard"],"picked":"hexamod:Again","floor":14},{"not_picked":["hexamod:InspiringFlames","hexamod:Haunt"],"picked":"hexamod:HexaLevel","floor":15},{"not_picked":["hexamod:FifthSeal","hexamod:ApocalypticArmor"],"picked":"hexamod:WildfireWeapon","floor":16},{"not_picked":["hexamod:Hexaguard","hexamod:FirstSeal"],"picked":"hexamod:ExtraCrispy+1","floor":19},{"not_picked":["hexamod:FastForward","hexamod:SwordOfDarkness","hexamod:Firestarter"],"picked":"SKIP","floor":20},{"not_picked":["hexamod:BurningTouch","hexamod:Firestarter","hexamod:FastForward"],"picked":"SKIP","floor":21},{"not_picked":["hexamod:Firestarter","hexamod:FastForward"],"picked":"hexamod:BurningTouch","floor":21},{"not_picked":["hexamod:GhostShield","hexamod:ThermalTransfer"],"picked":"hexamod:RainOfEmbers+1","floor":27},{"not_picked":["hexamod:ThermalTransfer","hexamod:ThirdSeal","hexamod:HauntingEcho"],"picked":"SKIP","floor":28}],"player_experience":1152644,"relics_obtained":[{"floor":2,"key":"hubris:Zylophone"},{"floor":7,"key":"hubris:TenFootPole"},{"floor":12,"key":"DemoMod:MemoryAlloy"},{"floor":24,"key":"StuffTheSpire:EmeraldSignet"},{"floor":28,"key":"DemoMod:ChaffGrenade"}],"event_choices":[{"damage_healed":0,"gold_gain":0,"player_choice":"Success","damage_taken":7,"relics_obtained":["Replay:Accelerometer"],"max_hp_gain":0,"max_hp_loss":0,"event_name":"Scrap Ooze","floor":8,"gold_loss":0},{"damage_healed":0,"gold_gain":0,"player_choice":"Copied","damage_taken":0,"max_hp_gain":0,"max_hp_loss":0,"event_name":"Duplicator","floor":26,"gold_loss":0,"cards_obtained":["Apotheosis"]}],"is_beta":false,"boss_relics":[{"not_picked":["Pandora\u0027s Box","halation:PlatinumPhoenix"],"picked":"hubris:ScarierMask"}],"items_purged_floors":[27,27,27,27],"is_endless":false,"potions_floor_spawned":[11,14,15,16,19,21,28],"killed_by":"Cultist and Chosen","ascension_level":1}}