{"host":"a1kj1kkwgoo3jtle","time":1608632653,"event":{"mods":["2.2 Compatiblity","AchievementEnabler","AlwaysNeverKeys","BaseMod","Better Synergies","Better Third Choice","Colored Powertips","Communication Mod","Custom Start","Downfall","Faster Ascension Climbing","Filter the Spire","Friendly Minions","GifTheSpireLib","Gremlin Skip","Highlight Path","HololiveMod","Infinite Spire","Luminous","Minty Spire (QoL Compilation)","Quick Restart","Reimu??????","Relic Stats","Remilia??????","Replay The Spire","Reworked Bosses","Shade Mod","StSLib","The Alterego","The Druid","The Exalted","The Runesmith","The Servant 0.9.4","TheSwordswoman","Wandering Minibosses","WarShipGirlsR/????R mod","Yuri Mod"],"gold_per_floor":[113,113,130,305,321,321,49,66,66,66,98,98,111,144,144,243,243,259,259,259,259,259],"floor_reached":21,"playtime":1186,"items_purged":["Doubt"],"score":321,"play_id":"74936413-42e1-45c8-922c-b3f7b3ee4d84","local_time":"20201222122413","daily_mods":["Vintage","Uncertain Future"],"is_ascension_mode":true,"campfire_choices":[{"data":"theDruid:BriarArmor","floor":6,"key":"SMITH"},{"data":"theDruid:Resupply","floor":10,"key":"SMITH"},{"data":"theDruid:Fortitude","floor":15,"key":"SMITH"}],"circlet_count":0,"master_deck":["theDruid:Defend_O","theDruid:Defend_O","theDruid:Defend_O","theDruid:Defend_O","theDruid:BriarArmor+1","theDruid:WildSlash","theDruid:Fortitude+1","theDruid:Untamed","theDruid:Resupply+1","theDruid:FeralPlants","theDruid:Starfall","theDruid:SurvivalInstincts","Shame","hexamod:Float","theDruid:TearOpen","Specialist","infinitespire:Oblivion","Bite","Bite","Bite","Bite","Bite"],"relics":["theDruid:CrownOfTheWilds","HornCleat","theDruid:HikingStick","infinitespire:Broken Mirror","Centennial Puzzle","Art of War","Bromod:ArcaneMomentum","InkBottle","Akabeko","ReplayTheSpireMod:SealedPack","Smiling Mask"],"acts_visited":["Exordium","TheCity"],"potions_floor_usage":[16,16,16],"damage_taken":[{"damage":2,"enemies":"2 Louse","floor":1,"turns":2},{"damage":5,"enemies":"Jaw Worm","floor":3,"turns":4},{"damage":5,"enemies":"Small Slimes","floor":5,"turns":6},{"damage":1,"enemies":"Looter","floor":8,"turns":3},{"damage":0,"enemies":"3 Sentries","floor":11,"turns":7},{"damage":2,"enemies":"3 Louse","floor":13,"turns":2},{"damage":0,"enemies":"Gremlin Nob","floor":14,"turns":3},{"damage":2,"enemies":"Slime Boss","floor":16,"turns":6},{"damage":0,"enemies":"Spheric Guardian","floor":18,"turns":3},{"damage":0,"enemies":"2 Thieves","floor":21,"turns":1}],"seed_played":"7307676499289444248","potions_obtained":[{"floor":3,"key":"Elixir"},{"floor":5,"key":"GamblersBrew"},{"floor":13,"key":"MagicPotion:ReiMu"},{"floor":14,"key":"PowerPotion"}],"is_trial":true,"path_per_floor":["M","?","M","?","M","R","$","M","T","R","E","?","M","E","R","B",null,"M","?","?","M"],"character_chosen":"DRUID","items_purchased":["theDruid:Fortitude","theDruid:Untamed","theDruid:Resupply"],"campfire_rested":0,"item_purchase_floors":[7,7,7],"current_hp_per_floor":[73,73,68,68,63,63,63,62,62,62,62,62,60,60,60,58,71,71,71,52,52,52],"gold":259,"neow_bonus":"","is_daily":false,"chose_seed":false,"campfire_upgraded":3,"win_rate":0.0,"timestamp":1608632653,"path_taken":["M","?","M","?","M","R","$","M","T","R","E","?","M","E","R","BOSS","M","?","?","M"],"items_purchased_type":["Card","Card","Card"],"build_version":"2020-12-13","purchased_purges":1,"victory":false,"max_hp_per_floor":[75,75,75,75,75,75,75,75,75,75,75,75,75,75,75,75,75,75,75,52,52,52],"relic_stats":{"Centennial Puzzle":[6],"counters":[10,37],"Art of War":[2],"Smiling Mask":0,"obtain_stats":[{"Centennial Puzzle":8,"HornCleat":1,"theDruid:HikingStick":3,"infinitespire:Broken Mirror":5,"ReplayTheSpireMod:SealedPack":17,"Art of War":9,"Smiling Mask":18,"InkBottle":13,"Akabeko":14,"theDruid:CrownOfTheWilds":0,"Bromod:ArcaneMomentum":11},{"Centennial Puzzle":4,"HornCleat":1,"theDruid:HikingStick":2,"infinitespire:Broken Mirror":3,"ReplayTheSpireMod:SealedPack":8,"Art of War":4,"Smiling Mask":9,"InkBottle":6,"Akabeko":7,"theDruid:CrownOfTheWilds":0,"Bromod:ArcaneMomentum":5},{"Centennial Puzzle":15,"HornCleat":2,"theDruid:HikingStick":6,"infinitespire:Broken Mirror":12,"ReplayTheSpireMod:SealedPack":33,"Art of War":15,"Smiling Mask":36,"InkBottle":24,"Akabeko":27,"theDruid:CrownOfTheWilds":0,"Bromod:ArcaneMomentum":22}],"InkBottle":[7]},"card_choices":[{"not_picked":["theDruid:Gore","theDruid:FuriousSlash"],"picked":"theDruid:FeralPlants","floor":11},{"not_picked":["theDruid:ExposingSlash","theDruid:WildFrenzy"],"picked":"theDruid:Starfall","floor":14},{"not_picked":["theDruid:Rabid","theDruid:Restoration"],"picked":"theDruid:SurvivalInstincts","floor":16},{"not_picked":["m_Survivalism","Bash"],"picked":"hexamod:Float","floor":17},{"not_picked":["theDruid:Earthquake","theDruid:Restoration"],"picked":"theDruid:TearOpen","floor":17},{"not_picked":["expansioncontent:PolyBeam","expansioncontent:HyperBeam"],"picked":"Specialist","floor":17},{"not_picked":["infinitespire:Starlight","infinitespire:Gouge"],"picked":"infinitespire:Oblivion","floor":17}],"player_experience":59787,"relics_obtained":[{"floor":1,"key":"HornCleat"},{"floor":3,"key":"theDruid:HikingStick"},{"floor":5,"key":"infinitespire:Broken Mirror"},{"floor":8,"key":"Centennial Puzzle"},{"floor":9,"key":"Art of War"},{"floor":11,"key":"Bromod:ArcaneMomentum"},{"floor":13,"key":"InkBottle"},{"floor":14,"key":"Akabeko"},{"floor":18,"key":"Smiling Mask"}],"event_choices":[{"damage_healed":0,"gold_gain":0,"player_choice":"Ignored","damage_taken":0,"max_hp_gain":0,"max_hp_loss":0,"event_name":"Golden Wing","floor":2,"gold_loss":0},{"damage_healed":0,"gold_gain":175,"player_choice":"AGREE","damage_taken":130,"max_hp_gain":0,"max_hp_loss":0,"event_name":"betterThird:BetterSerpent","floor":4,"gold_loss":0},{"damage_healed":0,"gold_gain":0,"player_choice":"Leave","damage_taken":0,"max_hp_gain":0,"max_hp_loss":0,"event_name":"The Cleric","floor":12,"gold_loss":0},{"damage_healed":0,"gold_gain":0,"player_choice":"Became a vampire","damage_taken":0,"max_hp_gain":0,"max_hp_loss":23,"event_name":"Vampires","floor":20,"gold_loss":0,"cards_obtained":["Bite","Bite","Bite","Bite","Bite"]}],"is_beta":false,"boss_relics":[{"not_picked":["Painkiller Herb","Honey Jar"],"picked":"ReplayTheSpireMod:SealedPack"}],"items_purged_floors":[7],"is_endless":false,"potions_floor_spawned":[3,5,13,14],"killed_by":"2 Thieves","ascension_level":5}}