{"host":"m3qxensetu6036ua","time":1608636731,"event":{"mods":["2.2 Compatiblity","AchievementEnabler","BaseMod","Better Altar","Better Match","Better Sensory Stone","Better Skull","Better Third Choice","Better Vampires","Block Reminder","Colored Powertips","Displayed Cursed Tome","Hubris","Jedi Mod","Minty Spire (QoL Compilation)","Rare Cards Sparkle","Remove Card Discount Mod","Replay The Spire","Spicy Shops","StSLib","The Bug Knight"],"gold_per_floor":[116,135,147,147,257,298,17,17,17,32,32,50,76,96,159,159,159],"floor_reached":16,"playtime":1457,"items_purged":["Injury","ReplayTheSpireMod:Splinters","HollowMod:NailStrikeStart"],"score":102,"play_id":"562280cb-9088-4a3c-bc78-9f2b3372576d","local_time":"20201222123211","is_ascension_mode":false,"campfire_choices":[{"floor":8,"key":"REST"},{"floor":11,"key":"REST"}],"circlet_count":0,"master_deck":["HollowMod:NailStrikeStart","HollowMod:NailStrikeStart","HollowMod:NailStrikeStart","HollowMod:QuickDashStart","HollowMod:QuickDashStart","HollowMod:QuickDashStart","HollowMod:QuickDashStart","HollowMod:FocusHealStart","HollowMod:PogoStrike","HollowMod:ChannelNail","HollowMod:SoulSplash","HollowMod:CloakDash","HollowMod:FallenFury","HollowMod:PureNailStrike","HollowMod:SoulEater"],"relics":["HollowMod:VesselMask","Golden Idol","hubris:OldNail","Blue Doll","Replay:Baseball","hubris:DeckOfHolding","Nunchaku"],"acts_visited":["Exordium"],"potions_floor_usage":[6,6,6,12,14,16],"damage_taken":[{"damage":12,"enemies":"Small Slimes","floor":1,"turns":3},{"damage":6,"enemies":"2 Louse","floor":2,"turns":2},{"damage":1,"enemies":"Jaw Worm","floor":3,"turns":3},{"damage":41,"enemies":"Lagavulin","floor":6,"turns":8},{"damage":4,"enemies":"Exordium Wildlife","floor":10,"turns":4},{"damage":0,"enemies":"Large Slime","floor":12,"turns":3},{"damage":7,"enemies":"Lots of Slimes","floor":14,"turns":6},{"damage":87,"enemies":"Fading Forest","floor":16,"turns":11}],"seed_played":"4167089182641525477","potions_obtained":[{"floor":0,"key":"Toxic Potion"},{"floor":0,"key":"SneckoOil"},{"floor":0,"key":"Flashbang"},{"floor":6,"key":"Explosive Potion"},{"floor":10,"key":"Weak Potion"},{"floor":12,"key":"SkillPotion"}],"is_trial":false,"path_per_floor":["M","M","M","?","?","E","$","R","T","M","R","M","T","M","R","B"],"character_chosen":"THE_BUGKNIGHT","items_purchased":["HollowMod:FallenFury","Replay:Baseball"],"campfire_rested":2,"item_purchase_floors":[7,7],"current_hp_per_floor":[63,57,56,56,56,21,21,43,43,39,61,61,61,54,54,0,0],"gold":159,"neow_bonus":"THREE_SMALL_POTIONS","is_daily":false,"chose_seed":false,"campfire_upgraded":0,"win_rate":0.0,"timestamp":1608636731,"path_taken":["M","M","M","?","?","E","$","R","T","?","R","M","?","M","R","BOSS"],"items_purchased_type":["Card","Relic"],"build_version":"2020-12-13","purchased_purges":3,"victory":false,"max_hp_per_floor":[75,75,75,75,75,75,75,75,75,75,75,75,75,75,75,75,75],"card_choices":[{"not_picked":["HollowMod:CrystalDash","HollowMod:GoodIntentions"],"picked":"HollowMod:ChannelNail","floor":1},{"not_picked":["HollowMod:GrimmsGift","HollowMod:ShadowDash","HollowMod:BaldurShell"],"picked":"SKIP","floor":2},{"not_picked":["HollowMod:AbyssShriek","HollowMod:SoulShaman","HollowMod:MawleksShell"],"picked":"SKIP","floor":3},{"not_picked":["HollowMod:CornifersMapStart","HollowMod:RecoilStrike"],"picked":"HollowMod:SoulSplash","floor":5},{"not_picked":["HollowMod:DescendingDark","HollowMod:HornetsHelp"],"picked":"HollowMod:CloakDash","floor":5},{"not_picked":["HollowMod:ShadowDash","HollowMod:DashSlash","HollowMod:NewLittleFool"],"picked":"SKIP","floor":6},{"not_picked":["HollowMod:MawleksShell","HollowMod:DescendingDark"],"picked":"HollowMod:PureNailStrike","floor":10},{"not_picked":["HollowMod:DoubleDash","HollowMod:SiblingsSouls","HollowMod:NewLittleFool"],"picked":"SKIP","floor":12},{"not_picked":["HollowMod:NewInfectedGuardian","HollowMod:CycloneSlash"],"picked":"HollowMod:SoulEater","floor":14}],"player_experience":136385,"relics_obtained":[{"floor":5,"key":"hubris:OldNail"},{"floor":6,"key":"Blue Doll"},{"floor":9,"key":"hubris:DeckOfHolding"},{"floor":13,"key":"Nunchaku"}],"event_choices":[{"damage_healed":0,"gold_gain":0,"player_choice":"Take Wound","damage_taken":0,"relics_obtained":["Golden Idol"],"max_hp_gain":0,"max_hp_loss":0,"event_name":"Golden Idol","floor":4,"gold_loss":0,"cards_obtained":["Injury"]}],"is_beta":false,"boss_relics":[],"items_purged_floors":[7,7,7],"is_endless":false,"potions_floor_spawned":[6,10,12],"killed_by":"Fading Forest","ascension_level":0}}