{"host":"x5a6cvihdukvwm3n","time":1608634964,"event":{"mods":["AlwaysNeverKeys","Aspiration","BaseMod","Beaked The Cultist","BetterRewards","Colored Map","Colored Powertips","Conspire","Curses Come First","Downfall","Friendly Minions","GifTheSpireLib","Gremlin Mod","Halation","Highlight Path","Hubris","Minty Spire (QoL Compilation)","Replay The Spire","Shop Mod","StSLib","Stuff the Spire","SuperFastMode","Synergy Search","Td1madao Mod","The Bladedancer","The Construct","The Disciple","The Jungle","The Servant 0.9.4","vexMod"],"gold_per_floor":[99,115,132,132,146,177,177,177,89,107,107,107,107,138,150,250,250,250,264,264,364,381,396,396,396,371,81,113,21,21,48,61,165,165,90,100,114,219,219,236,282,163,198,209,59,79,79,111,122,122,122,152,35,35,35],"floor_reached":56,"playtime":4241,"items_purged":["Slimebound:DivideAndConquer"],"score":1434,"play_id":"be2a01da-96e6-4b0a-ad07-904e2328fd7f","local_time":"20201222120244","is_ascension_mode":true,"campfire_choices":[{"data":"Slimebound:Split","floor":8.0,"key":"SMITH"},{"data":"Slimebound:CheckThePlaybook","floor":11.0,"key":"SMITH"},{"data":"Slimebound:Recycling","floor":18.0,"key":"SMITH"},{"data":"Slimebound:SpikyOuterGoop","floor":25.0,"key":"SMITH"},{"data":"Slimebound:Gluttony","floor":30.0,"key":"SMITH"},{"floor":35.0,"key":"RECALL"},{"data":"Slimebound:Recycling","floor":45,"key":"SMITH"},{"data":"Slimebound:AcidTongue","floor":47,"key":"SMITH"},{"floor":54,"key":"REST"}],"circlet_count":0,"master_deck":["Slimebound:Tackle","Slimebound:Defend_Slimebound","Slimebound:Defend_Slimebound","Slimebound:Defend_Slimebound","Slimebound:Defend_Slimebound","Slimebound:Split+1","Slimebound:CorrosiveSpit","Slimebound:SplitBruiser","Slimebound:Recollect","Slimebound:SlimeSpikes","Slimebound:CheckThePlaybook+1","Slimebound:SpikyOuterGoop+1","Slimebound:RejuvenatingLick","Slimebound:Nibble","Slimebound:Recycling+1","Slimebound:Schlurp+1","Slimebound:Tackle+1","Slimebound:Tackle+1","Slimebound:Tackle+1","Slimebound:Teamwork","Slimebound:SplitBruiser","Slimebound:ProtectTheBoss","Slimebound:ForwardTackle+1","Slimebound:BestDefense","Slimebound:Gluttony+1","Panache","expansioncontent:DecasProtection","Crow Ritual","Slimebound:LeechEnergy+1","Slimebound:SplitMire+1","expansioncontent:DefensiveStance","Slimebound:SlimeBarrage","Slimebound:MassRepurpose","Slimebound:GrowthPunch","Slimebound:RejuvenatingLick","Slimebound:RallyTheTroops","Replay:Bootleg Shield Generator","Slimebound:Recycling+1","Slimebound:AcidTongue+1","Slimebound:BestDefense","Slimebound:SplitBruiser+1","Slimebound:AcidTongue+1","Slimebound:LeadByExample+1","Slimebound:GrowthPunch+1","Slimebound:Gluttony"],"relics":["Slimebound:AbsorbEndCombat","hubris:EvacipatedBox","conspire:Flyswatter","Slimebound:SlimedTailRelic","vexMod:MemoryStick","hubris:Potato","hubris:Towel","hubris:Icosahedron","Onion Ring","halation:Yufonium","Incense Burner","Letter Opener","The Courier","Replay:Ringing Soul","MerchantsRug","ReplayTheSpireMod:ShopPack","Counterbalance","MealTicket","Ring of Chaos","downfall:HeartBlessingGreen","BargainBundle","Replay:WaspNest","aspiration:ChemicalBlood","StuffTheSpire:Tea","downfall:HeartBlessingRed","downfall:HeartBlessingBlue","vexMod:FocusSash","Simple Rune","Lantern"],"acts_visited":["Exordium","TheCity","TheBeyond","TheEnding"],"potions_floor_usage":[44,46,46,49,49,50,50,50,52,55,55,55],"damage_taken":[{"damage":12.0,"enemies":"2 Louse","floor":2.0,"turns":3.0},{"damage":12.0,"enemies":"Cultist","floor":3.0,"turns":3.0},{"damage":4.0,"enemies":"Jaw Worm","floor":5.0,"turns":2.0},{"damage":12.0,"enemies":"conspire:MimicChest","floor":6.0,"turns":4.0},{"damage":4.0,"enemies":"downfall:FleeingMerchant","floor":9.0,"turns":4.0},{"damage":20.0,"enemies":"3 Louse","floor":10.0,"turns":3.0},{"damage":18.0,"enemies":"Gremlin Nob","floor":14.0,"turns":4.0},{"damage":0.0,"enemies":"Exordium Wildlife","floor":15.0,"turns":2.0},{"damage":9.0,"enemies":"downfall:Defect","floor":16.0,"turns":3.0},{"damage":30.0,"enemies":"3 Byrds","floor":19.0,"turns":4.0},{"damage":28.0,"enemies":"downfall:Watcher","floor":21.0,"turns":6.0},{"damage":27.0,"enemies":"Shell Parasite","floor":22.0,"turns":5.0},{"damage":35.0,"enemies":"Shelled Parasite and Fungi","floor":23.0,"turns":5.0},{"damage":26.0,"enemies":"Book of Stabbing","floor":26.0,"turns":5.0},{"damage":3.0,"enemies":"downfall:FleeingMerchant","floor":27.0,"turns":4.0},{"damage":14.0,"enemies":"conspire:SneckoGhost","floor":28.0,"turns":5.0},{"damage":15.0,"enemies":"downfall:FleeingMerchant","floor":29.0,"turns":4.0},{"damage":28.0,"enemies":"Gremlin Leader","floor":31.0,"turns":6.0},{"damage":3.0,"enemies":"Snake Plant","floor":32.0,"turns":3.0},{"damage":16.0,"enemies":"downfall:Ironclad","floor":33.0,"turns":7.0},{"damage":12.0,"enemies":"3 Shapes","floor":36.0,"turns":4.0},{"damage":48.0,"enemies":"Orb Walker","floor":37.0,"turns":5.0},{"damage":15.0,"enemies":"downfall:FleeingMerchant","floor":38.0,"turns":4.0},{"damage":53,"enemies":"Reptomancer","floor":40,"turns":5},{"damage":31,"enemies":"beaked:SuperParasite","floor":43,"turns":7},{"damage":55,"enemies":"Transient","floor":44,"turns":5},{"damage":47,"enemies":"Spire Growth","floor":46,"turns":4},{"damage":17,"enemies":"R_Hoarder","floor":48,"turns":6},{"damage":62,"enemies":"Maw","floor":49,"turns":7},{"damage":18,"enemies":"downfall:Watcher","floor":50,"turns":7},{"damage":128,"enemies":"downfall:CharBossMerchant","floor":52,"turns":8},{"damage":30,"enemies":"downfall:NeowBoss","floor":55,"turns":22}],"seed_played":"7572850596128433357","potions_obtained":[{"floor":5.0,"key":"FearPotion"},{"floor":15.0,"key":"Milkshake"},{"floor":16.0,"key":"Adrenaline Potion"},{"floor":22.0,"key":"FearPotion"},{"floor":23.0,"key":"LifebloodPotion"},{"floor":32.0,"key":"SkillPotion"},{"floor":33.0,"key":"CultistPotion"},{"floor":44,"key":"Elixir"},{"floor":44,"key":"SpeedPotion"},{"floor":46,"key":"FearPotion"},{"floor":46,"key":"AttackPotion"},{"floor":49,"key":"DistilledChaos"},{"floor":49,"key":"Slimebound:ThreeZeroPotion"},{"floor":50,"key":"Slimebound:SlimyTonguePotion"},{"floor":52,"key":"construct:ShiftPotion"},{"floor":52,"key":"Block Potion"}],"is_trial":false,"path_per_floor":["R_BF","M","M","$","M","?","T","R","$","M","R","?","?","E","M","B",null,"R","M","?","?","M","M","T","R","E","$","E","$","R","E","M","B",null,"R","M","M","$","T","E","T","$","E","M","R","M","R","E","M","B",null,"E","$","R","B",null],"character_chosen":"SLIMEBOUND","items_purchased":["Slimebound:SlimyTonguePotion","hubris:EvacipatedBox","conspire:Flyswatter","Slimebound:SlimedTailRelic","Slimebound:SpikyOuterGoop","Slimebound:Gluttony","MerchantsRug","ReplayTheSpireMod:ShopPack","expansioncontent:DefensiveStance","BargainBundle","Replay:WaspNest","DistilledChaos","LiquidMemories","BlessingOfTheForge","Slimebound:RejuvenatingLick","Slimebound:RallyTheTroops","Replay:Bootleg Shield Generator","Slimebound:AcidTongue","Slimebound:BestDefense","Lantern","BlessingOfTheForge"],"campfire_rested":1,"item_purchase_floors":[4,4,4,4,9,27,27,27,29,38,38,38,38,38,38,38,38,42,42,53,53],"current_hp_per_floor":[71,63,67,8,12,28,28,28,56,44,44,44,44,52,68,71,71,71,51,51,63,54,51,51,51,58,77,80,80,80,86,86,89,89,89,84,70,95,95,77,77,95,98,92,102,94,94,120,78,112,123,64,79,116,126],"gold":35,"neow_bonus":"TEN_PERCENT_HP_BONUS","is_daily":false,"chose_seed":false,"campfire_upgraded":7,"win_rate":0.0,"timestamp":1608634964,"path_taken":["R_BF","M","M","?","?","?","T","R","$","M","R","?","?","E","M","BOSS","R","M","?","?","M","M","T","R","E","$","E","?","R","E","M","BOSS","R","M","M","$","?","E","T","?","E","M","R","M","R","E","M","BOSS","E","$","R","BOSS"],"items_purchased_type":["Potion","Relic","Relic","Relic","Card","Card","Relic","Relic","Card","Relic","Relic","Potion","Potion","Potion","Card","Card","Card","Card","Card","Relic","Potion"],"build_version":"2020-12-13","purchased_purges":1,"victory":true,"max_hp_per_floor":[71,71,71,71,71,71,71,71,71,71,71,71,71,71,71,71,71,71,71,71,71,71,71,71,71,74,77,80,83,83,86,86,89,89,89,89,92,95,95,98,98,101,101,104,114,117,117,120,123,123,123,126,126,126,126],"card_choices":[{"not_picked":["Slimebound:FinishingTackle","Slimebound:LeechEnergy"],"picked":"Slimebound:SplitBruiser","floor":2.0},{"not_picked":["Slimebound:SplitMire","Slimebound:Replication"],"picked":"Slimebound:DivideAndConquer","floor":3.0},{"not_picked":["Slimebound:ComboTackle","Slimebound:ViciousTackle"],"picked":"Slimebound:Recollect","floor":5.0},{"not_picked":["Slimebound:LeechEnergy","Slimebound:FlameTackle"],"picked":"Slimebound:SlimeSpikes","floor":6.0},{"not_picked":["Slimebound:RollThrough","Slimebound:GrowthPunch"],"picked":"Slimebound:CheckThePlaybook","floor":9.0},{"not_picked":["Slimebound:Equalize","Slimebound:FinishingTackle"],"picked":"Slimebound:RejuvenatingLick","floor":10.0},{"not_picked":["Slimebound:ViciousTackle","Slimebound:ItLooksTasty"],"picked":"Slimebound:Nibble","floor":14.0},{"not_picked":["Slimebound:TongueLash","Slimebound:DivideAndConquer","Slimebound:ComboTackle"],"picked":"SKIP","floor":15.0},{"not_picked":["Slimebound:RallyTheTroops","Slimebound:Overexert"],"picked":"Slimebound:Recycling","floor":16.0},{"not_picked":["Slimebound:SplitBruiser","Slimebound:PressTheAttack"],"picked":"Slimebound:Schlurp+1","floor":19.0},{"not_picked":["Slimebound:Schlurp","Slimebound:SlimeSpikes"],"picked":"Slimebound:Teamwork","floor":21.0},{"not_picked":["Slimebound:Schlurp+1","Slimebound:GoopSpray"],"picked":"Slimebound:SplitBruiser","floor":22.0},{"not_picked":["Slimebound:GrowthPunch","Slimebound:ItLooksTasty"],"picked":"Slimebound:ProtectTheBoss","floor":23.0},{"not_picked":["Slimebound:Nibble","Slimebound:LeechingTouch"],"picked":"Slimebound:ForwardTackle+1","floor":26.0},{"not_picked":["Slimebound:PressTheAttack","Slimebound:HauntingLick+1"],"picked":"Slimebound:BestDefense","floor":27.0},{"not_picked":["Metamorphosis","Violence"],"picked":"Panache","floor":27.0},{"not_picked":["Blind","expansioncontent:DarkVoid"],"picked":"expansioncontent:DecasProtection","floor":27.0},{"not_picked":["ReplayTheSpireMod:Trickstab","expansioncontent:GuardianWhirl"],"picked":"Crow Ritual","floor":27.0},{"not_picked":["Slimebound:SlimeSpikes+1","Slimebound:ProtectTheBoss"],"picked":"Slimebound:LeechEnergy+1","floor":28.0},{"not_picked":["Slimebound:LeechEnergy","Slimebound:ViciousTackle"],"picked":"Slimebound:SplitMire+1","floor":29.0},{"not_picked":["Slimebound:SplitLeeching","Slimebound:PressTheAttack"],"picked":"Slimebound:SlimeBarrage","floor":31.0},{"not_picked":["Slimebound:LeechingTouch+1","Slimebound:SplitLeeching","Slimebound:GoopSpray"],"picked":"SKIP","floor":32.0},{"not_picked":["Slimebound:WasteNot","Slimebound:MassFeed"],"picked":"Slimebound:MassRepurpose","floor":33.0},{"not_picked":["Slimebound:FirmFortitude","Slimebound:Equalize","Slimebound:LeechEnergy+1"],"picked":"SKIP","floor":36.0},{"not_picked":["Slimebound:Teamwork","Slimebound:SplitAcid+1"],"picked":"Slimebound:GrowthPunch","floor":37.0},{"not_picked":["Slimebound:Schlurp","Slimebound:Grow+1"],"picked":"Slimebound:Recycling","floor":40},{"not_picked":["Slimebound:Dissolve+1","Slimebound:GoopSpray","Slimebound:SlimeSpikes"],"picked":"SKIP","floor":43},{"not_picked":["Slimebound:SplitLeeching+1","Slimebound:SamplingLick+1"],"picked":"Slimebound:SplitBruiser+1","floor":44},{"not_picked":["Slimebound:SplitMire","Slimebound:MassRepurpose"],"picked":"Slimebound:AcidTongue+1","floor":46},{"not_picked":["Slimebound:Chomp","Slimebound:DivideAndConquer+1"],"picked":"Slimebound:LeadByExample+1","floor":48},{"not_picked":["Slimebound:Recollect+1","Slimebound:SplitMire+1"],"picked":"Slimebound:GrowthPunch+1","floor":49},{"not_picked":["Slimebound:BestDefense","Slimebound:ViciousTackle"],"picked":"Slimebound:Gluttony","floor":52}],"player_experience":287093,"relics_obtained":[{"floor":6.0,"key":"vexMod:MemoryStick"},{"floor":7.0,"key":"hubris:Potato"},{"floor":14.0,"key":"Onion Ring"},{"floor":21.0,"key":"Incense Burner"},{"floor":21.0,"key":"Letter Opener"},{"floor":24.0,"key":"The Courier"},{"floor":26.0,"key":"Replay:Ringing Soul"},{"floor":28.0,"key":"Counterbalance"},{"floor":31.0,"key":"MealTicket"},{"floor":41,"key":"aspiration:ChemicalBlood"},{"floor":43,"key":"StuffTheSpire:Tea"},{"floor":48,"key":"vexMod:FocusSash"},{"floor":52,"key":"Simple Rune"}],"event_choices":[{"damage_healed":0.0,"max_hp_gain":5.0,"max_hp_loss":0.0,"gold_gain":0.0,"event_name":"Big Fish","player_choice":"Donut","floor":1.0,"gold_loss":0.0,"damage_taken":0.0}],"is_beta":false,"boss_relics":[{"not_picked":["aspiration:BeakedSkillbook","Tiny House","Honey Jar"],"picked":"halation:Yufonium"},{"not_picked":["vexMod:EndlessSickness","Runic Pyramid","beaked:SacredDeck"],"picked":"Ring of Chaos"}],"items_purged_floors":[38],"is_endless":false,"potions_floor_spawned":[5,15,16,22,23,26,32,33,44,49,52],"ascension_level":2}}