{"host":"3jpwrwmmgyabjceh","time":1608667897,"event":{"mods":["AchievementEnabler","BaseMod","Colored Map","Colored Powertips","Highlight Path","Minty Spire (QoL Compilation)","Quick Restart","StSLib"],"gold_per_floor":[112,187,201,201,201,233,243,243,243,25,54,64,141,159,159,258,258,258,258],"floor_reached":18,"playtime":459,"items_purged":["Strike_P"],"score":206,"play_id":"724fab80-d4e9-43fc-a950-b288221c0a1c","local_time":"20201222231137","is_ascension_mode":true,"campfire_choices":[{"floor":8,"key":"RECALL"},{"floor":15,"key":"REST"}],"circlet_count":0,"master_deck":["Strike_P","Strike_P","Strike_P","Defend_P","Defend_P","Defend_P","Defend_P","Eruption","Vigilance","Regret","Conclude"],"relics":["PureWater","NeowsBlessing","Ginger","Nunchaku","Matryoshka","CeramicFish","Frozen Eye","Runic Pyramid"],"acts_visited":["Exordium","TheCity"],"potions_floor_usage":[16,16],"damage_taken":[{"damage":0,"enemies":"2 Louse","floor":1,"turns":1},{"damage":0,"enemies":"Small Slimes","floor":3,"turns":1},{"damage":0,"enemies":"Lagavulin","floor":6,"turns":1},{"damage":0,"enemies":"Cultist","floor":7,"turns":2},{"damage":14,"enemies":"Blue Slaver","floor":11,"turns":4},{"damage":3,"enemies":"Exordium Wildlife","floor":12,"turns":3},{"damage":10,"enemies":"2 Fungi Beasts","floor":14,"turns":4},{"damage":47,"enemies":"The Guardian","floor":16,"turns":16},{"damage":5,"enemies":"Shell Parasite","floor":18,"turns":3}],"seed_played":"-3733953580035588714","potions_obtained":[{"floor":11,"key":"PowerPotion"},{"floor":12,"key":"Swift Potion"}],"is_trial":false,"path_per_floor":["M","?","M","?","?","E","M","R","T","$","M","M","?","M","R","B",null,"M"],"character_chosen":"WATCHER","items_purchased":["Frozen Eye"],"campfire_rested":1,"item_purchase_floors":[10],"current_hp_per_floor":[72,61,61,58,58,58,58,58,58,58,44,41,41,31,52,5,72,67,67],"gold":258,"neow_bonus":"THREE_ENEMY_KILL","is_daily":false,"chose_seed":false,"campfire_upgraded":0,"win_rate":0.0,"timestamp":1608667897,"path_taken":["M","?","M","?","?","E","M","R","T","$","M","M","?","M","R","BOSS","M"],"items_purchased_type":["Relic"],"build_version":"2020-12-13","purchased_purges":1,"victory":false,"max_hp_per_floor":[72,72,72,72,72,72,72,72,72,72,72,72,72,72,72,72,72,72,72],"card_choices":[{"not_picked":["Crescendo","FollowUp","CrushJoints"],"picked":"SKIP","floor":1},{"not_picked":["Wish","Swivel","LikeWater"],"picked":"SKIP","floor":3},{"not_picked":["TalkToTheHand","CutThroughFate","FlurryOfBlows"],"picked":"SKIP","floor":6},{"not_picked":["Halt","Prostrate","JustLucky"],"picked":"SKIP","floor":7},{"not_picked":["FearNoEvil","JustLucky"],"picked":"Conclude","floor":11},{"not_picked":["EmptyBody","WaveOfTheHand","BowlingBash"],"picked":"SKIP","floor":12},{"not_picked":["Protect","Evaluate","Swivel"],"picked":"SKIP","floor":14}],"player_experience":248333,"relics_obtained":[{"floor":6,"key":"Matryoshka"},{"floor":9,"key":"CeramicFish"}],"event_choices":[{"damage_healed":0,"gold_gain":75,"player_choice":"Gather Gold","damage_taken":11,"max_hp_gain":0,"max_hp_loss":0,"event_name":"World of Goop","floor":2,"gold_loss":0},{"damage_healed":0,"gold_gain":0,"player_choice":"Success","damage_taken":3,"relics_obtained":["Ginger"],"max_hp_gain":0,"max_hp_loss":0,"event_name":"Scrap Ooze","floor":4,"gold_loss":0},{"damage_healed":0,"gold_gain":0,"player_choice":"Box","damage_taken":0,"relics_obtained":["Nunchaku"],"max_hp_gain":0,"max_hp_loss":0,"event_name":"Big Fish","floor":5,"gold_loss":0,"cards_obtained":["Regret"]},{"damage_healed":0,"gold_gain":77,"player_choice":"Gained Gold","damage_taken":0,"max_hp_gain":0,"max_hp_loss":0,"event_name":"Golden Wing","floor":13,"gold_loss":0}],"is_beta":false,"boss_relics":[{"not_picked":["Pandora\u0027s Box","Coffee Dripper"],"picked":"Runic Pyramid"}],"items_purged_floors":[10],"is_endless":false,"potions_floor_spawned":[11,12],"killed_by":"Shell Parasite","ascension_level":2}}