{"host":"cxvb37eaaiijvrl4","time":1608620461,"event":{"mods":["ATMod(°¢èªMod)","BaseMod","Better Third Choice","Minty Spire (QoL Compilation)","MostiFishMod","Quick Restart","Rare Cards Sparkle","Shop Mod","Spicy Shops","StSLib","TestMod","Uncapped"],"gold_per_floor":[114,39,58,71,88,114,114,142,142,153,153,167,167,200,200,274,274,285,309,26,35,35,35,69,91,91,91,91,141,167,167,167,241,241,259,28,47,63,88,116,35,52,76,106,106,126,151,194,194,319,569,569,569,409,684,809],"floor_reached":57,"playtime":1470,"items_purged":["Strike_R","Strike_R+1","Strike_R+1","Strike_R+1","Bash+1","Uppercut+1"],"score":3175,"play_id":"8a2bbb47-043e-4571-bb5d-3fa176dce74a","local_time":"20201221230101","is_ascension_mode":true,"campfire_choices":[{"data":"AT_ShrugMaster","floor":7.0,"key":"SMITH"},{"data":"Body Slam","floor":11.0,"key":"SMITH"},{"data":"Uppercut","floor":13.0,"key":"SMITH"},{"floor":15.0,"key":"RECALL"},{"data":"MostiFishMod:404NotFound","floor":23.0,"key":"SMITH"},{"floor":32.0,"key":"REST"},{"floor":45.0,"key":"REST"},{"floor":49.0,"key":"REST"},{"floor":53.0,"key":"REST"}],"circlet_count":0,"master_deck":["AscendersBane","Defend_R+1","Defend_R+1","Defend_R+1","Defend_R+1","AT_BodySlamDance+1","Inflame+1","AT_ShrugMaster+1","Shrug It Off+1","Body Slam+1","MostiFishMod:DarkDeal+1","Fiend Fire+1","AT_BodySlamDance+1","Feel No Pain+1","AT_BodySlamDance+1","MostiFishMod:404NotFound+1","Feel No Pain+1","True Grit+1","MostiFishMod:ChineseTea+1","AT_ShrugMaster+1","Second Wind+1","AT_ShrugMaster+1","AT_GerminateFire+1","Master of Strategy+1","Dark Embrace+1","Barricade+1"],"relics":["Burning Blood","testmod-TestBox","DaveBox","AT_ATBox","DSteel32","testmod-Prudence","NeowsBlessing","Question Card","AT_BellDemon","Toxic Egg 2","Anchor","InkBottle","CaptainsWheel","Mercury Hourglass","ImportantClient","Pen Nib","Membership Card","Pocketwatch","Unceasing Top","Question Card","Nloth\u0027s Gift","testmod-OneHitWonder","SynthV:C4","Molten Egg 2","JellyFishMachine","Gremlin Horn","AT_BellowingDragoncrestRing","testmod-IndustrialRevolution","Matryoshka","testmod-ConstraintPeriapt","Art of War","MawBank","Centennial Puzzle","MerchantsRug","AT_BladeRuinedKing","testmod-AssaultLearning","AT_ArchangelStaff","Boot","Whetstone","Lantern","AT_TheCollector","AT_MibuBalloonWealth","Eternal Feather","testmod-LifeArmor","testmod-BalancedPeriapt"],"acts_visited":["Exordium","TheCity","TheBeyond","TheEnding"],"potions_floor_usage":[56,56],"damage_taken":[{"damage":0.0,"enemies":"Jaw Worm","floor":1.0,"turns":1.0},{"damage":0.0,"enemies":"Cultist","floor":3.0,"turns":1.0},{"damage":0.0,"enemies":"Small Slimes","floor":4.0,"turns":1.0},{"damage":0.0,"enemies":"Exordium Wildlife","floor":5.0,"turns":3.0},{"damage":0.0,"enemies":"Lagavulin","floor":6.0,"turns":5.0},{"damage":11.0,"enemies":"Gremlin Nob","floor":8.0,"turns":3.0},{"damage":0.0,"enemies":"2 Fungi Beasts","floor":10.0,"turns":1.0},{"damage":1.0,"enemies":"3 Louse","floor":12.0,"turns":2.0},{"damage":16.0,"enemies":"Lagavulin","floor":14.0,"turns":3.0},{"damage":23.0,"enemies":"The Guardian","floor":16.0,"turns":4.0},{"damage":16.0,"enemies":"Shell Parasite","floor":18.0,"turns":2.0},{"damage":0.0,"enemies":"3 Byrds","floor":19.0,"turns":3.0},{"damage":29.0,"enemies":"Slavers","floor":24.0,"turns":2.0},{"damage":0.0,"enemies":"Sentry and Sphere","floor":25.0,"turns":2.0},{"damage":10.0,"enemies":"Book of Stabbing","floor":30.0,"turns":2.0},{"damage":8.0,"enemies":"Champ","floor":33.0,"turns":3.0},{"damage":0.0,"enemies":"3 Shapes","floor":35.0,"turns":2.0},{"damage":0.0,"enemies":"Orb Walker","floor":37.0,"turns":1.0},{"damage":0.0,"enemies":"3 Darklings","floor":38.0,"turns":1.0},{"damage":0.0,"enemies":"Mind Bloom Boss Battle","floor":39.0,"turns":2.0},{"damage":0.0,"enemies":"Reptomancer","floor":40.0,"turns":1.0},{"damage":0.0,"enemies":"Maw","floor":42.0,"turns":2.0},{"damage":0.0,"enemies":"Nemesis","floor":44.0,"turns":3.0},{"damage":0.0,"enemies":"4 Shapes","floor":46.0,"turns":1.0},{"damage":0.0,"enemies":"Giant Head","floor":47.0,"turns":2.0},{"damage":0.0,"enemies":"Writhing Mass","floor":48.0,"turns":1.0},{"damage":20.0,"enemies":"Time Eater","floor":50.0,"turns":2.0},{"damage":10.0,"enemies":"Donu and Deca","floor":51.0,"turns":2.0},{"damage":0.0,"enemies":"Shield and Spear","floor":55.0,"turns":1.0},{"damage":2,"enemies":"The Heart","floor":56,"turns":5}],"seed_played":"-1320045725352767944","potions_obtained":[{"floor":3.0,"key":"GamblersBrew"},{"floor":4.0,"key":"Swift Potion"}],"is_trial":false,"path_per_floor":["M","$","M","M","M","E","R","E","T","M","R","M","R","E","R","B",null,"M","M","$","?","$","R","E","M","T","?","T","?","E","?","R","B",null,"M","$","M","M","?","E","$","M","T","E","R","M","E","M","R","B","B",null,"R","$","E","B",null],"character_chosen":"IRONCLAD","items_purchased":["Membership Card","Feel No Pain","AT_BodySlamDance+1","AT_BellowingDragoncrestRing","MerchantsRug","Master of Strategy+1"],"campfire_rested":4,"item_purchase_floors":[20,20,20,36,41,41],"current_hp_per_floor":[74,74,75,75,75,75,75,70,70,75,75,75,75,65,65,48,68,58,64,64,64,64,64,41,47,47,47,47,47,43,58,75,73,75,75,75,75,75,75,75,75,75,75,75,75,75,75,75,75,61,64,72,75,75,75,75],"gold":809,"neow_bonus":"THREE_ENEMY_KILL","is_daily":false,"chose_seed":false,"campfire_upgraded":4,"win_rate":0.0,"timestamp":1608620461,"path_taken":["M","$","M","M","M","E","R","E","T","M","R","M","R","E","R","BOSS","M","M","$","?","?","R","E","M","T","?","?","?","E","?","R","BOSS","M","$","M","M","?","E","$","M","T","E","R","M","E","M","R","BOSS","BOSS","R","$","E","BOSS"],"items_purchased_type":["Relic","Card","Card","Relic","Relic","Card"],"build_version":"2020-12-13","purchased_purges":6,"victory":true,"max_hp_per_floor":[75,75,75,75,75,75,75,75,75,75,75,75,75,75,75,75,75,75,75,75,75,75,75,75,75,75,75,75,75,75,75,75,75,75,75,75,75,75,75,75,75,75,75,75,75,75,75,75,75,75,75,75,75,75,75,75],"card_choices":[{"not_picked":["Wild Strike","Twin Strike","Hemokinesis"],"picked":"SKIP","floor":1.0},{"not_picked":["Armaments","Twin Strike","Thunderclap"],"picked":"Uppercut","floor":3.0},{"not_picked":["Thunderclap","Wild Strike","AT_CaressingTears"],"picked":"Inflame","floor":4.0},{"not_picked":["Carnage","Perfected Strike","Sword Boomerang"],"picked":"AT_ShrugMaster","floor":5.0},{"not_picked":["Havoc","Wild Strike","Spot Weakness","Infernal Blade"],"picked":"SKIP","floor":6.0},{"not_picked":["Fiend Fire","Flame Barrier+1","Disarm+1"],"picked":"Shrug It Off+1","floor":8.0},{"not_picked":["Headbutt","Sentinel+1","Flex+1"],"picked":"Body Slam","floor":10.0},{"not_picked":["Flex+1","Uppercut","Fire Breathing","Iron Wave"],"picked":"SKIP","floor":12.0},{"not_picked":["Anger","Intimidate+1","Sword Boomerang"],"picked":"MostiFishMod:DarkDeal+1","floor":14.0},{"not_picked":["Reaper","MostiFishMod:DarkDeal+1","Demon Form"],"picked":"Fiend Fire","floor":16.0},{"not_picked":["Body Slam","Sword Boomerang","Thunderclap","Whirlwind"],"picked":"SKIP","floor":18.0},{"not_picked":["Shrug It Off+1","Evolve","Iron Wave"],"picked":"AT_BodySlamDance+1","floor":19.0},{"not_picked":["Warcry+1","Disarm+1","Reckless Charge","Cleave"],"picked":"SKIP","floor":24.0},{"not_picked":["Thunderclap","Shrug It Off+1","Flex+1"],"picked":"Feel No Pain","floor":25.0},{"not_picked":["Sever Soul","Shrug It Off+1","Corruption","Pummel"],"picked":"True Grit+1","floor":30.0},{"not_picked":["Reaper+1","Immolate+1","Bludgeon+1","MostiFishMod:TemporaryOutbreak"],"picked":"MostiFishMod:ChineseTea+1","floor":33.0},{"not_picked":["Twin Strike+1","Rupture","Flex+1","Flame Barrier+1"],"picked":"AT_ShrugMaster","floor":35.0},{"not_picked":["Armaments+1","Metallicize+1","Twin Strike+1","Pommel Strike+1","Thunderclap+1"],"picked":"SKIP","floor":37.0},{"not_picked":["Shockwave+1","Thunderclap+1","AT_IchimonjiDouble+1","Ghostly Armor+1"],"picked":"Second Wind+1","floor":38.0},{"not_picked":["Flex+1","Immolate+1","AT_DrawKnifeCut+1","Anger+1"],"picked":"AT_ShrugMaster","floor":39.0},{"not_picked":["MostiFishMod:ChineseTea+1","Sever Soul+1","Perfected Strike+1","Reckless Charge+1"],"picked":"AT_GerminateFire+1","floor":40.0},{"not_picked":["Sword Boomerang+1","Feed+1","Twin Strike+1","Armaments+1","Whirlwind+1"],"picked":"SKIP","floor":42.0},{"not_picked":["Blood for Blood+1","Searing Blow+1","AT_CaressingTears+1","Rage+1","Flex+1"],"picked":"SKIP","floor":44.0},{"not_picked":["Power Through+1","MostiFishMod:FireWorks+1","Pommel Strike+1","Anger+1"],"picked":"Dark Embrace+1","floor":46.0},{"not_picked":["Hemokinesis+1","Feed+1","Iron Wave+1","Warcry+1"],"picked":"Barricade","floor":47.0},{"not_picked":["Warcry+1","Fire Breathing","Flex+1","Clash+1","Cleave+1"],"picked":"SKIP","floor":48.0},{"not_picked":["Blood for Blood+1","Headbutt+1","Combust","MostiFishMod:DarkDeal+1","Flex+1"],"picked":"SKIP","floor":55.0}],"player_experience":653945,"relics_obtained":[{"floor":1.0,"key":"Question Card"},{"floor":6.0,"key":"AT_BellDemon"},{"floor":8.0,"key":"Toxic Egg 2"},{"floor":8.0,"key":"Anchor"},{"floor":10.0,"key":"InkBottle"},{"floor":12.0,"key":"CaptainsWheel"},{"floor":14.0,"key":"Juzu Bracelet"},{"floor":14.0,"key":"Mercury Hourglass"},{"floor":16.0,"key":"Tiny Chest"},{"floor":16.0,"key":"ImportantClient"},{"floor":18.0,"key":"Pen Nib"},{"floor":19.0,"key":"CeramicFish"},{"floor":24.0,"key":"Pocketwatch"},{"floor":24.0,"key":"Unceasing Top"},{"floor":25.0,"key":"Question Card"},{"floor":30.0,"key":"testmod-OneHitWonder"},{"floor":30.0,"key":"SynthV:C4"},{"floor":33.0,"key":"Molten Egg 2"},{"floor":35.0,"key":"Gremlin Horn"},{"floor":37.0,"key":"testmod-IndustrialRevolution"},{"floor":38.0,"key":"Matryoshka"},{"floor":39.0,"key":"testmod-ConstraintPeriapt"},{"floor":39.0,"key":"Art of War"},{"floor":40.0,"key":"MawBank"},{"floor":40.0,"key":"Centennial Puzzle"},{"floor":42.0,"key":"AT_BladeRuinedKing"},{"floor":43.0,"key":"testmod-AssaultLearning"},{"floor":43.0,"key":"AT_ArchangelStaff"},{"floor":44.0,"key":"Boot"},{"floor":44.0,"key":"Whetstone"},{"floor":46.0,"key":"Lantern"},{"floor":47.0,"key":"AT_TheCollector"},{"floor":47.0,"key":"AT_MibuBalloonWealth"},{"floor":48.0,"key":"Eternal Feather"},{"floor":55.0,"key":"testmod-LifeArmor"},{"floor":55.0,"key":"testmod-BalancedPeriapt"}],"event_choices":[{"damage_healed":0.0,"max_hp_gain":0.0,"max_hp_loss":0.0,"gold_gain":0.0,"cards_transformed":["Strike_R"],"event_name":"Transmorgrifier","player_choice":"Transformed","floor":21.0,"gold_loss":0.0,"damage_taken":0.0,"cards_obtained":["MostiFishMod:404NotFound"]},{"damage_healed":0.0,"max_hp_gain":0.0,"max_hp_loss":0.0,"gold_gain":0.0,"event_name":"N\u0027loth","player_choice":"Traded Relic","floor":27.0,"relics_lost":["CeramicFish"],"gold_loss":0.0,"damage_taken":0.0,"relics_obtained":["Nloth\u0027s Gift"]},{"damage_healed":0.0,"max_hp_gain":0.0,"max_hp_loss":0.0,"gold_gain":50.0,"event_name":"betterThird:BetterNest","player_choice":"Steal","floor":29.0,"gold_loss":0.0,"damage_taken":0.0},{"damage_healed":15.0,"max_hp_gain":0.0,"max_hp_loss":0.0,"gold_gain":0.0,"event_name":"The Library","player_choice":"Heal","floor":31.0,"gold_loss":0.0,"damage_taken":0.0},{"damage_healed":0.0,"max_hp_gain":0.0,"max_hp_loss":0.0,"gold_gain":0.0,"event_name":"MindBloom","player_choice":"Fight","floor":39.0,"gold_loss":0.0,"damage_taken":0.0}],"is_beta":false,"boss_relics":[{"not_picked":["BloodWine","RhineFirstAidKit"],"picked":"Cursed Key"},{"not_picked":["Runic Dome","SynthV:MejaisSoulstealer"],"picked":"JellyFishMachine"}],"items_purged_floors":[2,20,20,36,41,54],"is_endless":false,"potions_floor_spawned":[3,4,6,10,14,19,25,38,46,47,55],"ascension_level":20}}