{"host":"sdjng9zhqonqi3uc","time":1608668010,"event":{"mods":["2.2 Compatiblity","AchievementEnabler","BaseMod","BetterRewards","Colored Powertips","Hero for Fun","Minty Spire (QoL Compilation)","StSLib","Td1madao Mod","The Animator","The Cursed","The Servant 0.9.4"],"gold_per_floor":[11,11,11,25,42,42,66,95,95,129,140,140,150,164,164,263,263,275,275,292,51,51,99,49,81,81,94,109,109,140,154,154,154,154],"floor_reached":33,"playtime":3340,"items_purged":["animator:Strike","Writhe"],"score":308,"play_id":"694248d4-cdad-459c-aca6-a53dd0e7262e","local_time":"20201222211330","is_ascension_mode":false,"campfire_choices":[{"data":"animator:DolaSchwi","floor":6,"key":"SMITH"},{"floor":15,"key":"REST"},{"floor":29,"key":"REST"},{"floor":32,"key":"REST"}],"circlet_count":0,"master_deck":["animator:Strike_NoGameNoLife+1","animator:Defend_NoGameNoLife","animator:DolaSchwi+1","animator:DolaCouronne","animator:Tatsumaki","animator:ElricEdward","animator:ElricAlphonse","animator:Jibril","animator:Sonic","animator:Shizu","animator:Tet","animator:PinaCoLada+1","animator:Boros+1","animator:YunYun","animator:GuildGirl+1","animator:Vanir","animator:Kira","animator:Guren","animator:ItamiYouji","animator:Yuuichirou","animator:Elesis","animator:MaesHughes","animator:Chung","animator:Kaijin+1","animator:Gluttony","animator:Sloth","animator:DolaRiku","animator:Shuna","animator:DolaStephanie"],"relics":["animator:LivingPicture","animator:TheMissingPiece","animator:PurgingStone","animator:WizardHat","Matryoshka","InkBottle","Smiling Mask","Bag of Preparation","Frozen Egg 2","Empty Cage","Prayer Wheel","Omamori","animator:ShionDessert","Mango"],"acts_visited":["Exordium","TheCity"],"potions_floor_usage":[11,14,16,16,23,23,23,28,33],"damage_taken":[{"damage":2,"enemies":"Jaw Worm","floor":1,"turns":4},{"damage":6,"enemies":"Cultist","floor":4,"turns":3},{"damage":0,"enemies":"Small Slimes","floor":5,"turns":2},{"damage":8,"enemies":"Exordium Thugs","floor":7,"turns":4},{"damage":5,"enemies":"Lagavulin","floor":8,"turns":4},{"damage":14,"enemies":"Gremlin Nob","floor":10,"turns":3},{"damage":4,"enemies":"Lots of Slimes","floor":11,"turns":2},{"damage":9,"enemies":"Looter","floor":13,"turns":4},{"damage":1,"enemies":"2 Fungi Beasts","floor":14,"turns":2},{"damage":17,"enemies":"The Guardian","floor":16,"turns":7},{"damage":1,"enemies":"Chosen","floor":18,"turns":4},{"damage":0,"enemies":"Spheric Guardian","floor":20,"turns":2},{"damage":9,"enemies":"Book of Stabbing","floor":23,"turns":5},{"damage":21,"enemies":"Shelled Parasite and Fungi","floor":25,"turns":3},{"damage":30,"enemies":"3 Cultists","floor":27,"turns":4},{"damage":22,"enemies":"Snake Plant","floor":28,"turns":4},{"damage":2,"enemies":"Centurion and Healer","floor":30,"turns":5},{"damage":16,"enemies":"Shelled Parasite and Fungi","floor":31,"turns":4},{"damage":50,"enemies":"Automaton","floor":33,"turns":6}],"seed_played":"-7620730464765367994","potions_obtained":[{"floor":1,"key":"Energy Potion"},{"floor":10,"key":"DistilledChaos"},{"floor":11,"key":"Weak Potion"},{"floor":13,"key":"EssenceOfSteel"},{"floor":14,"key":"ColorlessPotion"},{"floor":18,"key":"LiquidMemories"},{"floor":20,"key":"animator:GrowthPotion"},{"floor":27,"key":"PowerPotion"},{"floor":31,"key":"AttackPotion"}],"is_trial":false,"path_per_floor":["M","?","$","M","M","R","M","E","T","E","M","?","M","M","R","B",null,"M","?","M","$","?","E","$","M","T","M","M","R","M","M","R","B"],"character_chosen":"THE_ANIMATOR","items_purchased":["animator:Kira"],"campfire_rested":3,"item_purchase_floors":[21],"current_hp_per_floor":[64,64,64,58,58,58,50,45,45,31,27,27,19,18,38,21,67,66,66,66,66,66,57,57,36,50,26,4,28,30,19,43,0,0],"gold":154,"neow_bonus":"ONE_RARE_RELIC","is_daily":false,"chose_seed":false,"campfire_upgraded":1,"win_rate":0.0,"timestamp":1608668010,"path_taken":["M","?","?","M","M","R","M","E","T","E","M","?","?","?","R","BOSS","M","?","M","$","?","E","?","M","T","M","M","R","M","M","R","BOSS"],"items_purchased_type":["Card"],"build_version":"2020-12-13","purchased_purges":2,"victory":false,"max_hp_per_floor":[66,66,66,66,66,66,66,66,66,66,66,66,67,67,67,67,67,67,67,67,67,67,67,67,67,81,82,82,82,82,83,83,83,83],"card_choices":[{"not_picked":["animator:CowGirl","animator:LeleiLaLalena"],"picked":"animator:Tatsumaki","floor":1},{"not_picked":["animator:Kazuma","animator:LeleiLaLalena"],"picked":"animator:ElricEdward","floor":4},{"not_picked":["animator:Kuribayashi","animator:Millim"],"picked":"animator:ElricAlphonse","floor":5},{"not_picked":["animator:DolaRiku","animator:DolaStephanie"],"picked":"animator:Jibril","floor":7},{"not_picked":["animator:Rena","animator:TukaLunaMarceau","animator:Benimaru"],"picked":"SKIP","floor":8},{"not_picked":["animator:Hakurou","animator:Tyuule"],"picked":"animator:Sonic","floor":10},{"not_picked":["animator:Yoichi","animator:MumenRider"],"picked":"animator:Shizu","floor":11},{"not_picked":["animator:Jibril","animator:DolaRiku"],"picked":"animator:Tet","floor":13},{"not_picked":["animator:Kuribayashi","animator:Shuna"],"picked":"animator:PinaCoLada+1","floor":14},{"not_picked":["animator:Eris","animator:PinaCoLada+1"],"picked":"animator:Boros+1","floor":16},{"not_picked":["animator:Megumin","animator:IzunaHatsuse"],"picked":"animator:YunYun","floor":18},{"not_picked":["animator:Ain","animator:Chung"],"picked":"animator:GuildGirl+1","floor":20},{"not_picked":["animator:LeleiLaLalena","animator:LizardPriest"],"picked":"animator:Vanir","floor":20},{"not_picked":["animator:Yoichi","animator:Shigure"],"picked":"animator:Yuuichirou","floor":23},{"not_picked":["animator:WinryRockbell+1","animator:Jibril"],"picked":"animator:Elesis","floor":25},{"not_picked":["animator:Scar","animator:TukaLunaMarceau+1"],"picked":"animator:MaesHughes","floor":25},{"not_picked":["animator:DolaCouronne","animator:Tatsumaki"],"picked":"animator:Chung","floor":27},{"not_picked":["animator:Genos+1","animator:MumenRider+1"],"picked":"animator:Kaijin+1","floor":27},{"not_picked":["animator:Elsword","animator:Shigure"],"picked":"animator:Gluttony","floor":28},{"not_picked":["animator:LizardPriest","animator:Ara"],"picked":"animator:Sloth","floor":28},{"not_picked":["animator:Jibril","animator:Tet"],"picked":"animator:DolaRiku","floor":30},{"not_picked":["animator:Tyuule","animator:Kazuma","animator:MetalKnight"],"picked":"SKIP","floor":30},{"not_picked":["animator:Vesta","animator:Kuribayashi+1"],"picked":"animator:Shuna","floor":31},{"not_picked":["animator:Kuribayashi","animator:Mikaela+1"],"picked":"animator:DolaStephanie","floor":31}],"player_experience":212583,"relics_obtained":[{"floor":2,"key":"Matryoshka"},{"floor":8,"key":"InkBottle"},{"floor":9,"key":"Smiling Mask"},{"floor":9,"key":"Bag of Preparation"},{"floor":10,"key":"Frozen Egg 2"},{"floor":23,"key":"Omamori"},{"floor":26,"key":"animator:ShionDessert"},{"floor":26,"key":"Mango"}],"event_choices":[{"damage_healed":0,"gold_gain":0,"player_choice":"Relic","damage_taken":0,"max_hp_gain":0,"max_hp_loss":0,"event_name":"Wheel of Change","floor":2,"gold_loss":0},{"cards_removed":["animator:Defend"],"damage_healed":0,"gold_gain":0,"player_choice":"Offered Basic","damage_taken":0,"max_hp_gain":0,"max_hp_loss":0,"event_name":"Bonfire Elementals","floor":12,"gold_loss":0},{"damage_healed":0,"gold_gain":0,"player_choice":"Opened","damage_taken":0,"relics_obtained":["Prayer Wheel"],"max_hp_gain":0,"max_hp_loss":0,"event_name":"The Mausoleum","floor":19,"gold_loss":0,"cards_obtained":["Writhe"]},{"damage_healed":0,"gold_gain":0,"cards_transformed":["animator:Strike","animator:Defend"],"player_choice":"Became Test Subject","damage_taken":0,"max_hp_gain":0,"max_hp_loss":0,"event_name":"Drug Dealer","floor":22,"gold_loss":0,"cards_obtained":["animator:Guren","animator:ItamiYouji"]}],"is_beta":false,"boss_relics":[{"not_picked":["SacredBark","Cursed Key"],"picked":"Empty Cage"}],"items_purged_floors":[21,24],"is_endless":false,"potions_floor_spawned":[1,10,11,13,14,18,20,27,31],"killed_by":"Automaton","ascension_level":0}}