{"host":"ryuep8ewa00k39z9","time":1608604334,"event":{"mods":["AchievementEnabler","BaseMod","Best Route Mod","Colored Map","Colored Powertips","Displayed Cursed Tome","Highlight Path","Minty Spire (QoL Compilation)","Quick Restart","SuperFastMode"],"gold_per_floor":[112,112,62,86,104,135,158,158,229,253,288,288,307,307,307,427,427,450,475,491,491,491,491],"floor_reached":22,"playtime":108329,"items_purged":[],"score":218,"play_id":"f1ffda6c-8a5f-4125-86cc-fe9f195d96e2","local_time":"20201221203214","is_ascension_mode":true,"campfire_choices":[{"floor":8.0,"key":"REST"},{"floor":12.0,"key":"REST"},{"floor":15.0,"key":"REST"}],"circlet_count":0,"master_deck":["Strike_B","Strike_B","Strike_B","Strike_B","Defend_B","Defend_B","Defend_B","Defend_B","Zap","Dualcast","Capacitor","Compile Driver","Recycle","Chaos+1","Doom and Gloom","White Noise","Melter","Biased Cognition","CurseOfTheBell"],"relics":["Sozu","Golden Idol","Girya","Symbiotic Virus","Bronze Scales","Calling Bell","Vajra","Kunai","Pocketwatch","Question Card"],"acts_visited":["Exordium","TheCity"],"potions_floor_usage":[],"damage_taken":[{"damage":4.0,"enemies":"Small Slimes","floor":1.0,"turns":3.0},{"damage":2.0,"enemies":"2 Louse","floor":4.0,"turns":3.0},{"damage":1.0,"enemies":"Cultist","floor":5.0,"turns":3.0},{"damage":32.0,"enemies":"Lagavulin","floor":6.0,"turns":8.0},{"damage":18.0,"enemies":"Exordium Wildlife","floor":7.0,"turns":4.0},{"damage":19.0,"enemies":"Exordium Thugs","floor":10.0,"turns":4.0},{"damage":16.0,"enemies":"Gremlin Nob","floor":11.0,"turns":3.0},{"damage":6.0,"enemies":"Blue Slaver","floor":13.0,"turns":3.0},{"damage":21.0,"enemies":"The Guardian","floor":16.0,"turns":8.0},{"damage":7.0,"enemies":"3 Byrds","floor":18.0,"turns":3.0},{"damage":24.0,"enemies":"2 Thieves","floor":19.0,"turns":4.0},{"damage":38.0,"enemies":"3 Cultists","floor":20.0,"turns":5.0},{"damage":0,"enemies":"Cultist and Chosen","floor":22,"turns":1}],"seed_played":"3596794733588422270","potions_obtained":[],"is_trial":false,"path_per_floor":["M","?","?","M","M","E","M","R","T","M","E","R","M","?","R","B",null,"M","M","M","?","M"],"character_chosen":"DEFECT","items_purchased":[],"campfire_rested":3,"item_purchase_floors":[],"current_hp_per_floor":[71,71,71,69,68,36,18,40,40,21,5,27,21,21,43,22,75,68,44,6,6,6,6],"gold":491,"neow_bonus":"BOSS_RELIC","is_daily":false,"chose_seed":false,"campfire_upgraded":0,"win_rate":0.0,"timestamp":1608604334,"path_taken":["M","?","?","M","M","E","M","R","T","M","E","R","M","?","R","BOSS","M","M","?","?","M"],"items_purchased_type":[],"build_version":"2020-12-13","purchased_purges":0,"victory":false,"max_hp_per_floor":[75,75,75,75,75,75,75,75,75,75,75,75,75,75,75,75,75,75,75,75,75,75,75],"card_choices":[{"not_picked":["Loop","Cold Snap"],"picked":"Capacitor","floor":1.0},{"not_picked":["Hello World","Reprogram"],"picked":"Compile Driver","floor":4.0},{"not_picked":["Go for the Eyes","Steam","Sweeping Beam"],"picked":"SKIP","floor":5.0},{"not_picked":["Rebound","Sweeping Beam"],"picked":"Recycle","floor":6.0},{"not_picked":["Force Field","Stack"],"picked":"Chaos","floor":7.0},{"not_picked":["Sweeping Beam","Skim"],"picked":"Doom and Gloom","floor":10.0},{"not_picked":["Turbo","Creative AI"],"picked":"White Noise","floor":11.0},{"not_picked":["Hologram","Consume"],"picked":"Melter","floor":13.0},{"not_picked":["Core Surge","Creative AI"],"picked":"Biased Cognition","floor":16.0},{"not_picked":["Streamline","Go for the Eyes","Rip and Tear"],"picked":"SKIP","floor":18.0},{"not_picked":["Go for the Eyes","Redo","Streamline+1"],"picked":"SKIP","floor":19.0},{"not_picked":["Doom and Gloom","Streamline"],"picked":"Chill","floor":20.0}],"player_experience":3428634,"relics_obtained":[{"floor":6.0,"key":"Girya"},{"floor":9.0,"key":"Symbiotic Virus"},{"floor":11.0,"key":"Bronze Scales"},{"floor":17.0,"key":"Vajra"},{"floor":17.0,"key":"Kunai"},{"floor":17.0,"key":"Pocketwatch"}],"event_choices":[{"damage_healed":0.0,"max_hp_gain":0.0,"max_hp_loss":0.0,"gold_gain":0.0,"event_name":"Golden Idol","player_choice":"Take Wound","floor":2.0,"gold_loss":0.0,"damage_taken":0.0,"relics_obtained":["Golden Idol"],"cards_obtained":["Injury"]},{"cards_removed":["Injury"],"damage_healed":0.0,"max_hp_gain":0.0,"max_hp_loss":0.0,"gold_gain":0.0,"event_name":"The Cleric","player_choice":"Card Removal","floor":3.0,"gold_loss":50.0,"damage_taken":0.0},{"damage_healed":0.0,"max_hp_gain":0.0,"max_hp_loss":0.0,"gold_gain":0.0,"event_name":"Upgrade Shrine","player_choice":"Upgraded","floor":14.0,"gold_loss":0.0,"damage_taken":0.0,"cards_upgraded":["Chaos"]},{"cards_removed":["Chill"],"damage_healed":0.0,"max_hp_gain":0.0,"max_hp_loss":0.0,"gold_gain":0.0,"event_name":"WeMeetAgain","player_choice":"Gave Card","floor":21.0,"gold_loss":0.0,"damage_taken":0.0,"relics_obtained":["Question Card"]}],"is_beta":false,"boss_relics":[{"not_picked":["SacredBark","Empty Cage"],"picked":"Calling Bell"}],"items_purged_floors":[],"is_endless":false,"potions_floor_spawned":[1,4,6,10,19],"killed_by":"Cultist and Chosen","ascension_level":2}}