{"host":"5dzuyvrjb30uqvwu","time":1608664160,"event":{"mods":["AchievementEnabler","BaseMod","Colored Powertips","Lobotomy","Minty Spire (QoL Compilation)","Quick Restart","slay the spire mod where everything is the same but ironclad has a cowboy hat"],"gold_per_floor":[112,187,203,216,233,242,242,242,242,259,269,284,284,318,318,414,414,434,58,78,94,94,120,120,134,134,154,165,65,65,85,85,173,173,187,187,187,62,79,96,96,131,131,131,481,47,47,79,79,79],"floor_reached":51,"playtime":6057,"items_purged":["HappyTeddy","Mercenary","Madness","Defend_R"],"score":911,"play_id":"a63249c3-d823-4f62-b5b7-9710f44e43fa","local_time":"20201222110920","is_ascension_mode":true,"campfire_choices":[{"data":"Feed","floor":8.0,"key":"SMITH"},{"data":"Heavy Blade","floor":13.0,"key":"SMITH"},{"data":"Pommel Strike","floor":15.0,"key":"SMITH"},{"data":"Offering","floor":30.0,"key":"SMITH"},{"data":"Bash","floor":32.0,"key":"SMITH"},{"floor":41.0,"key":"RECALL"},{"floor":49.0,"key":"REST"}],"circlet_count":0,"master_deck":["ApocalypseBird","PunishingBird","LongBird","BigBird","Strike_R","Strike_R","Strike_R","Strike_R","Defend_R","Defend_R","Bash+1","Freischutz","CrumblingArmor","Heavy Blade+1","DreamingCurrent","Feed+1","BigBadWolf","Rampage","Reaper","NothingThere","Offering+1","BlackSwan","Porccubus","Feel No Pain+1","CENSORED","Feel No Pain+1","Madness","RedShoes","Exhume","BlackArmy","Double Tap"],"relics":["Burning Blood","CogitoBucket","CaptainsWheel","Paper Frog","Bottled Lightning","AdjustmentMirror","Dead Branch","Philosopher\u0027s Stone","LuminousBracelet","WingedGreaves","Omamori","Frozen Egg 2","Calipers","Bird Faced Urn","Gambling Chip","AspirationHeart","Fusion Hammer","Happy Flower","Pear","Old Coin","Nunchaku","Twilight","FossilizedHelix"],"acts_visited":["Exordium","TheCity","TheBeyond"],"potions_floor_usage":[50,51,51],"damage_taken":[{"damage":5.0,"enemies":"Cultist","floor":1.0,"turns":4.0},{"damage":6.0,"enemies":"Small Slimes","floor":3.0,"turns":3.0},{"damage":1.0,"enemies":"2 Louse","floor":4.0,"turns":3.0},{"damage":14.0,"enemies":"2 Fungi Beasts","floor":5.0,"turns":4.0},{"damage":46.0,"enemies":"Gremlin Nob","floor":6.0,"turns":4.0},{"damage":51.0,"enemies":"Large Slime","floor":10.0,"turns":6.0},{"damage":14.0,"enemies":"Blue Slaver","floor":11.0,"turns":3.0},{"damage":11.0,"enemies":"3 Louse","floor":12.0,"turns":2.0},{"damage":42.0,"enemies":"3 Sentries","floor":14.0,"turns":6.0},{"damage":72.0,"enemies":"Hexaghost","floor":16.0,"turns":6.0},{"damage":118.0,"enemies":"2 Thieves","floor":18.0,"turns":6.0},{"damage":11.0,"enemies":"Shell Parasite","floor":20.0,"turns":2.0},{"damage":62.0,"enemies":"Centurion and Healer","floor":21.0,"turns":4.0},{"damage":93.0,"enemies":"Book of Stabbing","floor":23.0,"turns":6.0},{"damage":117.0,"enemies":"Gremlin Leader","floor":25.0,"turns":8.0},{"damage":72.0,"enemies":"Slavers","floor":27.0,"turns":3.0},{"damage":40.0,"enemies":"Book of Stabbing","floor":28.0,"turns":4.0},{"damage":383.0,"enemies":"Snake Plant","floor":31.0,"turns":9.0},{"damage":67.0,"enemies":"Automaton","floor":33.0,"turns":5.0},{"damage":20.0,"enemies":"3 Darklings","floor":35.0,"turns":5.0},{"damage":17.0,"enemies":"Orb Walker","floor":39.0,"turns":2.0},{"damage":67.0,"enemies":"Reptomancer","floor":40.0,"turns":5.0},{"damage":30.0,"enemies":"Nemesis","floor":42.0,"turns":3.0},{"damage":45.0,"enemies":"Mind Bloom Boss Battle","floor":45.0,"turns":5.0},{"damage":65.0,"enemies":"3 Darklings","floor":47.0,"turns":8.0},{"damage":60.0,"enemies":"Reptomancer","floor":48.0,"turns":3.0},{"damage":140,"enemies":"FixerMidnight","floor":50,"turns":6},{"damage":98,"enemies":"Malkuth","floor":51,"turns":6},{"damage":158,"enemies":"Hod","floor":51,"turns":6},{"damage":313,"enemies":"Geburah","floor":51,"turns":10},{"damage":426,"enemies":"Binah","floor":51,"turns":14}],"seed_played":"7647827353322234926","potions_obtained":[{"floor":1.0,"key":"SneckoOil"},{"floor":10.0,"key":"Swift Potion"},{"floor":12.0,"key":"SpeedPotion"},{"floor":16.0,"key":"Weak Potion"},{"floor":25.0,"key":"Explosive Potion"},{"floor":31.0,"key":"LiquidBronze"},{"floor":33.0,"key":"Strength Potion"},{"floor":40.0,"key":"Fruit Juice"},{"floor":45.0,"key":"ElixirPotion"}],"is_trial":false,"path_per_floor":["M","?","M","M","M","E","?","R","T","M","M","M","R","E","R","B",null,"M","$","M","M","$","E","?","E","T","E","E","$","R","M","R","B",null,"M","?","?","$","M","E","R","E","T","$","?","$","M","E","R","B",null],"character_chosen":"IRONCLAD","items_purchased":["WingedGreaves","Nunchaku","Exhume"],"campfire_rested":1,"item_purchase_floors":[19,46,46],"current_hp_per_floor":[80,69,69,74,66,44,37,37,37,28,42,53,53,57,57,21,92,43,43,50,88,88,104,83,113,113,90,121,121,121,131,131,131,131,131,115,115,115,131,116,116,150,150,150,150,150,150,137,154,129],"gold":59,"neow_bonus":"","is_daily":false,"chose_seed":false,"campfire_upgraded":5,"win_rate":0.0,"timestamp":1608664160,"path_taken":["M","?","M","M","M","E","?","R","T","M","M","M","R","E","R","BOSS","M","$","M","M","$","E","?","E","T","E","E","$","R","M","R","BOSS","M","?","?","$","M","E","R","E","T","?","?","$","M","E","R","BOSS"],"items_purchased_type":["Relic","Relic","Card"],"build_version":"2020-12-13","purchased_purges":4,"victory":true,"max_hp_per_floor":[80,80,80,80,80,80,80,80,80,80,84,88,88,92,92,92,92,107,107,107,107,107,104,109,113,113,117,121,121,121,131,131,131,131,131,131,131,131,131,131,131,150,150,150,150,150,150,154,154,154],"card_choices":[{"not_picked":["WallGazer","OldLady"],"picked":"Freischutz","floor":1.0},{"not_picked":["Headbutt","Body Slam"],"picked":"Pommel Strike","floor":1.0},{"not_picked":["ShyLook","OldLady"],"picked":"CrumblingArmor","floor":3.0},{"not_picked":["Thunderclap","Blood for Blood"],"picked":"Heavy Blade","floor":3.0},{"not_picked":["Wellcheers","Scorched","OldLady"],"picked":"Singing Bowl","floor":4.0},{"not_picked":["Murderer","MeatLantern"],"picked":"HappyTeddy","floor":4.0},{"not_picked":["Spot Weakness","Headbutt","Body Slam"],"picked":"SKIP","floor":4.0},{"not_picked":["MeatLantern","SingingMachine"],"picked":"DreamingCurrent","floor":5.0},{"not_picked":["Havoc","Flame Barrier","Thunderclap"],"picked":"SKIP","floor":5.0},{"not_picked":["MeatLantern","UniverseFragment","SpiderBud"],"picked":"Singing Bowl","floor":6.0},{"not_picked":["Exhume","Berserk"],"picked":"Feed","floor":6.0},{"not_picked":["QueenBee","SingingMachine","Murderer"],"picked":"Singing Bowl","floor":10.0},{"not_picked":["Shrug It Off","Evolve","Sword Boomerang"],"picked":"SKIP","floor":10.0},{"not_picked":["BeautyBeast","MHz","Mercenary"],"picked":"Singing Bowl","floor":11.0},{"not_picked":["Second Wind","Wild Strike","Sentinel"],"picked":"SKIP","floor":11.0},{"not_picked":["Scorched","UniverseFragment","OldLady"],"picked":"Singing Bowl","floor":12.0},{"not_picked":["Clash","Blood for Blood","Flex"],"picked":"SKIP","floor":12.0},{"not_picked":["Murderer","LittleHelper","MeatLantern"],"picked":"Singing Bowl","floor":14.0},{"not_picked":["BeautyBeast","UniverseFragment"],"picked":"BigBadWolf","floor":14.0},{"not_picked":["Rupture","Cleave"],"picked":"Rampage","floor":14.0},{"not_picked":["Wellcheers","FairyFestival","LittleHelper"],"picked":"Singing Bowl","floor":16.0},{"not_picked":["Juggernaut","Barricade"],"picked":"Reaper","floor":16.0},{"not_picked":["ShyLook","DespairKnight","OSAHOGD"],"picked":"Singing Bowl","floor":18.0},{"not_picked":["Rage","Shrug It Off","Warcry+1"],"picked":"SKIP","floor":18.0},{"not_picked":["Scorched","LaLuna"],"picked":"NothingThere","floor":20.0},{"not_picked":["Inflame","Sword Boomerang"],"picked":"Offering","floor":20.0},{"not_picked":["SnowQueen","SingingMachine"],"picked":"Mercenary","floor":21.0},{"not_picked":["Armaments+1","Searing Blow+1","Twin Strike"],"picked":"SKIP","floor":21.0},{"not_picked":["DespairKnight","NakedNest","GreedKing"],"picked":"Singing Bowl","floor":23.0},{"not_picked":["WhitesApple","Wellcheers"],"picked":"BlackSwan","floor":23.0},{"not_picked":["Reckless Charge","Ghostly Armor","Corruption"],"picked":"SKIP","floor":23.0},{"not_picked":["Scarecrow","LittlePrince"],"picked":"Porccubus","floor":25.0},{"not_picked":["Burning Pact","Cleave+1","Sword Boomerang"],"picked":"SKIP","floor":25.0},{"not_picked":["Burning Pact","Cleave+1","Sword Boomerang"],"picked":"SKIP","floor":25.0},{"not_picked":["WhitesApple","FieryBird","WallGazer"],"picked":"Singing Bowl","floor":27.0},{"not_picked":["Combust+1","Shockwave"],"picked":"Feel No Pain+1","floor":27.0},{"not_picked":["MHz","DespairKnight","QueenOfHatred"],"picked":"Singing Bowl","floor":28.0},{"not_picked":["LongBird","Scorched"],"picked":"CENSORED","floor":28.0},{"not_picked":["Wild Strike","Twin Strike","Combust+1"],"picked":"SKIP","floor":28.0},{"not_picked":["CherryBlossoms","WallGazer","Variant"],"picked":"Singing Bowl","floor":31.0},{"not_picked":["Scarecrow","FieryBird"],"picked":"BigBird","floor":31.0},{"not_picked":["Evolve+1","Havoc+1"],"picked":"Feel No Pain+1","floor":31.0},{"not_picked":["WhitesApple","Wellcheers","LittlePrince"],"picked":"Singing Bowl","floor":33.0},{"not_picked":["Impervious","Corruption+1"],"picked":"Exhume","floor":33.0},{"not_picked":["Mercenary","Laetitia"],"picked":"LongBird","floor":35.0},{"not_picked":["Burning Pact+1","Entrench+1","Havoc"],"picked":"SKIP","floor":35.0},{"not_picked":["QueenOfHatred","HappyTeddy","DespairKnight"],"picked":"Singing Bowl","floor":39.0},{"not_picked":["Thunderclap","Clash+1","Shrug It Off"],"picked":"SKIP","floor":39.0},{"not_picked":["ShyLook","DespairKnight","LaLuna"],"picked":"Singing Bowl","floor":40.0},{"not_picked":["Anger+1","Reaper","Heavy Blade"],"picked":"SKIP","floor":40.0},{"not_picked":["LittleHelper","GreedKing"],"picked":"RedShoes","floor":42.0},{"not_picked":["Dual Wield+1","Ghostly Armor","Headbutt+1"],"picked":"SKIP","floor":42.0},{"not_picked":["QueenBee","SingingMachine"],"picked":"PunishingBird","floor":45.0},{"not_picked":["LittleHelper","Yin"],"picked":"BlackArmy","floor":47.0},{"not_picked":["Thunderclap","Shrug It Off+1"],"picked":"Double Tap","floor":47.0},{"not_picked":["WhitesApple","LittleHelper","HappyTeddy"],"picked":"Singing Bowl","floor":48.0},{"not_picked":["Pummel","Clash","Twin Strike"],"picked":"SKIP","floor":48.0}],"player_experience":316770,"relics_obtained":[{"floor":6.0,"key":"CaptainsWheel"},{"floor":9.0,"key":"Bottled Lightning"},{"floor":14.0,"key":"Dead Branch"},{"floor":23.0,"key":"Omamori"},{"floor":25.0,"key":"Frozen Egg 2"},{"floor":26.0,"key":"Calipers"},{"floor":27.0,"key":"Bird Faced Urn"},{"floor":28.0,"key":"Gambling Chip"},{"floor":40.0,"key":"Happy Flower"},{"floor":42.0,"key":"Pear"},{"floor":45.0,"key":"Old Coin"},{"floor":47.0,"key":"Twilight"},{"floor":48.0,"key":"FossilizedHelix"}],"event_choices":[{"damage_healed":0.0,"max_hp_gain":0.0,"max_hp_loss":0.0,"gold_gain":75.0,"event_name":"World of Goop","player_choice":"Gather Gold","floor":2.0,"gold_loss":0.0,"damage_taken":11.0},{"damage_healed":0.0,"max_hp_gain":0.0,"max_hp_loss":0.0,"gold_gain":0.0,"event_name":"Scrap Ooze","player_choice":"Success","floor":7.0,"gold_loss":0.0,"damage_taken":7.0,"relics_obtained":["Paper Frog"]},{"damage_healed":0.0,"max_hp_gain":5.0,"max_hp_loss":0.0,"gold_gain":0.0,"event_name":"Forgotten Altar","player_choice":"Shed Blood","floor":24.0,"gold_loss":0.0,"damage_taken":26.0},{"damage_healed":0.0,"max_hp_gain":0.0,"max_hp_loss":0.0,"gold_gain":0.0,"event_name":"Winding Halls","player_choice":"Embrace Madness","floor":36.0,"gold_loss":0.0,"damage_taken":16.0,"cards_obtained":["Madness","Madness"]},{"cards_removed":["Strike_R"],"damage_healed":0.0,"max_hp_gain":0.0,"max_hp_loss":0.0,"gold_gain":0.0,"event_name":"Falling","player_choice":"Removed Attack","floor":37.0,"gold_loss":0.0,"damage_taken":0.0},{"damage_healed":0.0,"max_hp_gain":0.0,"max_hp_loss":0.0,"gold_gain":0.0,"event_name":"MindBloom","player_choice":"Fight","floor":45.0,"gold_loss":0.0,"damage_taken":0.0}],"is_beta":false,"boss_relics":[{"not_picked":["Calling Bell","Busted Crown"],"picked":"Philosopher\u0027s Stone"},{"not_picked":["Tiny House","Runic Dome"],"picked":"Fusion Hammer"}],"items_purged_floors":[19,29,38,46],"is_endless":false,"potions_floor_spawned":[1,10,12,16,20,21,25,31,33,35,40,45],"ascension_level":1}}