{"host":"x5a6cvihdukvwm3n","time":1608658001,"event":{"mods":["AlwaysNeverKeys","Aspiration","BaseMod","Beaked The Cultist","BetterRewards","Colored Map","Colored Powertips","Conspire","Curses Come First","Downfall","Friendly Minions","GifTheSpireLib","Gremlin Mod","Halation","Highlight Path","Hubris","Minty Spire (QoL Compilation)","Replay The Spire","Shop Mod","StSLib","Stuff the Spire","SuperFastMode","Synergy Search","Td1madao Mod","The Bladedancer","The Construct","The Disciple","The Jungle","The Servant 0.9.4","vexMod"],"gold_per_floor":[114,127,127,142,92,92,123,137,185,197,197,53,153,170,170,272,272,282,294,294,294,294,294],"floor_reached":22,"playtime":858,"items_purged":["Strike_B"],"score":233,"play_id":"4bebec9f-09f8-4a66-911f-7414b68d1818","local_time":"20201222182641","is_ascension_mode":true,"campfire_choices":[{"data":"Dash","floor":6,"key":"SMITH"},{"data":"StuffTheSpire:FinalStruggle","floor":11,"key":"SMITH"},{"floor":15,"key":"REST"}],"circlet_count":0,"master_deck":["Strike_G","Strike_G","Strike_G","Strike_G","Strike_G","Defend_G","Defend_G","Defend_G","Defend_G","Survivor","Neutralize","StuffTheSpire:Shiver","Endless Agony","Dash+1","StuffTheSpire:FinalStruggle+1","Cloak And Dagger","Accuracy","Storm of Steel","A Thousand Cuts","Deflect"],"relics":["Ring of the Snake","Replay:PocketPolymizer","StuffTheSpire:Experiment12","Onion Ring","vexMod:FocusSash","Busted Crown","Potion Belt","halation:StarCompass"],"acts_visited":["Exordium","TheCity"],"potions_floor_usage":[7,7,16,22,22],"damage_taken":[{"damage":11,"enemies":"Small Slimes","floor":1,"turns":5},{"damage":9,"enemies":"conspire:RoseBush","floor":2,"turns":4},{"damage":0,"enemies":"Cultist","floor":4,"turns":4},{"damage":8,"enemies":"3 Sentries","floor":7,"turns":9},{"damage":9,"enemies":"Large Slime","floor":8,"turns":4},{"damage":5,"enemies":"Exordium Thugs","floor":10,"turns":4},{"damage":11,"enemies":"3 Louse","floor":14,"turns":4},{"damage":55,"enemies":"The Guardian","floor":16,"turns":12},{"damage":12,"enemies":"Chosen","floor":18,"turns":3},{"damage":23,"enemies":"3 Byrds","floor":19,"turns":4},{"damage":22,"enemies":"3 Cultists","floor":22,"turns":5}],"seed_played":"-5055125911567685061","potions_obtained":[{"floor":2,"key":"SkillPotion"},{"floor":4,"key":"Venom Potion"},{"floor":10,"key":"FearPotion"},{"floor":16,"key":"Swift Potion"},{"floor":18,"key":"BlessingOfTheForge"}],"is_trial":false,"path_per_floor":["M","M","?","M","?","R","E","M","T","M","R","$","?","M","R","B",null,"M","M","T","?","M"],"character_chosen":"THE_SILENT","items_purchased":["Accuracy"],"campfire_rested":1,"item_purchase_floors":[12],"current_hp_per_floor":[59,50,50,50,50,50,42,43,43,38,38,38,38,35,56,1,53,41,18,18,18,0,0],"gold":294,"neow_bonus":"ONE_RARE_RELIC","is_daily":false,"chose_seed":false,"campfire_upgraded":2,"win_rate":0.0,"timestamp":1608658001,"path_taken":["M","M","?","?","?","R","E","M","T","M","R","$","?","M","R","BOSS","M","M","?","?","?"],"items_purchased_type":["Card"],"build_version":"2020-12-13","purchased_purges":1,"victory":false,"max_hp_per_floor":[70,70,70,70,70,70,70,70,70,70,70,70,70,70,70,70,70,70,70,70,70,70,70],"card_choices":[{"not_picked":["Acrobatics","Leg Sweep"],"picked":"StuffTheSpire:Shiver","floor":1},{"not_picked":["Dodge and Roll","Sucker Punch"],"picked":"Endless Agony","floor":2},{"not_picked":["Backflip","StuffTheSpire:Repulse"],"picked":"Dash","floor":4},{"not_picked":["hubris:SlightOfHand","Concentrate"],"picked":"StuffTheSpire:FinalStruggle","floor":7},{"not_picked":["Dash","Dagger Spray","Choke"],"picked":"SKIP","floor":8},{"not_picked":["Flying Knee","Choke"],"picked":"Cloak And Dagger","floor":10},{"not_picked":["StuffTheSpire:Injection","Heel Hook","StuffTheSpire:Fury"],"picked":"SKIP","floor":14},{"not_picked":["Replay:Bag of Tricks","Doppelganger"],"picked":"A Thousand Cuts","floor":16},{"not_picked":[],"picked":"Deflect","floor":18},{"not_picked":["Heel Hook"],"picked":"SKIP","floor":19}],"player_experience":298750,"relics_obtained":[{"floor":3,"key":"StuffTheSpire:Experiment12"},{"floor":7,"key":"Onion Ring"},{"floor":9,"key":"vexMod:FocusSash"},{"floor":20,"key":"Potion Belt"}],"event_choices":[{"damage_healed":0,"gold_gain":0,"player_choice":"Relic","damage_taken":0,"max_hp_gain":0,"max_hp_loss":0,"event_name":"Wheel of Change","floor":3,"gold_loss":0},{"cards_removed":["Strike_C"],"damage_healed":0,"gold_gain":0,"player_choice":"Card Removal","damage_taken":0,"max_hp_gain":0,"max_hp_loss":0,"event_name":"The Cleric","floor":5,"gold_loss":50},{"damage_healed":0,"gold_gain":100,"player_choice":"Pray","damage_taken":0,"max_hp_gain":0,"max_hp_loss":0,"event_name":"Golden Shrine","floor":13,"gold_loss":0}],"is_beta":false,"boss_relics":[{"not_picked":["vexMod:DeviousBotling","Replay:Bronze Core"],"picked":"Busted Crown"}],"items_purged_floors":[12],"is_endless":false,"potions_floor_spawned":[2,4,10,16,18],"killed_by":"3 Cultists","ascension_level":5}}