{"host":"qzpuxnheibnu7155","time":1608626512,"event":{"mods":["Act Like it!","BaseMod","Displayed Cursed Tome","Minty Spire (QoL Compilation)","MostiFishMod","Pale of the Ancients","Remilia（蕾米莉亚）","RumiaBox-露米娅的神秘盒子","StSLib","TestMod","Waifu the Spire","【功能Mod】Neow奖励","【遗物卡牌】REMEMod","没有小屋子和绿帽子啦"],"gold_per_floor":[118,118,338,263,263,296,296,296,296,342,267,326,401,131,131,225,-275,38,38,76,101,137,206,206,245,245,173,173,187,211,271,271,369,369,414,472,472,805,477,506,506,536,536,536,547,547,566,477,477,480,2,26,55,1054,500,500,516,516,104,104,114],"floor_reached":62,"playtime":2653,"items_purged":["Defend_RM","Strike_RM","FavorOfDestiny","UltimateOffering"],"score":3840,"play_id":"bc3b85b9-408f-4028-8c2d-d044a1c00966","local_time":"20201222164152","is_ascension_mode":true,"campfire_choices":[{"floor":7.0,"key":"RECALL"},{"data":"ChaoticDestiny","floor":15.0,"key":"SMITH"},{"data":"Maim","floor":32.0,"key":"SMITH"},{"data":"MastersStateliness","floor":41.0,"key":"SMITH"},{"data":"MostiFishMod:KingOfFree","floor":44.0,"key":"SMITH"},{"data":"BloodyHallows","floor":49.0,"key":"SMITH"},{"data":"testmod-AssimilatedRune","floor":56,"key":"SMITH"},{"data":"BloodySeventeenLaser","floor":58,"key":"SMITH"}],"circlet_count":0,"master_deck":["AscendersBane","Defend_RM+1","RedMoon","ScarletShoot","Maim+1","ChaoticDestiny+1","QueenOfMidnight+1","UnstableMagic+1","DiffusionOfMisfortune+1","DiffusionOfMisfortune+1","Ultimatum+1","UnstableMagic+1","EmergencyRegeneration+1","VampireFantasy","BloodySeventeenLaser+1","MastersStateliness+1","MillenniumVampire+1","MostiFishMod:KingOfFree+1","BloodyHallows+1","HellCatastrophe","BlasphemousPunishment","ScarletDevil","NightDance","testmod-AssimilatedRune+1","UnderTheZenith"],"relics":["ScarletHat","DaveBox","testmod-TestBox","REME_ComplimentaryCards","testmod-EqualTreatment","ExusiaiGun","Question Card","Baka","Pen Nib","GodSword4","Strawberry","ImportantClient","Tiny House","SecretRecord","Red Mask","The Courier","AntiCross","testmod-Acrobat","ChaoDraw","War Paint","Mercury Hourglass","SSSystem","GodSword3","Pantograph","paleoftheancients:Timepiece","paleoftheancients:KeyRelic","Coffee Dripper","paleoftheancients:SoulOfTheIroncluck","Ying","Mummified Hand","GodSword1","Mango"],"acts_visited":["Exordium","TheCity","TheBeyond","paleoftheancients:PaleOfTheAncients"],"potions_floor_usage":[53,61,61,61,61,61],"damage_taken":[{"damage":0.0,"enemies":"2 Louse","floor":1.0,"turns":2.0},{"damage":0.0,"enemies":"Cultist","floor":3.0,"turns":1.0},{"damage":0.0,"enemies":"3 Sentries","floor":6.0,"turns":2.0},{"damage":16.0,"enemies":"Small Slimes","floor":10.0,"turns":3.0},{"damage":9.0,"enemies":"Gremlin Nob","floor":12.0,"turns":3.0},{"damage":24.0,"enemies":"Hexaghost","floor":16.0,"turns":4.0},{"damage":11.0,"enemies":"2 Thieves","floor":18.0,"turns":2.0},{"damage":0.0,"enemies":"Chosen","floor":20.0,"turns":2.0},{"damage":38.0,"enemies":"Shelled Parasite and Fungi","floor":21.0,"turns":2.0},{"damage":0.0,"enemies":"Masked Bandits","floor":22.0,"turns":1.0},{"damage":15.0,"enemies":"REME_1_Revenger","floor":23.0,"turns":3.0},{"damage":0.0,"enemies":"Gremlin Leader","floor":25.0,"turns":2.0},{"damage":0.0,"enemies":"Cultist and Chosen","floor":27.0,"turns":1.0},{"damage":0.0,"enemies":"Sentry and Sphere","floor":29.0,"turns":1.0},{"damage":0.0,"enemies":"Centurion and Healer","floor":30.0,"turns":2.0},{"damage":58.0,"enemies":"Book of Stabbing","floor":31.0,"turns":2.0},{"damage":0.0,"enemies":"Champ","floor":33.0,"turns":2.0},{"damage":149.0,"enemies":"3 Shapes","floor":35.0,"turns":3.0},{"damage":17.0,"enemies":"2 Orb Walkers","floor":36.0,"turns":2.0},{"damage":0.0,"enemies":"Giant Head","floor":40.0,"turns":1.0},{"damage":0.0,"enemies":"Nemesis","floor":42.0,"turns":1.0},{"damage":0.0,"enemies":"3 Darklings","floor":45.0,"turns":1.0},{"damage":0.0,"enemies":"Maw","floor":47.0,"turns":2.0},{"damage":0.0,"enemies":"Reptomancer","floor":48.0,"turns":1.0},{"damage":25.0,"enemies":"Donu and Deca","floor":50.0,"turns":2.0},{"damage":12,"enemies":"Time Eater","floor":51,"turns":2},{"damage":0,"enemies":"Time Eater","floor":52,"turns":1},{"damage":8,"enemies":"Time Eater","floor":53,"turns":1},{"damage":19,"enemies":"Time Eater","floor":57,"turns":3},{"damage":0,"enemies":"paleoftheancients:N","floor":61,"turns":2}],"seed_played":"-2527483506929832637","potions_obtained":[{"floor":6.0,"key":"PowerPotion"},{"floor":10.0,"key":"Fruit Juice"},{"floor":16.0,"key":"Dexterity Potion"},{"floor":21.0,"key":"Strength Potion"},{"floor":22.0,"key":"Regen Potion"},{"floor":23.0,"key":"EntropicBrew"},{"floor":30.0,"key":"Fire Potion"},{"floor":33.0,"key":"Fruit Juice"},{"floor":42.0,"key":"Block Potion"},{"floor":53,"key":"Weak Potion"},{"floor":57,"key":"DistilledChaos"}],"is_trial":false,"path_per_floor":["M","?","M","?","?","E","R","?","T","M","$","E","?","$","R","B",null,"M","?","M","M","?","E","?","E","T","M","?","M","M","E","R","B",null,"M","?","?","?","$","E","R","E","T","R","M","?","M","E","R","B","B","M","M","?","$","R","M","R","$","?","B",null],"character_chosen":"REMILIA","items_purchased":["testmod-SpacePotion","ChaoticDestiny","War Paint","MostiFishMod:KingOfFree","Ying","Mummified Hand","testmod-AssimilatedRune","UnderTheZenith","GodSword1","Mango","PowerPotion"],"campfire_rested":0,"item_purchase_floors":[14,14,39,39,55,55,55,55,59,59,59],"current_hp_per_floor":[90,90,94,94,94,97,97,64,64,49,49,47,36,36,36,14,82,71,71,71,52,52,47,47,57,57,57,57,57,57,109,109,109,109,104,109,104,104,104,104,104,104,104,104,104,104,104,104,104,104,101,104,114,114,114,114,114,114,128,128,128],"gold":114,"neow_bonus":"REMOVE_CARD","is_daily":false,"chose_seed":false,"campfire_upgraded":7,"win_rate":0.0,"timestamp":1608626512,"path_taken":["M","?","?","?","?","E","R","?","T","?","?","E","?","?","R","BOSS","M","?","M","M","?","E","?","E","T","?","?","M","?","E","R","BOSS","M","?","?","?","$","E","R","E","T","R","M","?","M","E","R","BOSS","BOSS","M","M","?","$","R","M","R","$","?","BOSS"],"items_purchased_type":["Potion","Card","Relic","Card","Relic","Relic","Card","Card","Relic","Relic","Potion"],"build_version":"2020-12-13","purchased_purges":4,"victory":true,"max_hp_per_floor":[97,97,97,97,97,97,97,97,97,97,97,104,104,104,104,104,104,104,104,104,104,104,104,104,109,109,109,109,109,109,109,109,109,109,109,109,104,104,104,104,104,104,104,104,104,104,104,104,104,104,104,104,114,114,114,114,114,114,128,128,128],"card_choices":[{"not_picked":["Stigmanizer","GlobalNightmare"],"picked":"Maim","floor":1.0},{"not_picked":["BloodyTrap","BloodHunter","CharismaGuard","BadLadyScramble"],"picked":"SKIP","floor":3.0},{"not_picked":["BloodAndWine","VampireKiss","ScarletDream"],"picked":"FavorOfDestiny","floor":6.0},{"not_picked":["BlasphemousPunishment","StarOfDavid","UnstableMagic"],"picked":"BombardNight","floor":10.0},{"not_picked":["BloodHunter","NightLord","DevilSight","Stigmanizer"],"picked":"SKIP","floor":12.0},{"not_picked":["ChaoticDestiny","HeartBreak","TricksterDevil"],"picked":"QueenOfMidnight","floor":16.0},{"not_picked":["ScarletGensokyo","MiserableFate","ChainGang+1","GlobalNightmare"],"picked":"SKIP","floor":18.0},{"not_picked":["ScarletDream","DiffusionOfMisfortune","ScarletDevil"],"picked":"UnstableMagic+1","floor":20.0},{"not_picked":["ScarletImprint","FitfulNightmare","UnstableMagic"],"picked":"DiffusionOfMisfortune+1","floor":21.0},{"not_picked":["BombardNight","EndlessAdversity","FitfulNightmare","UnstableMagic"],"picked":"SKIP","floor":23.0},{"not_picked":["VampireKiss+1","VampireSweep","UnstableMagic"],"picked":"Ultimatum+1","floor":25.0},{"not_picked":["BloodHunter","FavorOfDestiny","ChainGang"],"picked":"UnstableMagic+1","floor":27.0},{"not_picked":["VampireKiss","CharismaGuard","VampireSweep","RedRainbow"],"picked":"SKIP","floor":29.0},{"not_picked":["GlobalNightmare","NightDance","ReincarnationDial"],"picked":"EmergencyRegeneration","floor":30.0},{"not_picked":["HellCatastrophe","VampireSweep","ChainGang","VampireFantasy"],"picked":"SKIP","floor":30.0},{"not_picked":["VampireSweep","DevilSight","Septette"],"picked":"UltimateOffering","floor":31.0},{"not_picked":["ChaoticDestiny","ScarletCoffin","HellCatastrophe"],"picked":"BloodySeventeenLaser","floor":33.0},{"not_picked":["ScarletSymphony","ScarletImprint+1","UnderTheZenith"],"picked":"MastersStateliness","floor":35.0},{"not_picked":["StarOfDavid","BombardNight","AfternoonTea+1"],"picked":"MillenniumVampire+1","floor":36.0},{"not_picked":["VampireKiss","EndlessAdversity","Stigmanizer"],"picked":"BloodyHallows","floor":40.0},{"not_picked":["Septette","Maim","StarOfDavid","UnstableMagic"],"picked":"SKIP","floor":42.0},{"not_picked":["Septette","Maim","StarOfDavid","UnstableMagic"],"picked":"SKIP","floor":42.0},{"not_picked":["Stigmanizer","VampireClaw","BloodHunter"],"picked":"HellCatastrophe","floor":45.0},{"not_picked":["DiffusionOfMisfortune","StarOfDavid","UnstableMagic"],"picked":"BlasphemousPunishment","floor":47.0},{"not_picked":["BloodRain","MiserableFate+1","DiffusionOfMisfortune","StarOfDavid"],"picked":"SKIP","floor":48.0},{"not_picked":["BloodRain","MiserableFate+1","StarOfDavid"],"picked":"DiffusionOfMisfortune","floor":48.0},{"not_picked":["BombardNight","BloodyTrap","EndlessAdversity+1"],"picked":"ScarletDevil","floor":52},{"not_picked":["ScarletImprint+1","BloodHunter","FavorOfDestiny"],"picked":"NightDance","floor":53},{"not_picked":["RedRainbow","BloodyTrap","CharismaGuard","ScarletImprint"],"picked":"SKIP","floor":53},{"not_picked":["RedRainbow","BloodyTrap","CharismaGuard","ScarletImprint"],"picked":"SKIP","floor":53},{"not_picked":["Maim","VampireClaw","ScarletDevilSign+1","BombardNight"],"picked":"SKIP","floor":57}],"player_experience":551431,"relics_obtained":[{"floor":1.0,"key":"Question Card"},{"floor":1.0,"key":"Baka"},{"floor":6.0,"key":"Pen Nib"},{"floor":9.0,"key":"GodSword4"},{"floor":12.0,"key":"Strawberry"},{"floor":16.0,"key":"ImportantClient"},{"floor":22.0,"key":"Red Mask"},{"floor":23.0,"key":"The Courier"},{"floor":25.0,"key":"AntiCross"},{"floor":31.0,"key":"testmod-Acrobat"},{"floor":36.0,"key":"ChaoDraw"},{"floor":40.0,"key":"Mercury Hourglass"},{"floor":42.0,"key":"SSSystem"},{"floor":43.0,"key":"GodSword3"},{"floor":48.0,"key":"Pantograph"},{"floor":53,"key":"paleoftheancients:SoulOfTheIroncluck"}],"event_choices":[{"cards_removed":["Defend_RM"],"damage_healed":0.0,"max_hp_gain":0.0,"max_hp_loss":0.0,"gold_gain":0.0,"event_name":"Purifier","player_choice":"Purged","floor":2.0,"gold_loss":0.0,"damage_taken":0.0},{"cards_removed":["Doubt"],"damage_healed":0.0,"max_hp_gain":0.0,"max_hp_loss":0.0,"gold_gain":0.0,"event_name":"The Cleric","player_choice":"Card Removal","floor":4.0,"gold_loss":75.0,"damage_taken":0.0},{"cards_removed":["Strike_RM"],"damage_healed":0.0,"max_hp_gain":0.0,"max_hp_loss":0.0,"gold_gain":0.0,"event_name":"Living Wall","player_choice":"Forget","floor":5.0,"gold_loss":0.0,"damage_taken":0.0},{"damage_healed":0.0,"max_hp_gain":0.0,"max_hp_loss":0.0,"gold_gain":0.0,"event_name":"Golden Idol","player_choice":"Take Damage","floor":8.0,"gold_loss":0.0,"damage_taken":33.0,"relics_obtained":["Golden Idol"]},{"damage_healed":0.0,"max_hp_gain":0.0,"max_hp_loss":0.0,"gold_gain":75.0,"event_name":"World of Goop","player_choice":"Gather Gold","floor":13.0,"gold_loss":0.0,"damage_taken":11.0},{"damage_healed":0.0,"max_hp_gain":0.0,"max_hp_loss":0.0,"gold_gain":0.0,"event_name":"Masked Bandits","player_choice":"Fought Bandits","floor":22.0,"gold_loss":0.0,"damage_taken":0.0},{"damage_healed":0.0,"max_hp_gain":0.0,"max_hp_loss":0.0,"gold_gain":0.0,"event_name":"Duplicator","player_choice":"Copied","floor":24.0,"gold_loss":0.0,"damage_taken":0.0,"cards_obtained":["DiffusionOfMisfortune"]},{"cards_removed":["QueenOfMidnight"],"damage_healed":0.0,"max_hp_gain":0.0,"max_hp_loss":0.0,"gold_gain":0.0,"event_name":"Wheel of Change","player_choice":"Card Removal","floor":28.0,"gold_loss":0.0,"damage_taken":0.0},{"damage_healed":0.0,"max_hp_gain":0.0,"max_hp_loss":0.0,"gold_gain":0.0,"event_name":"Mysterious Sphere","player_choice":"Fight","floor":36.0,"gold_loss":0.0,"damage_taken":0.0},{"damage_healed":0.0,"max_hp_gain":0.0,"max_hp_loss":5.0,"gold_gain":0.0,"event_name":"Winding Halls","player_choice":"Max HP","floor":37.0,"gold_loss":0.0,"damage_taken":0.0},{"damage_healed":0.0,"max_hp_gain":0.0,"max_hp_loss":0.0,"gold_gain":333.0,"event_name":"The Moai Head","player_choice":"Gave Idol","floor":38.0,"relics_lost":["Golden Idol"],"gold_loss":0.0,"damage_taken":0.0},{"damage_healed":0.0,"max_hp_gain":0.0,"max_hp_loss":0.0,"gold_gain":0.0,"event_name":"给自己的盒子","player_choice":"Swap Relic","floor":46.0,"relics_lost":["Empty Cage"],"gold_loss":0.0,"damage_taken":0.0,"relics_obtained":["Empty Cage"]},{"damage_healed":0,"gold_gain":999,"player_choice":"Sell","damage_taken":0,"max_hp_gain":0,"max_hp_loss":0,"event_name":"恩洛斯的盘子","floor":54,"relics_lost":["SacredBark"],"gold_loss":0}],"is_beta":false,"boss_relics":[{"not_picked":["testmod-EnergyCheck","xbg"],"picked":"Tiny House"},{"not_picked":["TakeMeEscape","ScarletEmblem"],"picked":"SacredBark"}],"items_purged_floors":[11,14,39,55],"is_endless":false,"potions_floor_spawned":[6,10,12,18,22,23,30,33,42,45,53,57],"ascension_level":20}}