{"host":"mi0eibewekhugwl1","time":1608634973,"event":{"mods":["AchievementEnabler","BaseMod","Colored Map","Colored Powertips","DeckTracker","Keyboard Shortcuts","Minty Spire (QoL Compilation)","Quick Restart","Rare Cards Sparkle","Relic Stats","StSLib","SuperFastMode","everything is the same but u backflip on backflip"],"gold_per_floor":[119,135,150,75,95,95,122,135,135,410,410,49,88,103,103,187,187,200,248,148,159,178,189,189,202,227,227,227],"floor_reached":27,"playtime":809,"items_purged":["Regret","Strike_B"],"score":454,"play_id":"548331f9-ad84-4bc3-86b8-1a3183d85986","local_time":"20201222200253","is_ascension_mode":true,"campfire_choices":[{"data":"Hologram","floor":6,"key":"SMITH"},{"floor":11,"key":"REST"},{"floor":15,"key":"REST"},{"floor":24,"key":"REST"}],"circlet_count":0,"master_deck":["AscendersBane","Strike_B","Strike_B","Defend_B","Defend_B","Defend_B","Defend_B","Zap+1","Dualcast","Hologram+1","Ball Lightning","Melter","Auto Shields","Glacier","Blizzard+1","FTL+1","Echo Form"],"relics":["Cracked Core","White Beast Statue","Molten Egg 2","CeramicFish","InkBottle","Sozu","Blood Vial","MealTicket"],"acts_visited":["Exordium","TheCity"],"potions_floor_usage":[7,13,16,16,27],"damage_taken":[{"damage":0,"enemies":"2 Louse","floor":1,"turns":2},{"damage":1,"enemies":"Cultist","floor":2,"turns":3},{"damage":0,"enemies":"Jaw Worm","floor":3,"turns":4},{"damage":4,"enemies":"Exordium Wildlife","floor":5,"turns":3},{"damage":25,"enemies":"Lagavulin","floor":7,"turns":5},{"damage":17,"enemies":"Gremlin Gang","floor":8,"turns":6},{"damage":19,"enemies":"Gremlin Nob","floor":13,"turns":4},{"damage":0,"enemies":"Looter","floor":14,"turns":3},{"damage":21,"enemies":"The Guardian","floor":16,"turns":12},{"damage":11,"enemies":"Chosen","floor":18,"turns":5},{"damage":7,"enemies":"3 Byrds","floor":21,"turns":4},{"damage":19,"enemies":"Centurion and Healer","floor":22,"turns":7},{"damage":0,"enemies":"Snecko","floor":23,"turns":7},{"damage":37,"enemies":"Cultist and Chosen","floor":25,"turns":9},{"damage":22,"enemies":"Chosen and Byrds","floor":27,"turns":5}],"seed_played":"-5635281867581280041","potions_obtained":[{"floor":5,"key":"PowerPotion"},{"floor":8,"key":"SteroidPotion"},{"floor":13,"key":"BlessingOfTheForge"},{"floor":16,"key":"DistilledChaos"}],"is_trial":false,"path_per_floor":["M","M","M","?","M","R","E","M","T","?","R","$","E","M","R","B",null,"M","T","$","M","M","M","R","M","T","M"],"character_chosen":"DEFECT","items_purchased":["CeramicFish","Blizzard+1","Block Potion"],"campfire_rested":3,"item_purchase_floors":[12,12,12],"current_hp_per_floor":[64,63,63,63,59,59,34,17,17,17,38,38,19,19,40,19,58,47,47,47,42,25,27,48,13,13,0,0],"gold":227,"neow_bonus":"UPGRADE_CARD","is_daily":false,"chose_seed":false,"campfire_upgraded":1,"win_rate":0.0,"timestamp":1608634973,"path_taken":["M","M","M","?","M","R","E","M","T","?","R","$","E","M","R","BOSS","M","?","$","M","?","M","R","?","T","M"],"items_purchased_type":["Relic","Card","Potion"],"build_version":"2020-12-13","purchased_purges":2,"victory":false,"max_hp_per_floor":[71,71,71,71,71,71,71,71,71,71,71,71,71,71,71,71,71,71,71,71,71,71,71,71,71,71,71,71],"relic_stats":{"Sozu":5,"Blood Vial":10,"counters":[15,79],"CeramicFish":27,"MealTicket":0,"obtain_stats":[{"Sozu":17,"Blood Vial":19,"CeramicFish":12,"Molten Egg 2":9,"MealTicket":26,"Cracked Core":0,"White Beast Statue":7,"InkBottle":13},{"Sozu":9,"Blood Vial":10,"CeramicFish":6,"Molten Egg 2":6,"MealTicket":14,"Cracked Core":0,"White Beast Statue":5,"InkBottle":7},{"Sozu":42,"Blood Vial":47,"CeramicFish":23,"Molten Egg 2":23,"MealTicket":74,"Cracked Core":0,"White Beast Statue":17,"InkBottle":27}],"InkBottle":[19]},"card_choices":[{"not_picked":["Barrage","Steam Power"],"picked":"Hologram","floor":1},{"not_picked":["Leap","Streamline"],"picked":"Ball Lightning","floor":2},{"not_picked":["Fission","Redo","Aggregate"],"picked":"SKIP","floor":3},{"not_picked":["Cold Snap","Ball Lightning"],"picked":"Melter","floor":5},{"not_picked":["Leap","Ball Lightning"],"picked":"Auto Shields","floor":7},{"not_picked":["Cold Snap","Go for the Eyes"],"picked":"Glacier","floor":8},{"not_picked":["Lockon+1","Compile Driver+1"],"picked":"FTL+1","floor":13},{"not_picked":["Rebound+1","Conserve Battery","Force Field"],"picked":"SKIP","floor":14},{"not_picked":["Seek","Meteor Strike+1"],"picked":"Echo Form","floor":16},{"not_picked":["Sweeping Beam+1","Streamline+1","Undo"],"picked":"SKIP","floor":18},{"not_picked":["Sweeping Beam+1","Steam+1","Compile Driver+1"],"picked":"SKIP","floor":21},{"not_picked":["Ball Lightning+1","Consume","Barrage+1"],"picked":"SKIP","floor":22},{"not_picked":["Rebound+1","Lockon+1","Stack"],"picked":"SKIP","floor":23},{"not_picked":["Ball Lightning+1","Sweeping Beam+1","Steam"],"picked":"SKIP","floor":25}],"player_experience":1697688,"relics_obtained":[{"floor":7,"key":"White Beast Statue"},{"floor":9,"key":"Molten Egg 2"},{"floor":13,"key":"InkBottle"},{"floor":19,"key":"Blood Vial"},{"floor":26,"key":"MealTicket"}],"event_choices":[{"cards_removed":["Strike_B"],"damage_healed":0,"gold_gain":0,"player_choice":"Card Removal","damage_taken":0,"max_hp_gain":0,"max_hp_loss":0,"event_name":"The Cleric","floor":4,"gold_loss":75},{"damage_healed":0,"gold_gain":275,"player_choice":"Desecrate","damage_taken":0,"max_hp_gain":0,"max_hp_loss":0,"event_name":"Golden Shrine","floor":10,"gold_loss":0,"cards_obtained":["Regret"]}],"is_beta":false,"boss_relics":[{"not_picked":["Black Star","Velvet Choker"],"picked":"Sozu"}],"items_purged_floors":[12,20],"is_endless":false,"potions_floor_spawned":[5,8,13,14,16,18,21,22,23,25],"killed_by":"Chosen and Byrds","ascension_level":20}}