{"host":"d8hh7rr4yzitjeuj","time":1608628557,"event":{"mods":["2.2 Compatiblity","AchievementEnabler","BaseMod","CapriCore","Colored Map","Colored Powertips","Highlight Path","Keyboard Shortcuts","Minty Spire (QoL Compilation)","Permanent Neow","Quick Restart","StSLib","SuperFastMode"],"gold_per_floor":[110,128,146,157,176,176,206,206,206,206,241,27,89,89,89,167,167,178,178,191,206,226,269,308,308,308,42,42,42,92,137,137,137,137],"floor_reached":33,"playtime":1185,"items_purged":[],"score":571,"play_id":"6035ae4d-cda6-4319-895b-bad003e29d22","local_time":"20201222181557","is_ascension_mode":true,"campfire_choices":[{"data":"Go for the Eyes","floor":6.0,"key":"SMITH"},{"floor":8.0,"key":"REST"},{"data":"Barrage","floor":10.0,"key":"SMITH"},{"data":"Hello World","floor":15.0,"key":"SMITH"},{"data":"Fusion","floor":25,"key":"SMITH"},{"data":"Seek","floor":28,"key":"SMITH"},{"data":"Self Repair","floor":29,"key":"SMITH"},{"data":"Chill","floor":32,"key":"SMITH"}],"circlet_count":0,"master_deck":["AscendersBane","Defend_B","Defend_B","Defend_B","Defend_B","Zap+1","Dualcast","Cold Snap","Go for the Eyes+1","Steam","Chill+1","Barrage+1","Seek+1","Beam Cell","All For One","Self Repair+1","Hello World+1","Cold Snap","Barrage","Rebound","Capacitor+1","Biased Cognition+1","Force Field+1","Hologram","Ball Lightning+1","Compile Driver","Fusion+1","Hologram","Bite","Bite","Bite","Bite","Bite"],"relics":["Cracked Core","Lizard Tail","Pear","Omamori","Orrery","Frozen Egg 2","WingedGreaves","Coffee Dripper","CeramicFish","Red Mask","Bronze Scales","Mummified Hand"],"acts_visited":["Exordium","TheCity"],"potions_floor_usage":[33],"damage_taken":[{"damage":2.0,"enemies":"Jaw Worm","floor":1.0,"turns":3.0},{"damage":2.0,"enemies":"Small Slimes","floor":2.0,"turns":3.0},{"damage":0.0,"enemies":"2 Louse","floor":3.0,"turns":2.0},{"damage":4.0,"enemies":"Red Slaver","floor":4.0,"turns":3.0},{"damage":0.0,"enemies":"Exordium Wildlife","floor":5.0,"turns":4.0},{"damage":39.0,"enemies":"Gremlin Nob","floor":7.0,"turns":5.0},{"damage":15.0,"enemies":"Lagavulin","floor":11.0,"turns":6.0},{"damage":9.0,"enemies":"3 Sentries","floor":13.0,"turns":7.0},{"damage":3.0,"enemies":"Hexaghost","floor":16.0,"turns":8.0},{"damage":5.0,"enemies":"Spheric Guardian","floor":18.0,"turns":3.0},{"damage":18.0,"enemies":"2 Thieves","floor":20.0,"turns":4.0},{"damage":14.0,"enemies":"Snake Plant","floor":21.0,"turns":6.0},{"damage":13.0,"enemies":"Centurion and Healer","floor":22.0,"turns":8.0},{"damage":12.0,"enemies":"Book of Stabbing","floor":23.0,"turns":5.0},{"damage":41,"enemies":"Masked Bandits","floor":24,"turns":4},{"damage":56,"enemies":"Champ","floor":33,"turns":9}],"seed_played":"1358576521406125937","potions_obtained":[{"floor":1.0,"key":"Strength Potion"},{"floor":5.0,"key":"EssenceOfSteel"},{"floor":11.0,"key":"ColorlessPotion"},{"floor":13.0,"key":"SpeedPotion"},{"floor":20.0,"key":"SkillPotion"},{"floor":21.0,"key":"PotionOfCapacity"},{"floor":23.0,"key":"DuplicationPotion"}],"is_trial":false,"path_per_floor":["M","M","M","M","M","R","E","R","T","R","E","$","?","?","R","B",null,"M","?","M","M","M","E","?","R","T","$","R","R","?","?","R","B"],"character_chosen":"DEFECT","items_purchased":["Orrery","Rebound","Mummified Hand"],"campfire_rested":1,"item_purchase_floors":[12,12,27],"current_hp_per_floor":[62,60,60,56,56,56,17,38,48,48,33,33,31,20,20,24,67,62,81,63,56,50,45,11,11,11,11,11,11,11,11,11,0,0],"gold":137,"neow_bonus":"UPGRADE_CARD","is_daily":false,"chose_seed":false,"campfire_upgraded":7,"win_rate":0.0,"timestamp":1608628557,"path_taken":["M","M","M","M","M","R","E","R","T","R","E","$","?","?","R","BOSS","M","?","M","?","M","E","?","R","T","$","R","R","?","?","R","BOSS"],"items_purchased_type":["Relic","Card","Relic"],"build_version":"2020-12-13","purchased_purges":0,"victory":false,"max_hp_per_floor":[71,71,71,71,71,71,71,71,81,81,81,81,81,81,81,81,81,81,81,81,81,81,81,81,81,81,81,81,81,81,56,56,56,56],"card_choices":[{"not_picked":["Loop","Redo"],"picked":"Cold Snap","floor":1.0},{"not_picked":["BootSequence","Stack"],"picked":"Go for the Eyes","floor":2.0},{"not_picked":["Fusion","Turbo"],"picked":"Steam","floor":3.0},{"not_picked":["Coolheaded","Barrage"],"picked":"Chill","floor":4.0},{"not_picked":["Steam Power","Tempest"],"picked":"Barrage","floor":5.0},{"not_picked":["Turbo","Coolheaded"],"picked":"Seek","floor":7.0},{"not_picked":["Barrage","Storm"],"picked":"Beam Cell","floor":11.0},{"not_picked":["Hologram","Sweeping Beam"],"picked":"All For One","floor":12.0},{"not_picked":["Glacier","Steam"],"picked":"Self Repair","floor":12.0},{"not_picked":["Compile Driver","Tempest"],"picked":"Hello World","floor":12.0},{"not_picked":["Blizzard","Double Energy"],"picked":"Cold Snap","floor":12.0},{"not_picked":["Double Energy","Steam"],"picked":"Barrage","floor":12.0},{"not_picked":["Fusion","Redo"],"picked":"Capacitor+1","floor":13.0},{"not_picked":["Buffer+1","Multi-Cast"],"picked":"Biased Cognition+1","floor":16.0},{"not_picked":["Turbo","Recycle"],"picked":"Force Field+1","floor":18.0},{"not_picked":["Static Discharge+1","Ball Lightning"],"picked":"Hologram","floor":20.0},{"not_picked":["Fusion","Streamline"],"picked":"Ball Lightning+1","floor":21.0},{"not_picked":["Turbo","Gash"],"picked":"Compile Driver","floor":22.0},{"not_picked":["Chill","Doom and Gloom"],"picked":"Fusion","floor":23.0},{"not_picked":["Redo","Auto Shields"],"picked":"Hologram","floor":24}],"player_experience":1378280,"relics_obtained":[{"floor":7.0,"key":"Lizard Tail"},{"floor":9.0,"key":"Pear"},{"floor":11.0,"key":"Omamori"},{"floor":13.0,"key":"Frozen Egg 2"},{"floor":23.0,"key":"CeramicFish"},{"floor":24,"key":"Red Mask"},{"floor":26,"key":"Bronze Scales"}],"event_choices":[{"damage_healed":0.0,"max_hp_gain":0.0,"max_hp_loss":0.0,"gold_gain":30.0,"event_name":"Dead Adventurer","player_choice":"Searched \u00273\u0027 times","floor":13.0,"gold_loss":0.0,"damage_taken":0.0},{"damage_healed":0.0,"max_hp_gain":0.0,"max_hp_loss":0.0,"gold_gain":0.0,"event_name":"Scrap Ooze","player_choice":"Success","floor":14.0,"gold_loss":0.0,"damage_taken":11.0,"relics_obtained":["WingedGreaves"]},{"damage_healed":19.0,"max_hp_gain":0.0,"max_hp_loss":0.0,"gold_gain":0.0,"event_name":"Wheel of Change","player_choice":"Full Heal","floor":19.0,"gold_loss":0.0,"damage_taken":0.0},{"damage_healed":0,"gold_gain":0,"player_choice":"Fought Bandits","damage_taken":0,"max_hp_gain":0,"max_hp_loss":0,"event_name":"Masked Bandits","floor":24,"gold_loss":0},{"damage_healed":0,"gold_gain":50,"player_choice":"Stole From Cult","damage_taken":0,"max_hp_gain":0,"max_hp_loss":0,"event_name":"Nest","floor":30,"gold_loss":0},{"damage_healed":0,"gold_gain":0,"player_choice":"Became a vampire","damage_taken":0,"max_hp_gain":0,"max_hp_loss":25,"event_name":"Vampires","floor":31,"gold_loss":0,"cards_obtained":["Bite","Bite","Bite","Bite","Bite"]}],"is_beta":false,"boss_relics":[{"not_picked":["Velvet Choker","Runic Dome"],"picked":"Coffee Dripper"}],"items_purged_floors":[],"is_endless":false,"potions_floor_spawned":[1,5,7,11,13,20,21,23],"killed_by":"Champ","ascension_level":20}}