{"host":"ue7jlgf7uv134an9","time":1608624339,"event":{"mods":["BaseMod","Better Third Choice","Defuse TimeMaze Blight","Minty Spire (QoL Compilation)","Quick Restart","Rare Cards Sparkle","Relic Stats","StSLib","UnlockEverythingMod"],"gold_per_floor":[18,18,18,36,51,76,76,97,97,140,140,155,155,193,193,284,284,304,329,353,333,354,354,375,375,400,400,441,40,40,64,64,64,64],"floor_reached":33,"playtime":1787,"items_purged":["Strike_G"],"score":674,"play_id":"cc3e54b1-f66a-40d5-ae77-08a18724a33e","local_time":"20201222030539","is_ascension_mode":true,"campfire_choices":[{"floor":11,"key":"REST"},{"data":"Neutralize","floor":15,"key":"SMITH"},{"floor":23,"key":"REST"},{"floor":25,"key":"REST"},{"floor":30,"key":"REST"},{"data":"Phantasmal Killer","floor":32,"key":"SMITH"}],"circlet_count":0,"master_deck":["AscendersBane","Strike_G","Strike_G","Defend_G","Defend_G","Defend_G","Survivor","Neutralize+1","Dash","Spot Weakness","All Out Attack","Backstab","Backflip","Backstab","Dagger Spray","Phantasmal Killer+1","Terror","PiercingWail","Calculated Gamble","Finisher","Blade Dance","Footwork","Unload","Leg Sweep"],"relics":["Ring of the Snake","The Courier","Ninja Scroll","Golden Idol","Kunai","Art of War","Meat on the Bone","SlaversCollar","Nunchaku","Paper Crane","Matryoshka","Regal Pillow"],"acts_visited":["Exordium","TheCity"],"potions_floor_usage":[6,10,14,19,22,24,33],"damage_taken":[{"damage":0,"enemies":"2 Louse","floor":1,"turns":3},{"damage":1,"enemies":"Small Slimes","floor":4,"turns":5},{"damage":0,"enemies":"Cultist","floor":5,"turns":3},{"damage":10,"enemies":"3 Sentries","floor":6,"turns":7},{"damage":0,"enemies":"2 Fungi Beasts","floor":8,"turns":1},{"damage":0,"enemies":"Gremlin Nob","floor":10,"turns":3},{"damage":0,"enemies":"Lots of Slimes","floor":12,"turns":1},{"damage":0,"enemies":"3 Sentries","floor":14,"turns":3},{"damage":33,"enemies":"Slime Boss","floor":16,"turns":10},{"damage":14,"enemies":"3 Byrds","floor":18,"turns":6},{"damage":0,"enemies":"Chosen","floor":19,"turns":3},{"damage":16,"enemies":"Shelled Parasite and Fungi","floor":20,"turns":8},{"damage":11,"enemies":"Cultist and Chosen","floor":22,"turns":6},{"damage":20,"enemies":"Snecko","floor":24,"turns":5},{"damage":9,"enemies":"Slavers","floor":28,"turns":5},{"damage":3,"enemies":"Chosen and Byrds","floor":31,"turns":3},{"damage":60,"enemies":"Collector","floor":33,"turns":6}],"seed_played":"-65124915306951399","potions_obtained":[{"floor":1,"key":"GamblersBrew"},{"floor":4,"key":"Ancient Potion"},{"floor":8,"key":"Fire Potion"},{"floor":12,"key":"SteroidPotion"},{"floor":18,"key":"SteroidPotion"},{"floor":19,"key":"Fire Potion"},{"floor":31,"key":"LiquidBronze"}],"is_trial":false,"path_per_floor":["M","?","?","M","M","E","?","M","T","E","R","M","?","E","R","B",null,"M","M","M","?","M","R","M","R","T","?","E","$","R","M","R","B"],"character_chosen":"THE_SILENT","items_purchased":["Matryoshka","Regal Pillow"],"campfire_rested":4,"item_purchase_floors":[29,29],"current_hp_per_floor":[59,59,34,33,33,23,23,23,23,23,41,41,41,41,41,20,50,36,36,32,32,33,51,31,49,49,49,40,40,60,57,57,0,0],"gold":64,"neow_bonus":"REMOVE_TWO","is_daily":false,"chose_seed":false,"campfire_upgraded":2,"win_rate":0.0,"timestamp":1608624339,"path_taken":["M","?","?","M","M","E","?","M","T","E","R","M","?","E","R","BOSS","M","?","M","?","M","R","?","R","T","?","E","$","R","M","R","BOSS"],"items_purchased_type":["Relic","Relic"],"build_version":"2020-12-13","purchased_purges":1,"victory":false,"max_hp_per_floor":[66,66,66,66,66,66,60,60,60,60,60,60,60,60,60,60,60,60,60,60,60,60,60,60,60,60,60,60,60,60,60,60,60,60],"relic_stats":{"Nunchaku":[4],"Regal Pillow":2,"counters":[17,78],"Golden Idol":77,"Art of War":[3],"Kunai":[29],"obtain_stats":[{"SlaversCollar":17,"Nunchaku":26,"Regal Pillow":29,"Matryoshka":29,"Ninja Scroll":6,"Golden Idol":7,"The Courier":3,"Art of War":10,"Kunai":9,"Paper Crane":28,"Ring of the Snake":0,"Meat on the Bone":14},{"SlaversCollar":9,"Nunchaku":14,"Regal Pillow":15,"Matryoshka":15,"Ninja Scroll":4,"Golden Idol":4,"The Courier":1,"Art of War":6,"Kunai":5,"Paper Crane":15,"Ring of the Snake":0,"Meat on the Bone":8},{"SlaversCollar":36,"Nunchaku":64,"Regal Pillow":69,"Matryoshka":69,"Ninja Scroll":18,"Golden Idol":18,"The Courier":3,"Art of War":22,"Kunai":19,"Paper Crane":69,"Ring of the Snake":0,"Meat on the Bone":26}],"Ring of the Snake":[34],"Meat on the Bone":36},"card_choices":[{"not_picked":["Distraction","Crippling Poison"],"picked":"Dash","floor":1},{"not_picked":["Quick Slash","Cloak And Dagger"],"picked":"All Out Attack","floor":4},{"not_picked":["Reflex","Acrobatics"],"picked":"Backstab","floor":5},{"not_picked":["Blur","Skewer"],"picked":"Backflip","floor":6},{"not_picked":["Caltrops","Sucker Punch"],"picked":"Backstab","floor":8},{"not_picked":["Tactician","Calculated Gamble"],"picked":"Dagger Spray","floor":10},{"not_picked":["Poisoned Stab","Flying Knee","Quick Slash"],"picked":"SKIP","floor":12},{"not_picked":["Poisoned Stab","Unload","Acrobatics"],"picked":"SKIP","floor":14},{"not_picked":["Bullet Time","Grand Finale"],"picked":"Phantasmal Killer","floor":16},{"not_picked":["Sucker Punch","Dagger Spray"],"picked":"Terror","floor":18},{"not_picked":["Slice+1","Underhanded Strike+1"],"picked":"PiercingWail","floor":19},{"not_picked":["Choke","Acrobatics"],"picked":"Calculated Gamble","floor":20},{"not_picked":["Slice","Reflex"],"picked":"Finisher","floor":22},{"not_picked":["Deflect","Heel Hook"],"picked":"Blade Dance","floor":24},{"not_picked":["Endless Agony","Footwork","Tactician"],"picked":"SKIP","floor":28},{"not_picked":["Calculated Gamble","Slice"],"picked":"Leg Sweep","floor":31}],"player_experience":21696,"relics_obtained":[{"floor":6,"key":"Ninja Scroll"},{"floor":9,"key":"Kunai"},{"floor":10,"key":"Art of War"},{"floor":14,"key":"Meat on the Bone"},{"floor":26,"key":"Nunchaku"},{"floor":28,"key":"Paper Crane"}],"event_choices":[{"damage_healed":0,"gold_gain":0,"cards_transformed":["Defend_G"],"player_choice":"Change","damage_taken":0,"max_hp_gain":0,"max_hp_loss":0,"event_name":"Living Wall","floor":2,"gold_loss":0,"cards_obtained":["Setup"]},{"damage_healed":0,"gold_gain":1,"player_choice":"Relic Card ","damage_taken":25,"max_hp_gain":0,"max_hp_loss":0,"event_name":"betterThird:BetterScrap","floor":3,"gold_loss":0,"cards_obtained":["Spot Weakness","Thunder Strike"]},{"damage_healed":0,"gold_gain":0,"player_choice":"Lose Max HP","damage_taken":0,"relics_obtained":["Golden Idol"],"max_hp_gain":0,"max_hp_loss":6,"event_name":"Golden Idol","floor":7,"gold_loss":0},{"damage_healed":0,"gold_gain":0,"player_choice":"Got Potions","damage_taken":0,"max_hp_gain":0,"max_hp_loss":0,"event_name":"Lab","floor":13,"gold_loss":0},{"damage_healed":0,"gold_gain":0,"player_choice":"Bought 1 Potion","damage_taken":0,"max_hp_gain":0,"max_hp_loss":0,"event_name":"The Woman in Blue","floor":21,"gold_loss":0},{"damage_healed":0,"gold_gain":0,"cards_transformed":["Strike_G","Setup"],"player_choice":"Became Test Subject","damage_taken":0,"max_hp_gain":0,"max_hp_loss":0,"event_name":"Drug Dealer","floor":27,"gold_loss":0,"cards_obtained":["Footwork","Unload"]}],"is_beta":false,"boss_relics":[{"not_picked":["Runic Dome","Snecko Eye"],"picked":"SlaversCollar"}],"items_purged_floors":[29],"is_endless":false,"potions_floor_spawned":[1,4,8,12,18,19,31],"killed_by":"Collector","ascension_level":20}}