{"host":"l2dnabsh5e0fsksb","time":1608647068,"event":{"mods":["2.2 Compatiblity","BaseMod","Downfall","Minty Spire (QoL Compilation)","Quick Restart","StSLib"],"gold_per_floor":[99,149,149,149,74,104,104,33,33,18,18,39,39,71,91,91,91,91],"floor_reached":16,"playtime":406,"items_purged":["Regret"],"score":241,"play_id":"60d5704b-63ca-452f-9ab6-5f9bd811ba4b","local_time":"20201223005428","is_ascension_mode":true,"campfire_choices":[{"floor":1.0,"key":"RECALL"},{"data":"Slimebound:SplitAcid","floor":9.0,"key":"SMITH"},{"data":"Slimebound:Split","floor":11.0,"key":"SMITH"},{"floor":13.0,"key":"REST"}],"circlet_count":0,"master_deck":["AscendersBane","Slimebound:Strike_Slimebound","Slimebound:Strike_Slimebound+1","Slimebound:Strike_Slimebound","Slimebound:Tackle","Slimebound:Defend_Slimebound+1","Slimebound:Defend_Slimebound","Slimebound:Defend_Slimebound","Slimebound:Defend_Slimebound","Slimebound:Split+1","Slimebound:CorrosiveSpit","Slimebound:SplitMire+1","Slimebound:SplitMire","Slimebound:Schlurp","Slimebound:Recollect","Slimebound:SplitAcid+1","Slimebound:SplitMire","Slimebound:LeechingTouch","Slimebound:Overexert","Slimebound:PressTheAttack"],"relics":["Slimebound:AbsorbEndCombat","downfall:HeartsMalice","StrikeDummy","Odd Mushroom","Slimebound:AggressiveSlimeRelic"],"acts_visited":["Exordium"],"potions_floor_usage":[16],"damage_taken":[{"damage":0.0,"enemies":"Jaw Worm","floor":3.0,"turns":1.0},{"damage":0.0,"enemies":"downfall:FleeingMerchant","floor":5.0,"turns":1.0},{"damage":0.0,"enemies":"3 Sentries","floor":6.0,"turns":1.0},{"damage":32.0,"enemies":"downfall:FleeingMerchant","floor":8.0,"turns":4.0},{"damage":31.0,"enemies":"downfall:FleeingMerchant","floor":10.0,"turns":4.0},{"damage":57.0,"enemies":"The Mushroom Lair","floor":12.0,"turns":5.0},{"damage":30.0,"enemies":"Gremlin Nob","floor":14.0,"turns":3.0},{"damage":11.0,"enemies":"2 Louse","floor":15.0,"turns":2.0},{"damage":49,"enemies":"downfall:Ironclad","floor":16,"turns":5}],"seed_played":"-1278030290626304026","potions_obtained":[{"floor":6.0,"key":"DuplicationPotion"},{"floor":14.0,"key":"Dexterity Potion"}],"is_trial":false,"path_per_floor":["R","?","M","?","$","E","T","$","R","$","R","?","R","E","M","B"],"character_chosen":"SLIMEBOUND","items_purchased":["Slimebound:SplitAcid"],"campfire_rested":1,"item_purchase_floors":[8],"current_hp_per_floor":[49,49,49,49,49,49,49,41,41,36,36,21,37,29,30,0,0,0],"gold":91,"neow_bonus":"THREE_ENEMY_KILL","is_daily":false,"chose_seed":false,"campfire_upgraded":2,"win_rate":0.0,"timestamp":1608647068,"path_taken":["R","?","M","?","?","E","T","$","R","$","R","?","R","E","M","BOSS"],"items_purchased_type":["Card"],"build_version":"2020-12-13","purchased_purges":1,"victory":false,"max_hp_per_floor":[54,54,54,54,54,54,54,54,54,54,54,54,54,54,54,54,54,54],"card_choices":[{"not_picked":["Slimebound:LeechEnergy","Slimebound:FinishingTackle"],"picked":"Slimebound:SplitMire","floor":3.0},{"not_picked":["Slimebound:Repurpose","Slimebound:LeechEnergy"],"picked":"Slimebound:SplitMire","floor":5.0},{"not_picked":["Slimebound:Gluttony","Slimebound:SlimeSpikes"],"picked":"Slimebound:Schlurp","floor":6.0},{"not_picked":["Slimebound:ComboTackle","Slimebound:Recycling"],"picked":"Slimebound:Recollect","floor":8.0},{"not_picked":["Slimebound:PressTheAttack","Slimebound:Recollect"],"picked":"Slimebound:SplitMire","floor":10.0},{"not_picked":["Slimebound:SplitMire","Slimebound:SlimeBrawl"],"picked":"Slimebound:LeechingTouch","floor":12.0},{"not_picked":["Slimebound:RollThrough","Slimebound:SlimeSpikes"],"picked":"Slimebound:Overexert","floor":14.0},{"not_picked":["Slimebound:GoopSpray","Slimebound:SplitBruiser"],"picked":"Slimebound:PressTheAttack","floor":15.0}],"player_experience":1700324,"relics_obtained":[{"floor":6.0,"key":"StrikeDummy"},{"floor":12.0,"key":"Odd Mushroom"},{"floor":14.0,"key":"Slimebound:AggressiveSlimeRelic"}],"event_choices":[{"damage_healed":0.0,"max_hp_gain":0.0,"max_hp_loss":0.0,"gold_gain":0.0,"event_name":"Mushrooms","player_choice":"Fought Mushrooms","floor":12.0,"gold_loss":0.0,"damage_taken":0.0}],"is_beta":false,"boss_relics":[],"items_purged_floors":[5],"is_endless":false,"potions_floor_spawned":[6,14],"killed_by":"downfall:Ironclad","ascension_level":18}}