{"host":"ix2a18c4ohfsrslv","time":1608665739,"event":{"mods":["BaseMod","Better Third Choice","Downfall","Minty Spire (QoL Compilation)","Replay The Spire","StSLib"],"gold_per_floor":[199,216,7,7,22,55,100,135,135,26,26,26,26,39,39,69,81,185,185,185,205,36,136,136,61,61,61,61,61,75,75,75,89,104,199,199,124,141,152,203,203,87,87,97,97,174,188,203,203,214,232,232],"floor_reached":53,"playtime":3922,"items_purged":["Slimebound:Strike_Slimebound","Slimebound:Repurpose"],"score":702,"play_id":"9eff52ac-b5b9-44c0-9a66-691a4646367e","local_time":"20201222113539","is_ascension_mode":true,"campfire_choices":[{"data":"Slimebound:Split","floor":1,"key":"SMITH"},{"data":"Slimebound:SpikyOuterGoop","floor":9,"key":"SMITH"},{"floor":11,"key":"RECALL"},{"data":"Slimebound:ServeAndProtect","floor":15,"key":"SMITH"},{"data":"Slimebound:SlimeBarrage","floor":20,"key":"SMITH"},{"data":"Slimebound:DivideAndConquer","floor":25,"key":"SMITH"},{"data":"Dramatic Entrance","floor":27,"key":"SMITH"},{"data":"Slimebound:RallyTheTroops","floor":37,"key":"SMITH"}],"circlet_count":0,"master_deck":["Slimebound:Tackle","Slimebound:Defend_Slimebound","Slimebound:Defend_Slimebound","Slimebound:Defend_Slimebound","Slimebound:Defend_Slimebound","Slimebound:Split+1","Slimebound:SpikyOuterGoop+1","Slimebound:Schlurp","Slimebound:SplitMire","Slimebound:LeechingTouch","Slimebound:SlimeSpikes","Slimebound:LevelUp","Slimebound:ServeAndProtect+1","Dramatic Entrance+1","Slimebound:SlimeBarrage+1","Slimebound:OozeBath","Slimebound:SamplingLick","Slimebound:PressTheAttack","Slimebound:DivideAndConquer+1","Slimebound:AcidTongue","Slimebound:RallyTheTroops+1","Slimebound:SamplingLick","Slimebound:SplitMire+1","Slimebound:LeechEnergy+1","Slimebound:SplitSpecialist+1","sneckomod:Bewildered","Slimebound:LeechEnergy+1","Slimebound:TagTeam"],"relics":["Slimebound:AbsorbEndCombatUpgraded","Membership Card","Smiling Mask","Replay:Mystery Machine","Tiny Chest","Odd Mushroom","Empty Cage","Meat on the Bone","downfall:GremlinWheel","Onion Ring","downfall:HeartBlessingGreen","Garlic","MutagenicStrength","Toy Ornithopter","Darkstone Periapt","downfall:HeartBlessingRed","Thread and Needle","Blue Doll","Bottled Flame"],"acts_visited":["Exordium","TheCity","TheBeyond"],"potions_floor_usage":[21,23,35,35,38,40,44,50,51,52,52],"damage_taken":[{"damage":10,"enemies":"Cultist","floor":2,"turns":3},{"damage":10,"enemies":"downfall:FleeingMerchant","floor":3,"turns":4},{"damage":14,"enemies":"Jaw Worm","floor":5,"turns":3},{"damage":21,"enemies":"Lagavulin","floor":6,"turns":7},{"damage":25,"enemies":"Gremlin Nob","floor":8,"turns":4},{"damage":15,"enemies":"downfall:FleeingMerchant","floor":10,"turns":4},{"damage":8,"enemies":"Small Slimes","floor":14,"turns":2},{"damage":18,"enemies":"The Mushroom Lair","floor":16,"turns":4},{"damage":11,"enemies":"2 Fungi Beasts","floor":17,"turns":3},{"damage":67,"enemies":"downfall:Defect","floor":18,"turns":8},{"damage":25,"enemies":"3 Byrds","floor":21,"turns":5},{"damage":22,"enemies":"downfall:FleeingMerchant","floor":22,"turns":4},{"damage":37,"enemies":"downfall:FleeingMerchant","floor":23,"turns":4},{"damage":40,"enemies":"Shell Parasite","floor":30,"turns":5},{"damage":21,"enemies":"Chosen and Byrds","floor":33,"turns":4},{"damage":28,"enemies":"Shelled Parasite and Fungi","floor":34,"turns":5},{"damage":41,"enemies":"downfall:Watcher","floor":35,"turns":8},{"damage":22,"enemies":"3 Shapes","floor":38,"turns":3},{"damage":32,"enemies":"3 Darklings","floor":39,"turns":4},{"damage":77,"enemies":"2 Orb Walkers","floor":40,"turns":6},{"damage":16,"enemies":"downfall:FleeingMerchant","floor":42,"turns":4},{"damage":10,"enemies":"4 Shapes","floor":44,"turns":3},{"damage":14,"enemies":"Sphere and 2 Shapes","floor":47,"turns":4},{"damage":32,"enemies":"Maw","floor":48,"turns":8},{"damage":49,"enemies":"Writhing Mass","floor":50,"turns":5},{"damage":67,"enemies":"Transient","floor":51,"turns":5},{"damage":41,"enemies":"downfall:Ironclad","floor":52,"turns":16}],"seed_played":"6997940251054963235","potions_obtained":[{"floor":5,"key":"LifebloodPotion"},{"floor":6,"key":"Regen Potion"},{"floor":14,"key":"Weak Potion"},{"floor":21,"key":"PowerPotion"},{"floor":23,"key":"LiquidMemories"},{"floor":30,"key":"Fire Potion"},{"floor":38,"key":"Guardian:BlockOnCardUsePotion"},{"floor":47,"key":"Explosive Potion"},{"floor":48,"key":"DistilledChaos"},{"floor":50,"key":"DuplicationPotion"}],"is_trial":false,"path_per_floor":["R","M","$","?","M","E","T","E","R","$","R","PTL","PTL","M","R","?","M","B",null,"R","M","$","?","T","R","T","R","?","?","M","?","T","M","M","B",null,"R","M","M","?","?","$","T","M","T","T","M","M","?","M","M","B",null],"character_chosen":"SLIMEBOUND","items_purchased":["Membership Card","Slimebound:SplitMire","Slimebound:LeechingTouch","Dramatic Entrance","Slimebound:DivideAndConquer","Meat on the Bone","Dexterity Potion","Adrenaline Potion"],"campfire_rested":0,"item_purchase_floors":[3,3,3,10,22,22,42,42],"current_hp_per_floor":[60,60,60,65,65,65,65,60,60,65,65,65,65,65,65,63,62,34,65,65,52,54,54,54,54,54,54,54,54,54,54,54,57,55,57,65,65,65,57,29,29,53,53,65,65,65,63,65,71,51,37,68],"gold":232,"neow_bonus":"HUNDRED_GOLD","is_daily":false,"chose_seed":false,"campfire_upgraded":7,"win_rate":0.0,"timestamp":1608665739,"path_taken":["R","M","?","?","M","E","T","E","R","$","R","PTL","PTL","?","R","?","M","BOSS","R","M","$","?","?","R","T","R","?","?","M","?","?","M","M","BOSS","R","M","M","?","?","$","T","M","?","?","?","M","?","M","M","BOSS"],"items_purchased_type":["Relic","Card","Card","Card","Card","Relic","Potion","Potion"],"build_version":"2020-12-13","purchased_purges":2,"victory":true,"max_hp_per_floor":[60,60,60,65,65,65,65,65,65,65,65,65,65,65,65,65,65,65,65,65,65,65,65,65,65,65,65,65,65,65,65,65,65,65,65,65,65,65,65,65,65,65,65,65,65,65,65,65,71,71,71,71],"card_choices":[{"not_picked":["Slimebound:LeechingTouch","Slimebound:SamplingLick"],"picked":"Slimebound:SpikyOuterGoop","floor":2},{"not_picked":["Slimebound:SplitAcid","Slimebound:ViciousTackle"],"picked":"Slimebound:Schlurp","floor":3},{"not_picked":["Slimebound:SplitAcid","Slimebound:Chomp"],"picked":"Slimebound:SlimeSpikes","floor":5},{"not_picked":["Slimebound:FormOfPuddle","Slimebound:FlameTackle"],"picked":"Slimebound:LevelUp","floor":6},{"not_picked":["Slimebound:Replication","Slimebound:TongueLash","Slimebound:BestDefense"],"picked":"SKIP","floor":8},{"not_picked":["Slimebound:GoopTackle","Slimebound:SpikyOuterGoop"],"picked":"Slimebound:ServeAndProtect","floor":10},{"not_picked":["Slimebound:FirmFortitude","Slimebound:SlimeBrawl","Slimebound:Schlurp"],"picked":"SKIP","floor":14},{"not_picked":["Slimebound:ViciousTackle","Slimebound:DisruptingSlam"],"picked":"Slimebound:SlimeBarrage","floor":16},{"not_picked":["Slimebound:SlimeSlap","Slimebound:Dissolve","Slimebound:SplitMire"],"picked":"SKIP","floor":17},{"not_picked":["Slimebound:DuplicatedForm","Slimebound:MassRepurpose"],"picked":"Slimebound:OozeBath","floor":18},{"not_picked":["Slimebound:GoopSpray","Slimebound:FlameTackle"],"picked":"Slimebound:SamplingLick","floor":21},{"not_picked":["Slimebound:SplitAcid","Slimebound:LivingWall"],"picked":"Slimebound:PressTheAttack","floor":22},{"not_picked":["Slimebound:DivideAndConquer","Slimebound:FinishingTackle","Slimebound:FlameTackle"],"picked":"SKIP","floor":30},{"not_picked":["Slimebound:SlimeBrawl","Slimebound:DivideAndConquer"],"picked":"Slimebound:Repurpose","floor":33},{"not_picked":["Slimebound:ServeAndProtect+1","Slimebound:PressTheAttack"],"picked":"Slimebound:AcidTongue","floor":34},{"not_picked":["Slimebound:PrepareCrush","Slimebound:SelfFormingGoo"],"picked":"Slimebound:RallyTheTroops","floor":35},{"not_picked":["Slimebound:SlimeSpikes+1","Slimebound:SlimeBrawl+1"],"picked":"Slimebound:SamplingLick","floor":38},{"not_picked":["Slimebound:SlimeBarrage+1","Slimebound:ServeAndProtect"],"picked":"Slimebound:SplitMire+1","floor":39},{"not_picked":["Slimebound:Repurpose+1","Slimebound:SamplingLick"],"picked":"Slimebound:LeechEnergy+1","floor":40},{"not_picked":["Slimebound:GrowthPunch+1","Slimebound:PressTheAttack","Slimebound:ItLooksTasty"],"picked":"SKIP","floor":42},{"not_picked":["Slimebound:ComboTackle","Slimebound:ViciousTackle","Slimebound:SlimeBarrage+1"],"picked":"SKIP","floor":44},{"not_picked":["Slimebound:DivideAndConquer","Slimebound:FinishingTackle"],"picked":"Slimebound:SplitSpecialist+1","floor":47},{"not_picked":["Slimebound:SplitBruiser+1","Slimebound:Nibble","Slimebound:Grow"],"picked":"SKIP","floor":48},{"not_picked":["Slimebound:GoopTackle+1","Slimebound:DivideAndConquer"],"picked":"Slimebound:LeechEnergy+1","floor":50},{"not_picked":["Slimebound:ViciousTackle+1","Slimebound:DisruptingSlam"],"picked":"Slimebound:TagTeam","floor":51}],"player_experience":103174,"relics_obtained":[{"floor":6,"key":"Smiling Mask"},{"floor":7,"key":"Replay:Mystery Machine"},{"floor":8,"key":"Tiny Chest"},{"floor":16,"key":"Odd Mushroom"},{"floor":23,"key":"downfall:GremlinWheel"},{"floor":24,"key":"Onion Ring"},{"floor":26,"key":"Garlic"},{"floor":32,"key":"Toy Ornithopter"},{"floor":37,"key":"Darkstone Periapt"},{"floor":40,"key":"Thread and Needle"},{"floor":45,"key":"Blue Doll"},{"floor":46,"key":"Bottled Flame"}],"event_choices":[{"damage_healed":0,"gold_gain":0,"player_choice":"Donut","damage_taken":0,"max_hp_gain":5,"max_hp_loss":0,"event_name":"Big Fish","floor":4,"gold_loss":0},{"damage_healed":0,"gold_gain":0,"player_choice":"Fought Mushrooms","damage_taken":0,"max_hp_gain":0,"max_hp_loss":0,"event_name":"Mushrooms","floor":16,"gold_loss":0},{"damage_healed":0,"gold_gain":0,"player_choice":"Inject Mutagens","damage_taken":0,"relics_obtained":["MutagenicStrength"],"max_hp_gain":0,"max_hp_loss":0,"event_name":"Drug Dealer","floor":28,"gold_loss":0},{"damage_healed":0,"gold_gain":0,"player_choice":"Relic","damage_taken":0,"max_hp_gain":0,"max_hp_loss":0,"event_name":"Wheel of Change","floor":37,"gold_loss":0},{"damage_healed":0,"gold_gain":0,"player_choice":"Fight","damage_taken":0,"max_hp_gain":0,"max_hp_loss":0,"event_name":"Mysterious Sphere","floor":40,"gold_loss":0},{"cards_removed":["Slimebound:CorrosiveSpit"],"damage_healed":0,"gold_gain":0,"player_choice":"Removed Skill","damage_taken":0,"max_hp_gain":0,"max_hp_loss":0,"event_name":"Falling","floor":41,"gold_loss":0}],"is_beta":false,"boss_relics":[{"not_picked":["Coffee Dripper","Painkiller Herb"],"picked":"Empty Cage"},{"not_picked":["Snecko Heart","Ring of Chaos"],"picked":"Slimebound:AbsorbEndCombatUpgraded"}],"items_purged_floors":[10,42],"is_endless":false,"potions_floor_spawned":[5,6,14,21,23,30,38,47,48,50],"ascension_level":2}}