{"host":"h8l1uc7c2i19r904","time":1608606264,"event":{"mods":["AchievementEnabler","BaseMod","Colored Map","Colored Powertips","Downfall","Minty Spire (QoL Compilation)","Quick Restart","Replay The Spire","StSLib","SuperFastMode"],"gold_per_floor":[116,116,134,144,157,170,196,196,219,252,252,265,293,343,343,343,343],"floor_reached":16,"playtime":1347,"items_purged":[],"score":112,"play_id":"96ca9f39-5d85-403d-9f7b-e19f1e4419d1","local_time":"20201221190424","is_ascension_mode":false,"campfire_choices":[{"data":"Eruption","floor":8,"key":"SMITH"},{"floor":11,"key":"REST"}],"circlet_count":0,"master_deck":["Strike_P+1","Strike_P","Strike_P+1","Defend_P","Defend_P","Defend_P","Defend_P","Eruption+1","Vigilance","Replay:Anticipation","Nirvana","Replay:Battleflow","Pray+1","BattleHymn","Replay:ManipulateFuture","FollowUp","FearNoEvil","Delirium"],"relics":["PureWater","NeowsBlessing","Boot","Whetstone","Replay:Mystery Machine","Odd Mushroom","Ring of Greed","Ring of Fangs","Golden Egg","Smiling Mask"],"acts_visited":["Exordium"],"potions_floor_usage":[],"damage_taken":[{"damage":0,"enemies":"Jaw Worm","floor":1,"turns":1},{"damage":0,"enemies":"Cultist","floor":3,"turns":1},{"damage":0,"enemies":"Small Slimes","floor":4,"turns":1},{"damage":10,"enemies":"3 Louse","floor":5,"turns":4},{"damage":1,"enemies":"Large Slime","floor":6,"turns":9},{"damage":28,"enemies":"Lagavulin","floor":7,"turns":7},{"damage":27,"enemies":"Gremlin Nob","floor":10,"turns":3},{"damage":15,"enemies":"Exordium Thugs","floor":12,"turns":5},{"damage":2,"enemies":"The Mushroom Lair","floor":13,"turns":3},{"damage":43,"enemies":"Hexaghost","floor":16,"turns":8}],"seed_played":"7940043387693937841","potions_obtained":[{"floor":3,"key":"sneckomod:MuddlingPotion"},{"floor":5,"key":"Strength Potion"},{"floor":7,"key":"DistilledChaos"}],"is_trial":false,"path_per_floor":["M","?","M","M","M","M","E","R","T","E","R","M","?","?","R_BF","B"],"character_chosen":"WATCHER","items_purchased":[],"campfire_rested":1,"item_purchase_floors":[],"current_hp_per_floor":[72,72,72,72,62,61,33,33,33,6,27,12,10,10,31,0,0],"gold":343,"neow_bonus":"THREE_ENEMY_KILL","is_daily":false,"chose_seed":false,"campfire_upgraded":1,"win_rate":0.0,"timestamp":1608606264,"path_taken":["M","?","M","?","M","M","E","R","T","E","R","M","?","?","R_BF","BOSS"],"items_purchased_type":[],"build_version":"2020-12-13","purchased_purges":0,"victory":false,"max_hp_per_floor":[72,72,72,72,72,72,72,72,72,72,72,72,72,72,72,72,72],"card_choices":[{"not_picked":["Replay:AtTheReady","EmptyFist"],"picked":"Replay:Anticipation","floor":1},{"not_picked":["Meditate","SignatureMove"],"picked":"Replay:Battleflow","floor":3},{"not_picked":["Protect","Tantrum"],"picked":"Pray","floor":4},{"not_picked":["PathToVictory","FlurryOfBlows"],"picked":"BattleHymn","floor":5},{"not_picked":["Swivel","CarveReality"],"picked":"Replay:ManipulateFuture","floor":6},{"not_picked":["BowlingBash","TalkToTheHand","Replay:ManipulateFuture"],"picked":"SKIP","floor":7},{"not_picked":["ThirdEye","Pray"],"picked":"FollowUp","floor":10},{"not_picked":["CrushJoints","CarveReality"],"picked":"FearNoEvil","floor":12}],"player_experience":92128,"relics_obtained":[{"floor":7,"key":"Boot"},{"floor":9,"key":"Whetstone"},{"floor":10,"key":"Replay:Mystery Machine"},{"floor":13,"key":"Odd Mushroom"},{"floor":14,"key":"Ring of Greed"},{"floor":14,"key":"Ring of Fangs"},{"floor":14,"key":"Golden Egg"},{"floor":14,"key":"Smiling Mask"}],"event_choices":[{"damage_healed":0,"gold_gain":0,"cards_transformed":["Strike_P"],"player_choice":"Transformed","damage_taken":0,"max_hp_gain":0,"max_hp_loss":0,"event_name":"Transmorgrifier","floor":2,"gold_loss":0,"cards_obtained":["Nirvana"]},{"damage_healed":0,"gold_gain":0,"player_choice":"Fought Mushrooms","damage_taken":0,"max_hp_gain":0,"max_hp_loss":0,"event_name":"Mushrooms","floor":13,"gold_loss":0}],"is_beta":false,"boss_relics":[],"items_purged_floors":[],"is_endless":false,"potions_floor_spawned":[3,5,7,12,13],"killed_by":"Hexaghost","ascension_level":0}}