{"host":"0fmi5fguj5lvt8pf","time":1608606626,"event":{"mods":["BaseMod","Colored Map","Curses Come First","Downfall","Minty Spire (QoL Compilation)","Permanent Neow","StSLib","Waifu the Spire"],"gold_per_floor":[99,99,99,99,399,429,429,429,137,137,22,41,51,151,169,264,264,39,53,88,88,88,107,107,123,142,177,193,193,208,208,224,320,320,320,113,25,45,30,43,67,67,67,67,52,69,69,231,243,243,243,243],"floor_reached":50,"playtime":4281,"items_purged":["Regret","Slimebound:Icky","champ:Defend"],"score":558,"play_id":"af8c8829-090e-415f-9c07-fdb7b30118ef","local_time":"20201221191026","is_ascension_mode":false,"campfire_choices":[{"data":"champ:Taunt","floor":1.0,"key":"SMITH"},{"floor":8.0,"key":"RECALL"},{"data":"champ:PreciseThrust","floor":10.0,"key":"SMITH"},{"data":"champ:Balance","floor":18.0,"key":"SMITH"},{"data":"champ:FalseCounter","floor":35.0,"key":"SMITH"},{"data":"champ:Duel","floor":42.0,"key":"SMITH"},{"data":"champ:Circumvent","floor":44.0,"key":"SMITH"}],"circlet_count":0,"master_deck":["champ:Strike","champ:Strike","champ:Strike","champ:Defend+1","champ:Defend+1","champ:Execute","champ:Taunt+1","champ:StanceDance+1","champ:CrownThrow","champ:Circumvent+1","champ:PreciseThrust+1","champ:EnchantCrown","champ:HoldFirm","champ:FalseCounter+1","champ:SkillfulDodge","champ:Balance+1","champ:SteelEdge","champ:TornadoPunch","champ:FlashCut+1","champ:FalseCounter+1","champ:Balance+1","champ:Duel+1","champ:IronFortress+1","champ:RisingSlash","champ:ShieldWall+1","champ:GutPunch"],"relics":["champ:ChampionCrown","downfall:HeartsMalice","Kunai","downfall:HeartBlessingRed","downfall:HeartBlessingGreen","downfall:HeartBlessingBlue","Red Mask","Turnip","InkBottle","Empty Cage","Bag of Marbles","Bronze Scales"],"acts_visited":["Exordium","TheCity","TheBeyond"],"potions_floor_usage":[],"damage_taken":[{"damage":0.0,"enemies":"Cultist","floor":2.0,"turns":1.0},{"damage":0.0,"enemies":"3 Sentries","floor":6.0,"turns":1.0},{"damage":0.0,"enemies":"downfall:FleeingMerchant","floor":9.0,"turns":1.0},{"damage":5.0,"enemies":"downfall:FleeingMerchant","floor":11.0,"turns":4.0},{"damage":0.0,"enemies":"Small Slimes","floor":12.0,"turns":5.0},{"damage":0.0,"enemies":"2 Louse","floor":13.0,"turns":4.0},{"damage":8.0,"enemies":"Large Slime","floor":15.0,"turns":6.0},{"damage":84.0,"enemies":"downfall:Ironclad","floor":16.0,"turns":13.0},{"damage":10.0,"enemies":"3 Byrds","floor":19.0,"turns":5.0},{"damage":66.0,"enemies":"Masked Bandits","floor":20.0,"turns":10.0},{"damage":35.0,"enemies":"Spheric Guardian","floor":23.0,"turns":6.0},{"damage":5.0,"enemies":"Centurion and Healer","floor":25.0,"turns":8.0},{"damage":13.0,"enemies":"Snake Plant","floor":26.0,"turns":5.0},{"damage":17.0,"enemies":"Book of Stabbing","floor":27.0,"turns":8.0},{"damage":6.0,"enemies":"Shelled Parasite and Fungi","floor":28.0,"turns":8.0},{"damage":24.0,"enemies":"Cultist and Chosen","floor":30.0,"turns":7.0},{"damage":0.0,"enemies":"Snake Plant","floor":32.0,"turns":4.0},{"damage":6.0,"enemies":"downfall:Silent","floor":33.0,"turns":11.0},{"damage":5.0,"enemies":"downfall:FleeingMerchant","floor":36.0,"turns":4.0},{"damage":4.0,"enemies":"downfall:FleeingMerchant","floor":37.0,"turns":4.0},{"damage":11.0,"enemies":"3 Shapes","floor":38.0,"turns":5.0},{"damage":3.0,"enemies":"downfall:FleeingMerchant","floor":39.0,"turns":4.0},{"damage":0.0,"enemies":"Orb Walker","floor":40.0,"turns":4.0},{"damage":0.0,"enemies":"downfall:FleeingMerchant","floor":45.0,"turns":4.0},{"damage":30.0,"enemies":"3 Darklings","floor":46.0,"turns":8.0},{"damage":0.0,"enemies":"downfall:FleeingMerchant","floor":48.0,"turns":1.0},{"damage":21,"enemies":"4 Shapes","floor":49,"turns":8},{"damage":66,"enemies":"downfall:Defect","floor":50,"turns":7}],"seed_played":"-5439847986291532957","potions_obtained":[{"floor":6.0,"key":"Regen Potion"},{"floor":12.0,"key":"Weak Potion"},{"floor":15.0,"key":"SkillPotion"},{"floor":19.0,"key":"Regen Potion"},{"floor":26.0,"key":"Block Potion"},{"floor":30.0,"key":"LiquidMemories"},{"floor":38.0,"key":"PowerPotion"},{"floor":46.0,"key":"Fire Potion"}],"is_trial":false,"path_per_floor":["R","M","?","?","?","E","T","R","$","R","$","M","M","?","M","B",null,"R","M","?","?","?","M","T","M","M","E","M","?","M","?","M","B",null,"R","$","$","M","$","M","T","R","?","R","?","M","?","$","M","B"],"character_chosen":"THE_CHAMP","items_purchased":["champ:PreciseThrust","champ:EnchantCrown","champ:Duel","champ:RisingSlash","Bronze Scales","champ:GutPunch"],"campfire_rested":0,"item_purchase_floors":[9,9,36,37,48,48],"current_hp_per_floor":[90,90,100,100,100,100,100,100,100,100,100,100,100,100,97,48,100,110,110,59,59,59,39,39,54,54,47,41,41,27,27,27,21,110,110,110,106,95,92,92,92,92,92,92,92,72,72,72,65,0,0,0],"gold":243,"neow_bonus":"THREE_ENEMY_KILL","is_daily":false,"chose_seed":false,"campfire_upgraded":6,"win_rate":0.0,"timestamp":1608606626,"path_taken":["R","?","?","?","?","E","T","R","$","R","?","M","M","?","M","BOSS","R","M","?","?","?","M","T","M","M","E","M","?","M","?","M","BOSS","R","$","$","M","$","M","T","R","?","R","?","M","?","?","M","BOSS"],"items_purchased_type":["Card","Card","Card","Card","Relic","Card"],"build_version":"2020-12-13","purchased_purges":3,"victory":false,"max_hp_per_floor":[90,90,100,100,100,100,100,100,100,100,100,100,100,100,100,100,100,110,110,110,110,110,110,110,110,110,110,110,110,110,110,110,110,110,110,110,110,110,110,110,110,110,110,110,110,110,110,110,110,110,110,110],"card_choices":[{"not_picked":["champ:PerfectedStrike","champ:RageSigil"],"picked":"champ:StanceDance","floor":2.0},{"not_picked":["champ:BerserkersShout","champ:BringItOn"],"picked":"champ:CrownThrow","floor":6.0},{"not_picked":["champ:FanOfKnives","champ:Encircle"],"picked":"champ:Circumvent","floor":9.0},{"not_picked":["champ:FocusedGladiator","champ:BerserkersShout"],"picked":"champ:HoldFirm","floor":11.0},{"not_picked":["champ:FanOfKnives","champ:StanceDance"],"picked":"champ:FalseCounter","floor":12.0},{"not_picked":["champ:Haymaker","champ:StanceDance"],"picked":"champ:SkillfulDodge","floor":13.0},{"not_picked":["champ:EnGarde","champ:AdrenalArmor"],"picked":"champ:Balance","floor":15.0},{"not_picked":["champ:HeavySlash","champ:SwordThrow"],"picked":"champ:SteelEdge","floor":16.0},{"not_picked":["champ:BerserkersShout+1","champ:FocusedBerserking","champ:StanceDance"],"picked":"SKIP","floor":19.0},{"not_picked":["champ:GladiatorsShout","champ:BladeFlurry"],"picked":"champ:TornadoPunch","floor":20.0},{"not_picked":["champ:FanOfKnives","champ:Backstep","champ:CrookedStrike+1"],"picked":"SKIP","floor":23.0},{"not_picked":["champ:StanceDance","champ:CrookedStrike"],"picked":"champ:FlashCut+1","floor":25.0},{"not_picked":["champ:BladeFlurry","champ:CalledShot+1","champ:ViciousMockery"],"picked":"SKIP","floor":26.0},{"not_picked":["champ:Haymaker+1","champ:IronFortress+1","champ:DefensiveShout+1"],"picked":"SKIP","floor":27.0},{"not_picked":["champ:Haymaker+1","champ:DefensiveShout+1"],"picked":"champ:IronFortress+1","floor":27.0},{"not_picked":["champ:TornadoPunch","champ:FlashCut"],"picked":"champ:FalseCounter+1","floor":28.0},{"not_picked":["champ:Aggression+1","champ:Duel","champ:FlashCut+1"],"picked":"SKIP","floor":30.0},{"not_picked":["champ:MurderStrike","champ:GladiatorsShout"],"picked":"champ:Balance+1","floor":32.0},{"not_picked":["champ:BringItOn+1","champ:BerserkersShout+1","champ:Shatter"],"picked":"SKIP","floor":36.0},{"not_picked":["champ:Circumvent","champ:PerfectedStrike"],"picked":"champ:IronFortress+1","floor":37.0},{"not_picked":["champ:PerfectedStrike","champ:HeartStrike+1","champ:LastStand"],"picked":"SKIP","floor":38.0},{"not_picked":["champ:FanOfKnives","champ:GutPunch"],"picked":"champ:ShieldWall+1","floor":39.0},{"not_picked":["champ:ArenaPreparation","champ:FocusedBerserking+1","champ:GladiatorsShout+1"],"picked":"SKIP","floor":40.0},{"not_picked":["champ:RageSigil","champ:CrookedStrike+1","champ:GladiatorsShout"],"picked":"SKIP","floor":45.0},{"not_picked":["champ:Encircle","champ:RageSigil+1","champ:Circumvent"],"picked":"SKIP","floor":46.0},{"not_picked":["champ:EnGarde","champ:ViciousMockery+1","champ:FaceSlap+1"],"picked":"SKIP","floor":49}],"player_experience":1224668,"relics_obtained":[{"floor":6.0,"key":"Kunai"},{"floor":20.0,"key":"Red Mask"},{"floor":24.0,"key":"Turnip"},{"floor":27.0,"key":"InkBottle"},{"floor":41.0,"key":"Bag of Marbles"}],"event_choices":[{"damage_healed":0.0,"max_hp_gain":0.0,"max_hp_loss":0.0,"gold_gain":0.0,"event_name":"Masked Bandits","player_choice":"Fought Bandits","floor":20.0,"gold_loss":0.0,"damage_taken":0.0},{"cards_removed":["Slimebound:Icky"],"damage_healed":0.0,"max_hp_gain":0.0,"max_hp_loss":0.0,"gold_gain":0.0,"event_name":"Back to Basics","player_choice":"Elegance","floor":21.0,"gold_loss":0.0,"damage_taken":0.0},{"damage_healed":0.0,"max_hp_gain":0.0,"max_hp_loss":0.0,"gold_gain":0.0,"event_name":"Vampires","player_choice":"Ignored","floor":22.0,"gold_loss":0.0,"damage_taken":0.0},{"cards_removed":["champ:IronFortress"],"damage_healed":0.0,"max_hp_gain":0.0,"max_hp_loss":0.0,"gold_gain":0.0,"event_name":"Falling","player_choice":"Removed Power","floor":43.0,"gold_loss":0.0,"damage_taken":0.0},{"damage_healed":0.0,"max_hp_gain":0.0,"max_hp_loss":0.0,"gold_gain":0.0,"event_name":"Mysterious Sphere","player_choice":"Ignored","floor":47.0,"gold_loss":0.0,"damage_taken":0.0}],"is_beta":false,"boss_relics":[{"not_picked":["Busted Crown","Coffee Dripper","Runic Dome"]},{"not_picked":["champ:PowerArmor","Calling Bell"],"picked":"Empty Cage"}],"items_purged_floors":[9,11,36],"is_endless":false,"potions_floor_spawned":[6,12,15,19,26,30,38,46],"killed_by":"downfall:Defect","ascension_level":0}}