{"host":"fm9e0lfunjlbhzxv","time":1608596711,"event":{"mods":["2.2 Compatiblity","Astrologer","BaseMod","Colored Map","Colored Powertips","Energized Spire","Gremlin Mod","Key Reminder","Minty Spire (QoL Compilation)","Permanent Neow","Rare Cards Sparkle","Relic Stats","StSLib","The Administrix","The Disciple","The Mystic","The Vixen","TheBandit","slay the spire mod where everything is the same but ironclad has a cowboy hat"],"gold_per_floor":[117,117,128,11,31,31,46,46,98,173,173,208,218,251,251,346,346,362,362,381,381,398,398,65,79,104,131,131,147,182,182,182],"floor_reached":31,"playtime":2448,"items_purged":["TheVixenMod:Defend_TheVixen"],"score":285,"play_id":"2dfea5a9-70ca-430b-9e9c-6d4ff9bf0b0a","local_time":"20201221162511","is_ascension_mode":false,"campfire_choices":[{"data":"TheVixenMod:NastyPlot","floor":6,"key":"SMITH"},{"data":"TheVixenMod:SunnyDay","floor":8,"key":"SMITH"},{"data":"TheVixenMod:Protect","floor":11,"key":"SMITH"},{"floor":15,"key":"REST"},{"data":"TheVixenMod:Analytic","floor":23,"key":"SMITH"}],"circlet_count":0,"master_deck":["TheVixenMod:Strike_TheVixen","TheVixenMod:Strike_TheVixen","TheVixenMod:Strike_TheVixen","TheVixenMod:Strike_TheVixen","TheVixenMod:Defend_TheVixen","TheVixenMod:Defend_TheVixen","TheVixenMod:Defend_TheVixen","TheVixenMod:SunnyDay+1","TheVixenMod:Ember","Purity","TheVixenMod:NastyPlot+1","TheVixenMod:Drought","TheVixenMod:Protect+1","TheVixenMod:Drought","TheVixenMod:TailWhip","TheVixenMod:BurnUp+1","TheVixenMod:PsychoShift+1","TheVixenMod:FlameBody","TheVixenMod:Analytic+1","TheVixenMod:TailWhip+1","TheVixenMod:SunnyDay+1","TheVixenMod:MagicCoat+1","TheVixenMod:Blaze","TheVixenMod:FireBlast","TheVixenMod:Facade+1","TheVixenMod:Overheat","TheVixenMod:Defiant+1","TheVixenMod:Protect+1"],"relics":["TheVixenMod:BurningStick","Orichalcum","Toy Ornithopter","Mummified Hand","Toxic Egg 2","energizedSpire:SpiderWeb","Lantern","Smiling Mask","Bag of Marbles","Bag of Preparation","keyreminder:keyreminder"],"acts_visited":["Exordium","TheCity"],"potions_floor_usage":[3,18,22,30],"damage_taken":[{"damage":2,"enemies":"Jaw Worm","floor":1,"turns":4},{"damage":0,"enemies":"2 Louse","floor":3,"turns":2},{"damage":0,"enemies":"Cultist","floor":5,"turns":4},{"damage":8,"enemies":"Large Slime","floor":7,"turns":7},{"damage":8,"enemies":"3 Sentries","floor":12,"turns":7},{"damage":0,"enemies":"Looter","floor":13,"turns":3},{"damage":12,"enemies":"Gremlin Nob","floor":14,"turns":5},{"damage":23,"enemies":"Slime Boss","floor":16,"turns":11},{"damage":0,"enemies":"Shell Parasite","floor":18,"turns":4},{"damage":21,"enemies":"Spheric Guardian","floor":20,"turns":4},{"damage":11,"enemies":"Centurion and Healer","floor":22,"turns":6},{"damage":22,"enemies":"Sentry and Sphere","floor":25,"turns":6},{"damage":11,"enemies":"Book of Stabbing","floor":27,"turns":5},{"damage":1,"enemies":"Snake Plant","floor":29,"turns":3},{"damage":53,"enemies":"Gremlin Leader","floor":30,"turns":7},{"damage":11,"enemies":"Chosen and Byrds","floor":31,"turns":4}],"seed_played":"316572157644419795","potions_obtained":[{"floor":1,"key":"Fire Potion"},{"floor":12,"key":"Swift Potion"},{"floor":14,"key":"EssenceOfSteel"},{"floor":18,"key":"FairyPotion"},{"floor":22,"key":"Fire Potion"}],"is_trial":false,"path_per_floor":["M","?","M","$","M","R","M","R","T","?","R","E","M","E","R","B",null,"M","?","M","?","M","R","$","M","T","E","?","M","E","M"],"character_chosen":"THE_VIXEN","items_purchased":["TheVixenMod:Drought","TheVixenMod:Protect","TheVixenMod:Blaze","TheVixenMod:FireBlast","Lantern"],"campfire_rested":1,"item_purchase_floors":[4,4,24,24,24],"current_hp_per_floor":[68,43,43,43,43,43,35,35,35,24,24,16,16,4,25,2,70,70,70,53,53,47,47,47,28,28,20,20,23,3,0,0],"gold":182,"neow_bonus":"RANDOM_COLORLESS","is_daily":false,"chose_seed":false,"campfire_upgraded":4,"win_rate":0.0,"timestamp":1608596711,"path_taken":["M","?","M","$","M","R","M","R","T","?","R","E","M","E","R","BOSS","M","?","M","?","?","R","$","M","T","E","?","M","E","M"],"items_purchased_type":["Card","Card","Card","Card","Relic"],"build_version":"2020-12-13","purchased_purges":1,"victory":false,"max_hp_per_floor":[70,70,70,70,70,70,70,70,70,70,70,70,70,70,70,70,70,70,70,70,70,70,70,70,70,70,70,70,70,70,70,70],"relic_stats":{"counters":[16,82],"Mummified Hand":[40],"Bag of Preparation":[2],"Orichalcum":[96],"Smiling Mask":0,"obtain_stats":[{"keyreminder:keyreminder":30,"Lantern":24,"Mummified Hand":12,"Bag of Marbles":27,"Bag of Preparation":30,"Orichalcum":2,"Toxic Egg 2":14,"energizedSpire:SpiderWeb":17,"TheVixenMod:BurningStick":0,"Smiling Mask":26,"Toy Ornithopter":9},{"keyreminder:keyreminder":15,"Lantern":11,"Mummified Hand":5,"Bag of Marbles":13,"Bag of Preparation":15,"Orichalcum":1,"Toxic Egg 2":7,"energizedSpire:SpiderWeb":8,"TheVixenMod:BurningStick":0,"Smiling Mask":12,"Toy Ornithopter":4},{"keyreminder:keyreminder":78,"Lantern":57,"Mummified Hand":24,"Bag of Marbles":68,"Bag of Preparation":78,"Orichalcum":4,"Toxic Egg 2":32,"energizedSpire:SpiderWeb":43,"TheVixenMod:BurningStick":0,"Smiling Mask":63,"Toy Ornithopter":17}],"Toy Ornithopter":10},"card_choices":[{"not_picked":["Trip","Dramatic Entrance"],"picked":"Purity","floor":0},{"not_picked":["TheVixenMod:CalmMind","TheVixenMod:Amnesia","TheVixenMod:FlameCharge"],"picked":"SKIP","floor":1},{"not_picked":["TheVixenMod:Curse","TheVixenMod:Psychic"],"picked":"TheVixenMod:NastyPlot","floor":3},{"not_picked":["TheVixenMod:FlameBurst","TheVixenMod:Extrasensory","TheVixenMod:Overheat"],"picked":"SKIP","floor":5},{"not_picked":["TheVixenMod:FlameCharge","TheVixenMod:CADC"],"picked":"TheVixenMod:Drought","floor":7},{"not_picked":["TheVixenMod:LavaPlume","TheVixenMod:CalmMind","TheVixenMod:Swagger"],"picked":"SKIP","floor":12},{"not_picked":["TheVixenMod:CADC","TheVixenMod:FlareBlitz"],"picked":"TheVixenMod:TailWhip","floor":13},{"not_picked":["TheVixenMod:Wish+1","TheVixenMod:FlameCharge"],"picked":"TheVixenMod:BurnUp+1","floor":14},{"not_picked":["TheVixenMod:PsychUp+1","TheVixenMod:BurnUp+1"],"picked":"TheVixenMod:PsychoShift+1","floor":16},{"not_picked":["TheVixenMod:Flamethrower","TheVixenMod:FlameCharge"],"picked":"TheVixenMod:FlameBody","floor":18},{"not_picked":["TheVixenMod:Confusion+1","TheVixenMod:FlameCharge"],"picked":"TheVixenMod:TailWhip+1","floor":20},{"not_picked":["TheVixenMod:Spite","TheVixenMod:LightScreen+1"],"picked":"TheVixenMod:MagicCoat+1","floor":22},{"not_picked":["TheVixenMod:Confusion","TheVixenMod:LavaPlume"],"picked":"TheVixenMod:Facade+1","floor":25},{"not_picked":["TheVixenMod:FirePunch","TheVixenMod:TailWhip+1"],"picked":"TheVixenMod:Overheat","floor":27},{"not_picked":["TheVixenMod:ConfuseRay","TheVixenMod:FlameWheel"],"picked":"TheVixenMod:Defiant+1","floor":29},{"not_picked":["TheVixenMod:MysticalFire","TheVixenMod:DoubleTeam+1"],"picked":"TheVixenMod:Protect+1","floor":30}],"player_experience":561326,"relics_obtained":[{"floor":9,"key":"Toy Ornithopter"},{"floor":12,"key":"Mummified Hand"},{"floor":14,"key":"Toxic Egg 2"},{"floor":26,"key":"Smiling Mask"},{"floor":27,"key":"Bag of Marbles"},{"floor":30,"key":"Bag of Preparation"}],"event_choices":[{"damage_healed":0,"gold_gain":0,"player_choice":"Success","damage_taken":25,"relics_obtained":["Orichalcum"],"max_hp_gain":0,"max_hp_loss":0,"event_name":"Scrap Ooze","floor":2,"gold_loss":0},{"damage_healed":0,"gold_gain":75,"player_choice":"Gather Gold","damage_taken":11,"max_hp_gain":0,"max_hp_loss":0,"event_name":"World of Goop","floor":10,"gold_loss":0},{"damage_healed":0,"gold_gain":0,"player_choice":"Read","damage_taken":0,"max_hp_gain":0,"max_hp_loss":0,"event_name":"The Library","floor":19,"gold_loss":0,"cards_obtained":["TheVixenMod:Analytic"]},{"damage_healed":0,"gold_gain":0,"player_choice":"Copied","damage_taken":0,"max_hp_gain":0,"max_hp_loss":0,"event_name":"Duplicator","floor":21,"gold_loss":0,"cards_obtained":["TheVixenMod:SunnyDay"]},{"damage_healed":0,"gold_gain":0,"player_choice":"Ignored","damage_taken":0,"max_hp_gain":0,"max_hp_loss":0,"event_name":"Vampires","floor":28,"gold_loss":0}],"is_beta":false,"boss_relics":[{"not_picked":["energizedSpire:OgreHead","energizedSpire:CursedPentagram"],"picked":"energizedSpire:SpiderWeb"}],"items_purged_floors":[24],"is_endless":false,"potions_floor_spawned":[1,12,14,18,22],"killed_by":"Chosen and Byrds","ascension_level":0}}