{"host":"8u40nq559zpgb6zp","time":1608599102,"event":{"mods":["Aspiration","Bard","BaseMod","Beaked The Cultist","Better Altar","Better Match","Better Note","Better Sensory Stone","Better Skull","Better Third Choice","BetterRewards","CCEM","Clawfect","Conspire","Duelist Mod","Googly Eyes","Halation","Hermit","Highlight Path","Infinite Spire","Jedi Mod","Jorbs\u0027s Wanderer Trilogy","Mad Scientist","Marisa（霧雨　魔理沙）","Minty Spire (QoL Compilation)","Permanent Neow","Replay The Spire","Shade Mod","Shop Mod","Spicy Shops","StSLib","The Bladedancer","The Construct","The Cursed","The Disciple","The Druid","The Gatherer","The Hierophant","The IronCluck","The Jungle","The Mystic","The Necromancer","The Runesmith","The Senshi","The Servant 0.9.4","The Spell Scribe","The Witch","slay the spire mod where everything is the same but ironclad has a cowboy hat"],"gold_per_floor":[113,188,188,201,216,216,250,250,304,337,348,12,25,25,25,124,124,137,147,167,117,129,158,173,186,186,218,230,30,44,44,44,44,44],"floor_reached":33,"playtime":2715,"items_purged":[],"score":301,"play_id":"e3242df6-5d2c-4ccf-af97-e9c676b2864f","local_time":"20201221200502","is_ascension_mode":false,"campfire_choices":[{"data":"Negative_Energy_Arrows","floor":6,"key":"SMITH"},{"data":"Blood_Curse","floor":8,"key":"SMITH"},{"data":"Toxic_Smoke_Screen","floor":15,"key":"SMITH"},{"data":"Summon_Undead_Army","floor":15,"key":"SMITH"},{"floor":32,"key":"RECALL"}],"circlet_count":0,"master_deck":["Strike_W","Strike_W+1","Strike_W","Strike_W+1","Defend_W","Defend_W","Defend_W","Defend_W","Negative_Energy_Arrows+1","Bone_Wall","Blood_Curse+1","Toxic_Smoke_Screen+1","Scare","Negative_Energy_Javelin+1","Summon_Undead_Army+1","Cloudkill","Hellfire","Death_March_Dance","Acid_Javelin","Negative_Energy_Mist","Negative_Energy_Shield","Blood_Curse","Siphon_Strength+1","Summon_Lich","Negative_Energy_Shield","Negative_Energy_Javelin"],"relics":["Vampire_Amulet","NeowsBlessing","halation:SelfBoilingWater","Replay:Baseball","Replay:Arrowhead","Membership Card","conspire:InfiniteJournal","construct:RocketBooster","jedi:battlestandard","HornCleat","Peace Pipe","Juzu Bracelet","CCEMRelics:WrappedPresent","TungstenRod","ReplayTheSpireMod:TigerMarble"],"acts_visited":["Exordium","TheCity"],"potions_floor_usage":[7,10,23,23,24,27,33,33],"damage_taken":[{"damage":0,"enemies":"Small Slimes","floor":1,"turns":1},{"damage":0,"enemies":"2 Louse","floor":4,"turns":1},{"damage":0,"enemies":"Cultist","floor":5,"turns":1},{"damage":8,"enemies":"3 Sentries","floor":7,"turns":4},{"damage":36,"enemies":"Gremlin Nob","floor":10,"turns":5},{"damage":5,"enemies":"Lots of Slimes","floor":11,"turns":5},{"damage":4,"enemies":"Exordium Wildlife","floor":13,"turns":5},{"damage":3,"enemies":"Hexaghost","floor":16,"turns":5},{"damage":0,"enemies":"Chosen","floor":18,"turns":3},{"damage":0,"enemies":"Spheric Guardian","floor":19,"turns":3},{"damage":2,"enemies":"Cultist and Chosen","floor":20,"turns":4},{"damage":18,"enemies":"Sentry and Sphere","floor":22,"turns":5},{"damage":2,"enemies":"conspire:SneckoGhost","floor":23,"turns":5},{"damage":14,"enemies":"Centurion and Healer","floor":24,"turns":4},{"damage":0,"enemies":"Chosen and Byrds","floor":25,"turns":4},{"damage":11,"enemies":"Gremlin Leader","floor":27,"turns":5},{"damage":1,"enemies":"Snecko","floor":28,"turns":4},{"damage":2,"enemies":"Snake Plant","floor":30,"turns":4},{"damage":27,"enemies":"Automaton","floor":33,"turns":6}],"seed_played":"-7847360790878183714","potions_obtained":[{"floor":4,"key":"ColorlessPotion"},{"floor":5,"key":"FearPotion"},{"floor":11,"key":"Energy Potion"},{"floor":16,"key":"GamblersBrew"},{"floor":18,"key":"SpeedPotion"},{"floor":23,"key":"Explosive Potion"},{"floor":24,"key":"LifebloodPotion"},{"floor":27,"key":"Fire Potion"}],"is_trial":false,"path_per_floor":["M","?","?","M","M","R","E","R","T","E","M","$","M","T","R","B",null,"M","M","M","?","M","E","M","M","T","E","M","$","M","?","R","B"],"character_chosen":"NECROMANCER","items_purchased":["Membership Card","conspire:InfiniteJournal","Summon_Undead_Army","Juzu Bracelet","CCEMRelics:WrappedPresent"],"campfire_rested":0,"item_purchase_floors":[12,12,12,29,29],"current_hp_per_floor":[75,64,75,75,75,75,73,73,73,39,44,44,44,44,44,43,75,75,75,75,75,59,59,49,53,53,52,53,63,63,24,24,0,0],"gold":44,"neow_bonus":"THREE_ENEMY_KILL","is_daily":false,"chose_seed":false,"campfire_upgraded":4,"win_rate":0.0,"timestamp":1608599102,"path_taken":["M","?","?","?","M","R","E","R","T","E","M","$","?","?","R","BOSS","M","M","M","?","M","E","M","M","T","E","M","?","M","?","R","BOSS"],"items_purchased_type":["Relic","Relic","Card","Relic","Relic"],"build_version":"2020-12-13","purchased_purges":0,"victory":false,"max_hp_per_floor":[75,75,75,75,75,75,75,75,75,75,75,75,75,75,75,75,75,75,75,75,75,75,75,75,75,75,75,75,80,80,80,80,80,80],"card_choices":[{"not_picked":["Bones_to_Steel","Spectral_Walk","Blood_Is_Power"],"picked":"SKIP","floor":1},{"not_picked":["Bones_to_Steel","Deaths_Shadow"],"picked":"Blood_Curse","floor":4},{"not_picked":["Spectral_Armor","Death_Coil"],"picked":"Toxic_Smoke_Screen","floor":5},{"not_picked":["Epidemic","Death_Coil"],"picked":"Scare","floor":7},{"not_picked":["Bones_to_Steel","Vampiric_Strike","Consume_Illness"],"picked":"SKIP","floor":10},{"not_picked":["Detonate_Bones","Toxic_Smoke_Screen"],"picked":"Negative_Energy_Javelin","floor":11},{"not_picked":["Consume_Illness","Toxic_Smoke_Screen"],"picked":"Cloudkill","floor":13},{"not_picked":["Reap_The_Weak","Blood_Wake"],"picked":"Hellfire","floor":16},{"not_picked":["Negative_Energy_Burst+1","Thousand_Bone_Knives+1"],"picked":"Death_March_Dance","floor":18},{"not_picked":["Pandemic","Bones_to_Steel+1"],"picked":"Acid_Javelin","floor":19},{"not_picked":["Blood_Whip","Bone_Spikes"],"picked":"Negative_Energy_Mist","floor":20},{"not_picked":["Blood_Whip","Bone_Armor+1"],"picked":"Negative_Energy_Shield","floor":22},{"not_picked":["Scare+1","Spectral_Armor"],"picked":"Blood_Curse","floor":23},{"not_picked":["Plague_Bolt+1","Pandemic"],"picked":"Siphon_Strength","floor":24},{"not_picked":["Death_Coil","Deaths_Shadow+1"],"picked":"Summon_Lich","floor":25},{"not_picked":["Chill_Blood","Death_Coil","Bone_Spikes"],"picked":"SKIP","floor":27},{"not_picked":["Life_Tap","Negative_Energy_Bomb"],"picked":"Negative_Energy_Shield","floor":28},{"not_picked":["Uncharnel+1","Death_Coil"],"picked":"Negative_Energy_Javelin","floor":30}],"player_experience":917024,"relics_obtained":[{"floor":7,"key":"halation:SelfBoilingWater"},{"floor":9,"key":"Replay:Baseball"},{"floor":10,"key":"Replay:Arrowhead"},{"floor":14,"key":"construct:RocketBooster"},{"floor":23,"key":"HornCleat"},{"floor":27,"key":"Peace Pipe"},{"floor":29,"key":"TungstenRod"}],"event_choices":[{"damage_healed":0,"gold_gain":75,"player_choice":"Gold","damage_taken":11,"max_hp_gain":0,"max_hp_loss":0,"event_name":"betterThird:BetterGoop","floor":2,"gold_loss":0},{"damage_healed":11,"gold_gain":0,"player_choice":"Full Heal","damage_taken":0,"max_hp_gain":0,"max_hp_loss":0,"event_name":"Wheel of Change","floor":3,"gold_loss":0},{"damage_healed":0,"gold_gain":0,"player_choice":"Bet on Murderer","damage_taken":0,"max_hp_gain":0,"max_hp_loss":0,"event_name":"The Joust","floor":21,"gold_loss":50},{"damage_healed":0,"gold_gain":0,"player_choice":"RE UP UP ","damage_taken":49,"relics_obtained":["ReplayTheSpireMod:TigerMarble"],"max_hp_gain":0,"max_hp_loss":0,"event_name":"betterSkull:BetterSkull","floor":31,"gold_loss":0,"cards_upgraded":["Negative_Energy_Javelin","Strike_W"]}],"is_beta":false,"boss_relics":[{"not_picked":["conspire:RoyalGoblet","Runic Dome"],"picked":"jedi:battlestandard"}],"items_purged_floors":[],"is_endless":false,"potions_floor_spawned":[4,5,11,16,18,23,24,27],"killed_by":"Automaton","ascension_level":0}}