{"host":"2461dio7vetlq1z3","time":1608627178,"event":{"mods":["2.2 Compatiblity","AchievementEnabler","BaseMod","Better Third Choice","Hermit","Marisa????????","Minty Spire (QoL Compilation)","Relic Stats","Spicy Shops","StSLib","The Runesmith","Waifu the Spire"],"gold_per_floor":[109,125,136,156,166,166,193,208,234,234,43,43,59,90,90,163,163,175,191,211,211,229,229,256,256,256,272,272,286,286,286,286],"floor_reached":31,"playtime":2147,"items_purged":["Strike_MRS"],"score":499,"play_id":"f8299770-19de-4bb8-96a5-8d0a2783184c","local_time":"20201222095258","is_ascension_mode":true,"campfire_choices":[{"data":"OortCloud","floor":6,"key":"SMITH"},{"data":"MysteriousBeam","floor":10,"key":"SMITH"},{"data":"DarkSpark","floor":12,"key":"SMITH"},{"data":"OortCloud","floor":15,"key":"SMITH"},{"data":"DragonMeteor","floor":23,"key":"SMITH"},{"data":"SuperPerseids","floor":25,"key":"SMITH"}],"circlet_count":0,"master_deck":["AscendersBane","Defend_MRS","Defend_MRS","Defend_MRS","MasterSpark","UpSweep","MysteriousBeam+1","OneTimeOff","OortCloud+1","OortCloud+1","Singularity","Acceleration","DarkSpark+1","Singularity","DragonMeteor+1","GasGiant","StarDustReverie","MilkyWay+1","SuperPerseids+1","Bite","Bite","Bite+1","Bite+1","Bite","Orbital+1","OortCloud","GasGiant"],"relics":["MiniHakkero","Letter Opener","Orichalcum","MealTicket","Coffee Dripper","Whetstone","Centennial Puzzle"],"acts_visited":["Exordium","TheCity"],"potions_floor_usage":[31],"damage_taken":[{"damage":3,"enemies":"Small Slimes","floor":1,"turns":3},{"damage":0,"enemies":"2 Louse","floor":2,"turns":3},{"damage":1,"enemies":"Cultist","floor":3,"turns":3},{"damage":0,"enemies":"2 Fungi Beasts","floor":4,"turns":3},{"damage":0,"enemies":"Looter","floor":5,"turns":3},{"damage":11,"enemies":"Gremlin Nob","floor":7,"turns":5},{"damage":6,"enemies":"Large Slime","floor":8,"turns":5},{"damage":1,"enemies":"3 Louse","floor":13,"turns":2},{"damage":1,"enemies":"Lagavulin","floor":14,"turns":5},{"damage":14,"enemies":"The Guardian","floor":16,"turns":10},{"damage":0,"enemies":"Spheric Guardian","floor":18,"turns":4},{"damage":0,"enemies":"2 Thieves","floor":19,"turns":3},{"damage":4,"enemies":"Snecko","floor":20,"turns":5},{"damage":9,"enemies":"Centurion and Healer","floor":22,"turns":7},{"damage":25,"enemies":"Slavers","floor":24,"turns":5},{"damage":12,"enemies":"Chosen and Byrds","floor":27,"turns":6},{"damage":25,"enemies":"Snake Plant","floor":29,"turns":6},{"damage":21,"enemies":"Book of Stabbing","floor":31,"turns":1}],"seed_played":"-4644242377491047047","potions_obtained":[{"floor":3,"key":"Regen Potion"},{"floor":4,"key":"Strength Potion"}],"is_trial":false,"path_per_floor":["M","M","M","M","M","R","E","M","T","R","$","R","M","E","R","B",null,"M","M","M","?","M","R","E","R","T","M","?","M","?","E"],"character_chosen":"MARISA","items_purchased":["Singularity","DragonMeteor"],"campfire_rested":0,"item_purchase_floors":[11,11],"current_hp_per_floor":[60,60,59,59,59,59,48,42,42,42,42,42,41,40,40,26,59,59,59,55,49,49,49,32,32,32,25,25,15,15,0,0],"gold":286,"neow_bonus":"REMOVE_CARD","is_daily":false,"chose_seed":false,"campfire_upgraded":6,"win_rate":0.0,"timestamp":1608627178,"path_taken":["M","M","M","M","M","R","E","M","T","R","$","R","M","E","R","BOSS","M","M","M","?","M","R","E","R","T","M","?","?","?","E"],"items_purchased_type":["Card","Card"],"build_version":"2020-12-13","purchased_purges":1,"victory":false,"max_hp_per_floor":[70,70,70,70,70,70,70,70,70,70,70,70,70,70,70,70,70,70,70,70,49,49,49,49,49,49,49,49,49,49,49,49],"relic_stats":{"Centennial Puzzle":[6],"counters":[18,79],"MealTicket":0,"Letter Opener":[17],"Whetstone":["Bite","Bite"],"Orichalcum":[168],"obtain_stats":[{"Centennial Puzzle":26,"Mummified Hand":27,"MealTicket":14,"Coffee Dripper":17,"MiniHakkero":0,"Letter Opener":7,"Whetstone":24,"Orichalcum":9},{"Centennial Puzzle":15,"Mummified Hand":16,"MealTicket":9,"Coffee Dripper":10,"MiniHakkero":0,"Letter Opener":6,"Whetstone":15,"Orichalcum":7},{"Centennial Puzzle":66,"Mummified Hand":70,"MealTicket":32,"Coffee Dripper":42,"MiniHakkero":0,"Letter Opener":20,"Whetstone":66,"Orichalcum":25}]},"card_choices":[{"not_picked":["GrandCross","GravityBeat"],"picked":"MysteriousBeam","floor":1},{"not_picked":["SuperPerseids","IllusionStar"],"picked":"OneTimeOff","floor":2},{"not_picked":["WitchLeyline","GalacticHalo"],"picked":"OortCloud","floor":3},{"not_picked":["ShootTheMoon","CollectingQuirk"],"picked":"OortCloud","floor":4},{"not_picked":["GrandCross","LuminesStrike"],"picked":"Singularity","floor":5},{"not_picked":["DarkMatter","Occultation"],"picked":"Acceleration","floor":7},{"not_picked":["SporeBomb","DeepEcoloBomb"],"picked":"DarkSpark","floor":8},{"not_picked":["PropBag","WitchOfGreed"],"picked":"GasGiant","floor":13},{"not_picked":["WitchLeyline","GasGiant","EnergyRecoil"],"picked":"SKIP","floor":14},{"not_picked":["BinaryStars","JA"],"picked":"StarDustReverie","floor":16},{"not_picked":["UnstableBomb","MysteriousBeam"],"picked":"MilkyWay+1","floor":18},{"not_picked":["MeteoricShower","GalacticHalo"],"picked":"SuperPerseids","floor":19},{"not_picked":["EnergyFlow","PowerUp","UnstableBomb"],"picked":"SKIP","floor":20},{"not_picked":["WitchLeyline","GalacticHalo","MeteoricShower"],"picked":"SKIP","floor":22},{"not_picked":["SuperNova","MachineGunSpark"],"picked":"Orbital+1","floor":24},{"not_picked":["GrandCross","MilkyWay","LuminesStrike"],"picked":"SKIP","floor":27},{"not_picked":["DC","Acceleration"],"picked":"OortCloud","floor":29}],"player_experience":925641,"relics_obtained":[{"floor":7,"key":"Letter Opener"},{"floor":9,"key":"Orichalcum"},{"floor":14,"key":"MealTicket"},{"floor":24,"key":"Whetstone"},{"floor":26,"key":"Centennial Puzzle"}],"event_choices":[{"damage_healed":0,"gold_gain":0,"player_choice":"Became a vampire","damage_taken":0,"max_hp_gain":0,"max_hp_loss":21,"event_name":"Vampires","floor":21,"gold_loss":0,"cards_obtained":["Bite","Bite","Bite","Bite","Bite"]},{"cards_removed":["Defend_MRS"],"damage_healed":0,"gold_gain":0,"player_choice":"Card Removal","damage_taken":0,"max_hp_gain":0,"max_hp_loss":0,"event_name":"Wheel of Change","floor":28,"gold_loss":0},{"damage_healed":0,"gold_gain":0,"player_choice":"Read","damage_taken":0,"max_hp_gain":0,"max_hp_loss":0,"event_name":"The Library","floor":30,"gold_loss":0,"cards_obtained":["GasGiant"]}],"is_beta":false,"boss_relics":[{"not_picked":["Velvet Choker","Calling Bell"],"picked":"Coffee Dripper"}],"items_purged_floors":[11],"is_endless":false,"potions_floor_spawned":[3,4,5,13,20,22,27,29],"killed_by":"Book of Stabbing","ascension_level":15}}