{"host":"ffm36ba59us8r0su","time":1608598647,"event":{"mods":["BaseMod","Minty Spire (QoL Compilation)"],"gold_per_floor":[111,186,186,33,43,54,54,87,163,163,190,190,190,523,523,619,619,630,649,50,64,64,95,95,20,20,33,33,63,79,99,99,201,201,213,232,232,152,170,198,198,230,230,230,230,230],"floor_reached":45,"playtime":3503,"items_purged":["Defend_B","Strike_B"],"score":881,"play_id":"d651b154-9824-4c8d-b364-11b85887a2ae","local_time":"20201221165727","is_ascension_mode":true,"campfire_choices":[{"floor":7,"key":"REST"},{"floor":10,"key":"REST"},{"floor":12,"key":"REST"},{"floor":15,"key":"REST"},{"floor":24,"key":"REST"},{"data":"Apotheosis","floor":32,"key":"SMITH"},{"data":"Defragment","floor":41,"key":"SMITH"},{"data":"Echo Form","floor":44,"key":"SMITH"}],"circlet_count":0,"master_deck":["AscendersBane","Defend_B+1","Defend_B+1","Zap","Dualcast","White Noise","Barrage","Auto Shields","Coolheaded","Ball Lightning","Coolheaded","White Noise+1","Conserve Battery+1","Capacitor","Defragment+1","Self Repair","Apotheosis+1","Cold Snap+1","Scrape","Undo","Cold Snap","Undo","Defragment","Ball Lightning","Turbo+1","Echo Form+1","Coolheaded+1","Go for the Eyes+1"],"relics":["Cracked Core","FaceOfCleric","Art of War","DataDisk","The Courier","Potion Belt","Old Coin","Cursed Key","Omamori","War Paint","Oddly Smooth Stone","Cables","Letter Opener","Philosopher\u0027s Stone","Molten Egg 2","Shuriken","Dream Catcher"],"acts_visited":["Exordium","TheCity","TheBeyond"],"potions_floor_usage":[8,16,29,35,35,35,45],"damage_taken":[{"damage":6,"enemies":"Small Slimes","floor":1,"turns":3},{"damage":5,"enemies":"Cultist","floor":5,"turns":5},{"damage":7,"enemies":"2 Louse","floor":6,"turns":3},{"damage":37,"enemies":"Gremlin Nob","floor":8,"turns":4},{"damage":38,"enemies":"3 Sentries","floor":11,"turns":8},{"damage":7,"enemies":"Lagavulin","floor":14,"turns":7},{"damage":38,"enemies":"Slime Boss","floor":16,"turns":12},{"damage":7,"enemies":"Shell Parasite","floor":18,"turns":5},{"damage":9,"enemies":"Spheric Guardian","floor":19,"turns":4},{"damage":17,"enemies":"3 Cultists","floor":21,"turns":5},{"damage":28,"enemies":"Book of Stabbing","floor":23,"turns":6},{"damage":6,"enemies":"Snake Plant","floor":27,"turns":5},{"damage":15,"enemies":"Gremlin Leader","floor":29,"turns":4},{"damage":0,"enemies":"Snecko","floor":30,"turns":4},{"damage":13,"enemies":"Sentry and Sphere","floor":31,"turns":4},{"damage":6,"enemies":"Champ","floor":33,"turns":11},{"damage":10,"enemies":"3 Darklings","floor":35,"turns":4},{"damage":11,"enemies":"3 Shapes","floor":36,"turns":5},{"damage":39,"enemies":"Jaw Worm Horde","floor":39,"turns":5},{"damage":0,"enemies":"Giant Head","floor":40,"turns":9},{"damage":5,"enemies":"Nemesis","floor":42,"turns":7},{"damage":86,"enemies":"Reptomancer","floor":45,"turns":5}],"seed_played":"-1908389419257149246","potions_obtained":[{"floor":6,"key":"SneckoOil"},{"floor":11,"key":"Explosive Potion"},{"floor":19,"key":"Fire Potion"},{"floor":21,"key":"Explosive Potion"},{"floor":27,"key":"Swift Potion"},{"floor":30,"key":"SpeedPotion"},{"floor":39,"key":"EssenceOfDarkness"},{"floor":40,"key":"FearPotion"}],"is_trial":false,"path_per_floor":["M","?","?","$","M","M","R","E","T","R","E","R","?","E","R","B",null,"M","M","$","M","?","E","R","?","T","M","?","E","M","M","R","B",null,"M","M","?","$","M","E","R","E","T","R","E"],"character_chosen":"DEFECT","items_purchased":["Art of War","Capacitor","Omamori","War Paint","Defragment","Self Repair","Apotheosis"],"campfire_rested":5,"item_purchase_floors":[4,20,20,20,20,20,20],"current_hp_per_floor":[69,58,58,58,54,48,73,37,37,62,25,50,43,37,63,26,73,67,59,59,53,53,36,63,63,63,65,65,61,72,70,70,75,92,90,87,87,87,56,67,67,73,73,73,0,0],"gold":230,"neow_bonus":"TEN_PERCENT_HP_BONUS","is_daily":false,"chose_seed":false,"campfire_upgraded":3,"win_rate":0.0,"timestamp":1608598647,"path_taken":["M","?","?","$","?","M","R","E","T","R","E","R","?","E","R","BOSS","M","M","$","M","?","E","R","?","T","M","?","E","M","M","R","BOSS","M","M","?","$","?","E","R","E","T","R","E"],"items_purchased_type":["Relic","Card","Relic","Relic","Card","Card","Card"],"build_version":"2020-12-13","purchased_purges":2,"victory":false,"max_hp_per_floor":[82,82,82,82,83,84,84,85,85,85,86,86,86,87,87,88,88,89,90,90,91,91,92,92,92,92,93,93,94,95,96,96,97,97,98,99,99,99,100,101,101,102,102,102,102,102],"card_choices":[{"not_picked":["Ball Lightning","Go for the Eyes"],"picked":"White Noise","floor":1},{"not_picked":["Heatsinks","BootSequence"],"picked":"Barrage","floor":5},{"not_picked":["White Noise","Redo"],"picked":"Auto Shields","floor":6},{"not_picked":["FTL","Stack"],"picked":"Coolheaded","floor":8},{"not_picked":["Darkness","Sunder"],"picked":"Ball Lightning","floor":11},{"not_picked":["Blizzard","Ball Lightning"],"picked":"Coolheaded","floor":14},{"not_picked":["Skim","Hologram"],"picked":"White Noise+1","floor":18},{"not_picked":["Melter+1","Barrage"],"picked":"Conserve Battery+1","floor":19},{"not_picked":["Conserve Battery+1","Compile Driver"],"picked":"Cold Snap+1","floor":21},{"not_picked":["Go for the Eyes","Turbo"],"picked":"Cold Snap","floor":23},{"not_picked":["Redo","White Noise"],"picked":"Undo","floor":27},{"not_picked":["Melter","Leap","Reboot"],"picked":"SKIP","floor":29},{"not_picked":["Barrage","Turbo"],"picked":"Ball Lightning","floor":30},{"not_picked":["Stack","Go for the Eyes+1"],"picked":"Turbo+1","floor":31},{"not_picked":["Rainbow","Creative AI"],"picked":"Echo Form","floor":33},{"not_picked":["Lockon+1","Chaos+1","Force Field+1"],"picked":"SKIP","floor":35},{"not_picked":["Steam+1","Sweeping Beam"],"picked":"Coolheaded+1","floor":36},{"not_picked":["Turbo+1","Rebound","Go for the Eyes"],"picked":"SKIP","floor":39},{"not_picked":["Lockon+1","Tempest+1","Recycle"],"picked":"SKIP","floor":40},{"not_picked":["Melter+1","Heatsinks"],"picked":"Go for the Eyes+1","floor":42}],"player_experience":831086,"relics_obtained":[{"floor":8,"key":"DataDisk"},{"floor":9,"key":"The Courier"},{"floor":11,"key":"Potion Belt"},{"floor":14,"key":"Old Coin"},{"floor":23,"key":"Oddly Smooth Stone"},{"floor":26,"key":"Cables"},{"floor":29,"key":"Letter Opener"},{"floor":40,"key":"Molten Egg 2"},{"floor":42,"key":"Shuriken"},{"floor":43,"key":"Dream Catcher"}],"event_choices":[{"damage_healed":0,"gold_gain":75,"player_choice":"Gather Gold","damage_taken":11,"max_hp_gain":0,"max_hp_loss":0,"event_name":"World of Goop","floor":2,"gold_loss":0},{"damage_healed":0,"gold_gain":0,"player_choice":"Trade","damage_taken":0,"relics_obtained":["FaceOfCleric"],"max_hp_gain":0,"max_hp_loss":0,"event_name":"FaceTrader","floor":3,"gold_loss":0},{"cards_removed":["Strike_B"],"damage_healed":0,"gold_gain":0,"player_choice":"Card Removal","damage_taken":7,"max_hp_gain":0,"max_hp_loss":0,"event_name":"Golden Wing","floor":13,"gold_loss":0},{"damage_healed":0,"gold_gain":0,"cards_transformed":["Strike_B","Strike_B"],"player_choice":"Became Test Subject","damage_taken":0,"max_hp_gain":0,"max_hp_loss":0,"event_name":"Drug Dealer","floor":22,"gold_loss":0,"cards_obtained":["Scrape","Undo"]},{"cards_removed":["Defend_B"],"damage_healed":0,"gold_gain":0,"player_choice":"Gave Gold","damage_taken":0,"max_hp_gain":0,"max_hp_loss":0,"event_name":"Beggar","floor":25,"gold_loss":75},{"damage_healed":0,"gold_gain":0,"player_choice":"Read","damage_taken":0,"max_hp_gain":0,"max_hp_loss":0,"event_name":"The Library","floor":28,"gold_loss":0,"cards_obtained":["Defragment"]},{"damage_healed":0,"gold_gain":0,"player_choice":"0 cards matched","damage_taken":0,"max_hp_gain":0,"max_hp_loss":0,"event_name":"Match and Keep!","floor":37,"gold_loss":0,"cards_obtained":[]}],"is_beta":false,"boss_relics":[{"not_picked":["Empty Cage","Coffee Dripper"],"picked":"Cursed Key"},{"not_picked":["Astrolabe","Velvet Choker"],"picked":"Philosopher\u0027s Stone"}],"items_purged_floors":[20,38],"is_endless":false,"potions_floor_spawned":[6,11,19,21,27,30,39,40],"killed_by":"Reptomancer","ascension_level":10}}