{"host":"7khtwbkyze7y134w","time":1608633349,"event":{"mods":["AchievementEnabler","BaseMod","Colored Map","Colored Powertips","Highlight Path","Minty Spire (QoL Compilation)","Relic Stats","StSLib","SuperFastMode"],"gold_per_floor":[113,125,145,165,175,175,190,208,208,218,218,238,163,182,182,284,334,354,254,269,368,243,243,243,270,270,120,120,35,52,52,52],"floor_reached":31,"playtime":765,"items_purged":["Strike_P","Strike_P","Strike_P","Strike_P+1"],"score":256,"play_id":"871efd49-fd5c-42d3-92d0-d950781ccfc3","local_time":"20201222103549","is_ascension_mode":false,"campfire_choices":[{"floor":6,"key":"REST"},{"floor":15,"key":"REST"},{"data":"Tantrum","floor":23,"key":"SMITH"},{"data":"Eruption","floor":28,"key":"SMITH"}],"circlet_count":0,"master_deck":["Defend_P","Defend_P","Defend_P","Defend_P","Eruption+1","Vigilance+1","EmptyFist+1","EmptyFist","Tantrum+1","Crescendo","EmptyFist","EmptyFist","Tantrum","EmptyFist+1"],"relics":["PureWater","NeowsBlessing","Dream Catcher","Tiny House","Red Mask","Mercury Hourglass","Bag of Marbles"],"acts_visited":["Exordium","TheCity"],"potions_floor_usage":[12],"damage_taken":[{"damage":0,"enemies":"Cultist","floor":1,"turns":1},{"damage":0,"enemies":"Small Slimes","floor":2,"turns":1},{"damage":0,"enemies":"Jaw Worm","floor":3,"turns":1},{"damage":15,"enemies":"Large Slime","floor":4,"turns":5},{"damage":25,"enemies":"3 Louse","floor":5,"turns":4},{"damage":19,"enemies":"Blue Slaver","floor":7,"turns":4},{"damage":8,"enemies":"2 Fungi Beasts","floor":8,"turns":3},{"damage":11,"enemies":"Exordium Thugs","floor":10,"turns":4},{"damage":0,"enemies":"Large Slime","floor":12,"turns":3},{"damage":0,"enemies":"Gremlin Gang","floor":14,"turns":3},{"damage":8,"enemies":"Slime Boss","floor":16,"turns":8},{"damage":5,"enemies":"Chosen","floor":18,"turns":4},{"damage":30,"enemies":"2 Thieves","floor":20,"turns":3},{"damage":24,"enemies":"Masked Bandits","floor":25,"turns":4},{"damage":0,"enemies":"Shelled Parasite and Fungi","floor":30,"turns":2},{"damage":6,"enemies":"3 Cultists","floor":31,"turns":2}],"seed_played":"4230943768889926755","potions_obtained":[{"floor":1,"key":"FearPotion"},{"floor":2,"key":"StancePotion"},{"floor":7,"key":"Regen Potion"},{"floor":16,"key":"Block Potion"},{"floor":17,"key":"CultistPotion"}],"is_trial":false,"path_per_floor":["M","M","M","M","M","R","M","M","T","M","?","M","$","M","R","B",null,"M","$","M","?","$","R","?","?","T","$","R","?","M","M"],"character_chosen":"WATCHER","items_purchased":[],"campfire_rested":2,"item_purchase_floors":[],"current_hp_per_floor":[72,72,72,57,32,53,34,26,26,15,1,10,10,10,31,23,77,72,72,42,42,42,42,28,4,4,4,4,4,4,0,0],"gold":52,"neow_bonus":"THREE_ENEMY_KILL","is_daily":false,"chose_seed":false,"campfire_upgraded":2,"win_rate":0.0,"timestamp":1608633349,"path_taken":["M","M","M","M","M","R","?","M","T","M","?","M","$","M","R","BOSS","M","$","M","?","$","R","?","?","T","?","R","?","M","?"],"items_purchased_type":[],"build_version":"2020-12-13","purchased_purges":4,"victory":false,"max_hp_per_floor":[72,72,72,72,72,72,72,72,72,72,72,72,72,72,72,72,77,77,77,77,77,77,77,82,82,82,82,82,82,82,82,82],"relic_stats":{"Dream Catcher":1,"counters":[16,52],"obtain_stats":[{"Dream Catcher":9,"Tiny House":17,"NeowsBlessing":0,"Red Mask":25,"Bag of Marbles":29,"PureWater":0,"Mercury Hourglass":26},{"Dream Catcher":7,"Tiny House":11,"NeowsBlessing":0,"Red Mask":14,"Bag of Marbles":14,"PureWater":0,"Mercury Hourglass":14},{"Dream Catcher":19,"Tiny House":37,"NeowsBlessing":0,"Red Mask":48,"Bag of Marbles":48,"PureWater":0,"Mercury Hourglass":48}],"Mercury Hourglass":[21]},"card_choices":[{"not_picked":["DeceiveReality","Halt","Wallop"],"picked":"SKIP","floor":1},{"not_picked":["JustLucky","SandsOfTime"],"picked":"EmptyFist","floor":2},{"not_picked":["Worship","CutThroughFate"],"picked":"EmptyFist","floor":3},{"not_picked":["CrushJoints","CutThroughFate","JustLucky"],"picked":"SKIP","floor":4},{"not_picked":["Consecrate","JustLucky","Conclude"],"picked":"SKIP","floor":5},{"not_picked":["FearNoEvil","PathToVictory"],"picked":"Tantrum","floor":7},{"not_picked":["Protect","Establishment","FlyingSleeves"],"picked":"SKIP","floor":8},{"not_picked":["FlyingSleeves","CrushJoints"],"picked":"Crescendo","floor":10},{"not_picked":["ReachHeaven","DeceiveReality"],"picked":"EmptyFist","floor":12},{"not_picked":["SandsOfTime","Worship"],"picked":"EmptyFist","floor":14},{"not_picked":["SashWhip+1","ThirdEye","FollowUp"],"picked":"SKIP","floor":18},{"not_picked":["SignatureMove+1","WheelKick","MasterReality"],"picked":"SKIP","floor":20},{"not_picked":["WreathOfFlame","WaveOfTheHand+1"],"picked":"Tantrum","floor":25},{"not_picked":["PathToVictory","Conclude"],"picked":"EmptyFist+1","floor":30}],"player_experience":2852,"relics_obtained":[{"floor":9,"key":"Dream Catcher"},{"floor":25,"key":"Red Mask"},{"floor":26,"key":"Mercury Hourglass"}],"event_choices":[{"damage_healed":0,"gold_gain":0,"player_choice":"Entered Light","damage_taken":14,"max_hp_gain":0,"max_hp_loss":0,"event_name":"Shining Light","floor":11,"gold_loss":0,"cards_upgraded":["Vigilance","Strike_P"]},{"damage_healed":0,"gold_gain":99,"player_choice":"Stole From Cult","damage_taken":0,"max_hp_gain":0,"max_hp_loss":0,"event_name":"Nest","floor":21,"gold_loss":0},{"damage_healed":0,"gold_gain":0,"player_choice":"Shed Blood","damage_taken":19,"max_hp_gain":5,"max_hp_loss":0,"event_name":"Forgotten Altar","floor":24,"gold_loss":0},{"damage_healed":0,"gold_gain":0,"player_choice":"Fought Bandits","damage_taken":0,"max_hp_gain":0,"max_hp_loss":0,"event_name":"Masked Bandits","floor":25,"gold_loss":0},{"damage_healed":0,"gold_gain":0,"player_choice":"Obtained Relic","damage_taken":0,"relics_obtained":["Bag of Marbles"],"max_hp_gain":0,"max_hp_loss":0,"event_name":"Addict","floor":29,"gold_loss":85}],"is_beta":false,"boss_relics":[{"not_picked":["Velvet Choker","Runic Pyramid"],"picked":"Tiny House"}],"items_purged_floors":[13,19,22,27],"is_endless":false,"potions_floor_spawned":[1,2,7,8,16,18],"killed_by":"3 Cultists","ascension_level":0}}