{"host":"kgj3hkp928synzkd","time":1608625282,"event":{"mods":["2.2 Compatiblity","A Magickal Journey","AchievementEnabler","Act Like it!","AlwaysNeverKeys","BaseMod","Better Altar","Better Match","Better Note","Better Sensory Stone","Better Synergies","Better Third Choice","Better Vampires","Block Reminder","Colored Map","Colored Powertips","Conspire","Curses Come First","Disable Question Mark Monsters","Downfall","GifTheSpireLib","Googly Eyes","Gremlin Skip","GungeonMod","Hallownest","Infinite Spire","Luminous","Marisa????????","Marked Mod","Minty Spire (QoL Compilation)","Permanent Neow","Quick Restart","Random Character Button","Rare Cards Sparkle","Replay The Spire","Spicy Shops","StSLib","SuperFastMode","The Bug Knight","The Exalted","The Jungle","Uncapped"],"gold_per_floor":[211,25,35,46,46,46,63,81,81,81,92,92,104,121,121,218,218,228,240,253,280,280,280,300,300,345,345,362,392,392,392,392],"floor_reached":31,"playtime":1643,"items_purged":[],"score":276,"play_id":"8ce91fa2-8a6d-4989-aca0-e050bc1032f5","local_time":"20201222032122","is_ascension_mode":false,"campfire_choices":[{"data":"OrrerysSun","floor":6.0,"key":"SMITH"},{"floor":10.0,"key":"REST"},{"floor":15.0,"key":"REST"},{"floor":23.0,"key":"REST"},{"floor":25.0,"key":"REST"},{"floor":27.0,"key":"REST"}],"circlet_count":0,"master_deck":["Strike_MRS","Strike_MRS","Strike_MRS","Strike_MRS","Defend_MRS","Defend_MRS","Defend_MRS","Defend_MRS","MasterSpark","UpSweep","NonDirectionalLaser","EnergyFlow","OrrerysSun+1","AlicesGift","IllusionStar","PowerUp","NonDirectionalLaser","MysteriousBeam","SatelliteIllusion","Occultation","MysteriousBeam","IllusionStar+1","GrandCross","IllusionStar","RitualDagger"],"relics":["BewitchedHakkero","Membership Card","Hallownest:DreamNailRelic","ReplayTheSpireMod:Shallot","infinitespire:ShieldingShard","ReplayTheSpireMod:Lightbulb","Bromod:ArcaneNullifier"],"acts_visited":["Exordium","TheCity"],"potions_floor_usage":[],"damage_taken":[{"damage":6.0,"enemies":"Hallownest:2_MossCreeps","floor":1.0,"turns":5.0},{"damage":16.0,"enemies":"Hallownest:2_Tiktiks_and_1_Crawlid","floor":3.0,"turns":3.0},{"damage":0.0,"enemies":"Hallownest:monsterHuskWarrior","floor":4.0,"turns":3.0},{"damage":14.0,"enemies":"Hallownest:monsterFoolEater","floor":7.0,"turns":4.0},{"damage":6.0,"enemies":"Hallownest:monsterMossCharger","floor":8.0,"turns":4.0},{"damage":23.0,"enemies":"Hallownest:1_Ooma_and_2_Uuma","floor":11.0,"turns":7.0},{"damage":16.0,"enemies":"Hallownest:Guard_and_Warrior","floor":13.0,"turns":5.0},{"damage":2.0,"enemies":"Hallownest:MossCreep_and_Mosskin","floor":14.0,"turns":5.0},{"damage":10.0,"enemies":"Hallownest:BossBrokenVessel","floor":16.0,"turns":9.0},{"damage":14.0,"enemies":"Shell Parasite","floor":18.0,"turns":6.0},{"damage":10.0,"enemies":"Chosen","floor":19.0,"turns":6.0},{"damage":10.0,"enemies":"Centurion and Healer","floor":20.0,"turns":8.0},{"damage":25.0,"enemies":"conspire:MimicChest","floor":21.0,"turns":5.0},{"damage":25.0,"enemies":"Chosen and Byrds","floor":24.0,"turns":7.0},{"damage":10.0,"enemies":"Cultist and Chosen","floor":28.0,"turns":5.0},{"damage":0.0,"enemies":"conspire:Head Lice","floor":29.0,"turns":6.0},{"damage":45,"enemies":"Gremlin Leader","floor":31,"turns":4}],"seed_played":"-3020711761311535619","potions_obtained":[{"floor":3.0,"key":"DemoMod:BlankPotion"},{"floor":4.0,"key":"FearPotion"},{"floor":13.0,"key":"SteroidPotion"},{"floor":21.0,"key":"Languid Potion"},{"floor":28.0,"key":"FearPotion"}],"is_trial":false,"path_per_floor":["M","$","M","M","?","R","M","M","T","R","M","$","M","M","R","B",null,"M","M","M","?","?","R","M","R","T","R","M","E","?","E"],"character_chosen":"MARISA","items_purchased":["Membership Card","EnergyFlow"],"campfire_rested":5,"item_purchase_floors":[2,2],"current_hp_per_floor":[69,69,53,53,53,53,39,33,33,55,32,32,16,14,36,26,75,61,51,41,16,16,38,13,35,35,57,47,47,41,0,0],"gold":392,"neow_bonus":"HUNDRED_GOLD","is_daily":false,"chose_seed":false,"campfire_upgraded":1,"win_rate":0.0,"timestamp":1608625282,"path_taken":["M","$","M","M","?","R","M","M","T","R","M","$","M","M","R","BOSS","M","M","?","?","?","R","M","R","T","R","M","E","?","E"],"items_purchased_type":["Relic","Card"],"build_version":"2020-12-13","purchased_purges":0,"victory":false,"max_hp_per_floor":[75,75,75,75,75,75,75,75,75,75,75,75,75,75,75,75,75,75,75,75,75,75,75,75,75,75,75,75,75,75,75,75],"card_choices":[{"not_picked":["DarkMatter","Acceleration"],"picked":"NonDirectionalLaser","floor":1.0},{"not_picked":["EarthLightRay","Acceleration","UnstableBomb"],"picked":"SKIP","floor":3.0},{"not_picked":["MagicAbsorber","GalacticHalo"],"picked":"OrrerysSun","floor":4.0},{"not_picked":["Orbital","ShootingEcho"],"picked":"AlicesGift","floor":7.0},{"not_picked":["DragonMeteor","AlicesGift"],"picked":"IllusionStar","floor":8.0},{"not_picked":["EarthLightRay","AbsoluteMagnitude"],"picked":"PowerUp","floor":11.0},{"not_picked":["OpenUniverse","Orbital"],"picked":"NonDirectionalLaser","floor":13.0},{"not_picked":["IllusionStar","EarthLightRay"],"picked":"MysteriousBeam","floor":14.0},{"not_picked":["TreasureHunter","MaximisePower"],"picked":"SatelliteIllusion","floor":16.0},{"not_picked":["PulseMagic+1","MeteoricShower"],"picked":"Occultation","floor":18.0},{"not_picked":["DC","PulseMagic+1"],"picked":"MysteriousBeam","floor":19.0},{"not_picked":["Orbital","Acceleration","IllusionStar"],"picked":"SKIP","floor":20.0},{"not_picked":["PulseMagic+1","WitchLeyline"],"picked":"IllusionStar+1","floor":21.0},{"not_picked":["MysteriousBeam","BlazeAway+1","OpenUniverse"],"picked":"SKIP","floor":24.0},{"not_picked":["StarlightTyphoon+1","DC"],"picked":"GrandCross","floor":28.0},{"not_picked":["DC+1","AbsoluteMagnitude"],"picked":"IllusionStar","floor":29.0}],"player_experience":286904,"relics_obtained":[{"floor":9.0,"key":"ReplayTheSpireMod:Shallot"},{"floor":21.0,"key":"infinitespire:ShieldingShard"},{"floor":26.0,"key":"ReplayTheSpireMod:Lightbulb"},{"floor":29.0,"key":"Bromod:ArcaneNullifier"}],"event_choices":[{"damage_healed":0.0,"max_hp_gain":0.0,"max_hp_loss":0.0,"gold_gain":0.0,"event_name":"betterThird:BetterNest","player_choice":"Dagger","floor":30.0,"gold_loss":0.0,"damage_taken":6.0,"cards_obtained":["RitualDagger"]}],"is_beta":false,"boss_relics":[{"not_picked":["Philosopher\u0027s Stone","Snecko Eye"],"picked":"BewitchedHakkero"}],"items_purged_floors":[],"is_endless":false,"potions_floor_spawned":[3,4,13,20,21,28],"killed_by":"Gremlin Leader","ascension_level":0}}