{"host":"k5ezbu40hxyit46v","time":1608668247,"event":{"mods":["Act Like it!","Aspiration","Astrologer","BaseMod","BetterRewards","Conspire","DeckTracker","Energized Spire","Googly Eyes","Halation","HexUI Lib","Highlight Path","Hubris","Infinite Spire","Jedi Mod","Mad Scientist","Marisa????????","Minty Spire (QoL Compilation)","Quarter Circle Forward PUNCH!","Quick Restart","Replay The Spire","Reworked Bosses","Shop Mod","Spikes Relics","StSLib","The Administrix","The Awakened One except there are too many feathers","The Bladedancer","The Cursed","The IronCluck","The Servant 0.9.4","The Wild Card","everything is the same but u backflip on backflip","slay the spire mod where everything is the same but ironclad has a cowboy hat","vexMod"],"gold_per_floor":[115,115,40,40,54,85,5,24,72,88,103,103,115,145,145,223,223,242,261,1,1,1],"floor_reached":21,"playtime":854,"items_purged":["Exchange","theWildCard:BasicDefend"],"score":382,"play_id":"cfa145f9-ccd6-40d5-862a-e394d9e307b1","local_time":"20201222151727","is_ascension_mode":true,"campfire_choices":[{"floor":12.0,"key":"REST"},{"floor":15.0,"key":"REST"}],"circlet_count":0,"master_deck":["AscendersBane","Strike_G","Strike_G","Strike_G","Strike_G","Strike_G","Defend_G","Defend_G","Defend_G","Defend_G","Defend_G","Survivor","Neutralize+1","Bouncing Flask+1","Noxious Fumes+1","conspire:DoublingDagger+1","Dash+1","Noxious Fumes","Flechettes+1"],"relics":["Ring of the Snake","qcfpunch:Fighting_Gloves","SpikesRelics:DaevaFist","vexMod:FocusSash","Molten Egg 2","vexMod:DeviousBotling","HandDrill"],"acts_visited":["Exordium","TheCity"],"potions_floor_usage":[19],"damage_taken":[{"damage":0.0,"enemies":"Jaw Worm","floor":1.0,"turns":8.0},{"damage":0.0,"enemies":"Cultist","floor":5.0,"turns":4.0},{"damage":23.0,"enemies":"3 Sentries","floor":6.0,"turns":9.0},{"damage":0.0,"enemies":"Small Slimes","floor":8.0,"turns":3.0},{"damage":15.0,"enemies":"Gremlin Gang","floor":10.0,"turns":7.0},{"damage":18.0,"enemies":"Exordium Wildlife","floor":11.0,"turns":4.0},{"damage":0.0,"enemies":"Looter","floor":13.0,"turns":4.0},{"damage":18.0,"enemies":"Gremlin Nob","floor":14.0,"turns":5.0},{"damage":16.0,"enemies":"Hexaghost","floor":16.0,"turns":10.0},{"damage":31.0,"enemies":"Shell Parasite","floor":18.0,"turns":6.0},{"damage":13,"enemies":"Spheric Guardian","floor":19,"turns":5},{"damage":0,"enemies":"Shelled Parasite and Fungi","floor":21,"turns":1}],"seed_played":"-8388473710908815753","potions_obtained":[{"floor":1.0,"key":"Milkshake"},{"floor":4.0,"key":"jedi:StrikingPotion"},{"floor":4.0,"key":"SteroidPotion"},{"floor":5.0,"key":"AttackPotion"},{"floor":11.0,"key":"SpeedPotion"},{"floor":14.0,"key":"PowerPotion"},{"floor":16.0,"key":"Venom Potion"},{"floor":18.0,"key":"PowerPotion"},{"floor":19,"key":"Ancient Potion"}],"is_trial":false,"path_per_floor":["M","?","$","?","M","E","$","M","T","M","M","R","M","E","R","B",null,"M","M","$","M"],"character_chosen":"THE_SILENT","items_purchased":["Noxious Fumes","HandDrill"],"campfire_rested":2,"item_purchase_floors":[7,20],"current_hp_per_floor":[59,59,59,59,59,36,36,36,36,21,3,22,22,4,23,7,51,20,7,7,7,7],"gold":1,"neow_bonus":"ONE_RARE_RELIC","is_daily":false,"chose_seed":false,"campfire_upgraded":0,"win_rate":0.0,"timestamp":1608668247,"path_taken":["M","?","$","?","?","E","?","M","T","M","M","R","M","E","R","BOSS","M","?","$","M"],"items_purchased_type":["Card","Relic"],"build_version":"2020-12-13","purchased_purges":2,"victory":false,"max_hp_per_floor":[66,66,66,66,66,66,66,66,66,66,66,66,66,66,66,66,66,66,66,66,66,66],"card_choices":[{"not_picked":["Bane","ReplayTheSpireMod:The Works"],"picked":"Bouncing Flask","floor":1.0},{"not_picked":["Sucker Punch","PiercingWail","Hidden Blade"],"picked":"SKIP","floor":5.0},{"not_picked":["Eviscerate","Sucker Punch","Backflip"],"picked":"SKIP","floor":6.0},{"not_picked":["Dagger Spray","Blade Dance","PiercingWail"],"picked":"SKIP","floor":8.0},{"not_picked":["conspire:DoublingDagger","Prepared","PiercingWail"],"picked":"SKIP","floor":10.0},{"not_picked":["Prepared","PiercingWail"],"picked":"conspire:DoublingDagger","floor":10.0},{"not_picked":["Acrobatics","ReplayTheSpireMod:The Works"],"picked":"Dash","floor":11.0},{"not_picked":["Hidden Blade","Dash","infinitespire:Neurotoxin"],"picked":"SKIP","floor":13.0},{"not_picked":["All Out Attack+1","Deadly Poison"],"picked":"Noxious Fumes","floor":14.0},{"not_picked":["hubris:SlightOfHand","Expertise"],"picked":"Flechettes+1","floor":18.0},{"not_picked":["conspire:PoisonWeapons","InfectiousVector","Dagger Spray+1"],"picked":"SKIP","floor":19}],"player_experience":1202318,"relics_obtained":[{"floor":6.0,"key":"SpikesRelics:DaevaFist"},{"floor":9.0,"key":"vexMod:FocusSash"},{"floor":14.0,"key":"Molten Egg 2"}],"event_choices":[{"damage_healed":0.0,"max_hp_gain":0.0,"max_hp_loss":0.0,"gold_gain":0.0,"event_name":"Lab","player_choice":"Got Potions","floor":4.0,"gold_loss":0.0,"damage_taken":0.0}],"is_beta":false,"boss_relics":[{"not_picked":["Coffee Dripper","aspiration:FutureDiary"],"picked":"vexMod:DeviousBotling"}],"items_purged_floors":[3,20],"is_endless":false,"potions_floor_spawned":[1,5,11,14,16,18,19],"killed_by":"Shelled Parasite and Fungi","ascension_level":20}}