{"host":"njruw0b0uprlitpx","time":1608606958,"event":{"mods":["2.2 Compatiblity","Astrologer","Bartender","BaseMod","Better Altar","Better Match","Better Note","Better Sensory Stone","Better Skull","Better Third Choice","BetterRewards","Block Reminder","Colored Map","Colored Powertips","Jedi Mod","Keyboard Shortcuts","Magitek Elite","Minty Spire (QoL Compilation)","Quick Restart","Relic Stats","Replay The Spire","SacredBarkPlus","Spicy Shops","StSLib","SuperFastMode","The Bug Knight","The Mystic"],"gold_per_floor":[132,166,15,55,95,95,131,131,154,205,205,3,3,3,3,118,118,153,182,215,249,249],"floor_reached":21,"playtime":1016,"items_purged":["HollowMod:NailStrikeStart"],"score":273,"play_id":"d8f55668-ade6-4dc4-bd12-4557054571fb","local_time":"20201221211558","is_ascension_mode":false,"campfire_choices":[{"data":"HollowMod:BrokenVessel","floor":6.0,"key":"SMITH"},{"floor":8.0,"key":"REST"},{"data":"HollowMod:MawleksShell","floor":13.0,"key":"SMITH"},{"data":"Specialist","floor":15.0,"key":"SMITH"}],"circlet_count":0,"master_deck":["HollowMod:NailStrikeStart","HollowMod:NailStrikeStart","HollowMod:NailStrikeStart","HollowMod:QuickDashStart","HollowMod:QuickDashStart","HollowMod:QuickDashStart","HollowMod:QuickDashStart","HollowMod:FocusHealStart","HollowMod:PogoStrike","HollowMod:BrokenVessel+1","HollowMod:CrystalDash","HollowMod:InfectionAssault","HollowMod:MothsMistake","HollowMod:MawleksShell+1","HollowMod:FallenFury","HollowMod:SoulSplash","HollowMod:NewGlowingWomb+1","HollowMod:InfectedAttack","HollowMod:PureNailStrike","HollowMod:NewJinnsSoul","Specialist+1","HollowMod:HerrahsAnger","HollowMod:HeavyBlow","HollowMod:InfectedAttack","HollowMod:GrimmsGift+1","HollowMod:GreatSlash+1"],"relics":["HollowMod:VesselMask","Unceasing Top","Replay:Bandana","Oddly Smooth Stone","ReplayFunnel","Odd Mushroom","Membership Card","SlaversCollar"],"acts_visited":["Exordium","TheCity"],"potions_floor_usage":[],"damage_taken":[{"damage":6.0,"enemies":"Cultist","floor":1.0,"turns":5.0},{"damage":9.0,"enemies":"2 Louse","floor":2.0,"turns":4.0},{"damage":5.0,"enemies":"Small Slimes","floor":4.0,"turns":4.0},{"damage":1.0,"enemies":"Looter","floor":5.0,"turns":4.0},{"damage":17.0,"enemies":"Lots of Slimes","floor":7.0,"turns":3.0},{"damage":12.0,"enemies":"The Mushroom Lair","floor":10.0,"turns":4.0},{"damage":15.0,"enemies":"Hexaghost","floor":16.0,"turns":9.0},{"damage":9,"enemies":"Shell Parasite","floor":18,"turns":8},{"damage":23,"enemies":"Spheric Guardian","floor":19,"turns":7},{"damage":24,"enemies":"Shelled Parasite and Fungi","floor":20,"turns":6},{"damage":32,"enemies":"Snake Plant","floor":21,"turns":5}],"seed_played":"-1883921993683300805","potions_obtained":[{"floor":2.0,"key":"Explosive Potion"},{"floor":7.0,"key":"Block Potion"},{"floor":18,"key":"Dexterity Potion"},{"floor":19,"key":"FearPotion"}],"is_trial":false,"path_per_floor":["M","M","$","M","M","R","M","R","T","?","?","$","R","$","R","B",null,"M","M","M","M"],"character_chosen":"THE_BUGKNIGHT","items_purchased":["HollowMod:BrokenVessel","HollowMod:CrystalDash","HollowMod:InfectionAssault","HollowMod:MothsMistake","HollowMod:MawleksShell","Replay:Bandana","HollowMod:FallenFury","HollowMod:SoulSplash","Venom Potion","Oddly Smooth Stone","Membership Card","Specialist"],"campfire_rested":1,"item_purchase_floors":[0,0,0,0,0,0,0,0,0,3,12,12],"current_hp_per_floor":[69,60,60,61,66,66,49,71,71,65,65,65,65,65,65,50,75,66,49,35,3,3],"gold":249,"neow_bonus":"","is_daily":false,"chose_seed":false,"campfire_upgraded":3,"win_rate":0.0,"timestamp":1608606958,"path_taken":["M","?","$","M","M","R","M","R","T","?","?","?","R","$","R","BOSS","M","M","?","M"],"items_purchased_type":["Card","Card","Card","Card","Card","Relic","Card","Card","Potion","Relic","Relic","Card"],"build_version":"2020-12-13","purchased_purges":1,"victory":false,"max_hp_per_floor":[75,75,75,75,75,75,75,75,75,75,75,75,75,75,75,75,75,75,75,75,75,75],"relic_stats":{"counters":[58,203],"obtain_stats":[{"Golden Egg":9,"Vajra":43,"HollowMod:VesselMask":0,"Bottled Tornado":40,"Lizard Tail":49,"jedi:firstaidkit":0,"DollysMirror":37,"Replay:Wax Seal":0,"HollowMod:QueensCombRelic":0,"ReplayTheSpireMod:CursedCoin":20,"Dead Branch":6,"Astrolabe":17,"HollowMod:JonisBlessing":0,"Oddly Smooth Stone":3,"Pen Nib":24,"HollowMod:IsmasTear":29,"Replay:Kaleidoscope":0,"Runic Dome":17,"SlaversCollar":17,"Replay:Baseball":23,"Brimstone":28,"Bird Faced Urn":11,"Onion Ring":9,"StrikeDummy":0,"Abe\u0027s Treasure":34,"Unceasing Top":0,"ReplayFunnel":9,"Regal Pillow":12,"Enchiridion":30,"Mango":20,"Bag of Preparation":0,"jedi:Pinwheel":8,"Ancient Tea Set":10,"Cursed Key":34,"SsserpentHead":19,"Nunchaku":47,"Replay:Bandana":0,"jedi:matchstick":43,"Red Mask":22,"BargainBundle":0,"Guide Book":0,"Odd Mushroom":10,"Replay:Arrowhead":0,"Orrery":36,"Snack Pack":25,"Membership Card":12,"jedi:command_shop":28,"theForsaken:JudgementScales":0,"Toy Ornithopter":26,"TungstenRod":26,"ReplayTheSpireMod:ShopPack":0},{"Golden Egg":5,"Vajra":43,"HollowMod:VesselMask":0,"Bottled Tornado":19,"Lizard Tail":22,"jedi:firstaidkit":0,"DollysMirror":17,"Replay:Wax Seal":0,"HollowMod:QueensCombRelic":0,"ReplayTheSpireMod:CursedCoin":10,"Dead Branch":4,"Astrolabe":31,"HollowMod:JonisBlessing":24,"Oddly Smooth Stone":49,"Pen Nib":36,"HollowMod:IsmasTear":39,"Replay:Kaleidoscope":24,"Runic Dome":9,"SlaversCollar":54,"Replay:Baseball":12,"Brimstone":14,"Bird Faced Urn":7,"Onion Ring":28,"StrikeDummy":24,"Abe\u0027s Treasure":16,"Unceasing Top":47,"ReplayFunnel":52,"Regal Pillow":29,"Enchiridion":14,"Mango":10,"Bag of Preparation":24,"jedi:Pinwheel":5,"Ancient Tea Set":28,"Cursed Key":40,"SsserpentHead":10,"Nunchaku":21,"Replay:Bandana":47,"jedi:matchstick":20,"Red Mask":35,"BargainBundle":24,"Guide Book":0,"Odd Mushroom":53,"Replay:Arrowhead":24,"Orrery":41,"Snack Pack":13,"Membership Card":7,"jedi:command_shop":14,"theForsaken:JudgementScales":0,"Toy Ornithopter":13,"TungstenRod":37,"ReplayTheSpireMod:ShopPack":0},{"Golden Egg":12,"Vajra":129,"HollowMod:VesselMask":0,"Bottled Tornado":54,"Lizard Tail":65,"jedi:firstaidkit":0,"DollysMirror":49,"Replay:Wax Seal":0,"HollowMod:QueensCombRelic":0,"ReplayTheSpireMod:CursedCoin":26,"Dead Branch":9,"Astrolabe":91,"HollowMod:JonisBlessing":73,"Oddly Smooth Stone":153,"Pen Nib":107,"HollowMod:IsmasTear":116,"Replay:Kaleidoscope":73,"Runic Dome":23,"SlaversCollar":177,"Replay:Baseball":33,"Brimstone":39,"Bird Faced Urn":16,"Onion Ring":81,"StrikeDummy":73,"Abe\u0027s Treasure":47,"Unceasing Top":144,"ReplayFunnel":164,"Regal Pillow":84,"Enchiridion":39,"Mango":26,"Bag of Preparation":73,"jedi:Pinwheel":12,"Ancient Tea Set":81,"Cursed Key":122,"SsserpentHead":26,"Nunchaku":63,"Replay:Bandana":144,"jedi:matchstick":59,"Red Mask":104,"BargainBundle":73,"Guide Book":0,"Odd Mushroom":168,"Replay:Arrowhead":73,"Orrery":124,"Snack Pack":36,"Membership Card":16,"jedi:command_shop":39,"theForsaken:JudgementScales":0,"Toy Ornithopter":36,"TungstenRod":110,"ReplayTheSpireMod:ShopPack":0}],"Unceasing Top":[11]},"card_choices":[{"not_picked":["HollowMod:SiblingsSouls","HollowMod:VengefulVoid","HollowMod:SharpenedShadows"],"picked":"SKIP","floor":1.0},{"not_picked":["HollowMod:CloakDash","HollowMod:NewGlowingWomb","HollowMod:NewLittleFool"],"picked":"SKIP","floor":2.0},{"not_picked":["HollowMod:CloakDash","HollowMod:NewLittleFool"],"picked":"HollowMod:NewGlowingWomb","floor":2.0},{"not_picked":["HollowMod:BaldurShell","HollowMod:SoulStrike","HollowMod:CrystalDash"],"picked":"SKIP","floor":4.0},{"not_picked":["HollowMod:HeavyBlow","HollowMod:RecoilStrike"],"picked":"HollowMod:InfectedAttack","floor":5.0},{"not_picked":["HollowMod:DreamGate","HollowMod:VengefulVoid"],"picked":"HollowMod:PureNailStrike","floor":7.0},{"not_picked":["HollowMod:MothsMistake","HollowMod:HowlingWraiths"],"picked":"HollowMod:NewJinnsSoul","floor":10.0},{"not_picked":["HollowMod:AwokenDreamNail","HollowMod:LifebloodCore"],"picked":"HollowMod:HerrahsAnger","floor":16.0},{"not_picked":["HollowMod:DashSlash","HollowMod:AbyssShriek"],"picked":"HollowMod:HeavyBlow","floor":18},{"not_picked":["HollowMod:CoiledNail+1","HollowMod:PureNailStrike"],"picked":"HollowMod:InfectedAttack","floor":19},{"not_picked":["HollowMod:NewLittleFool+1","HollowMod:PerfectDash"],"picked":"HollowMod:GrimmsGift+1","floor":20},{"not_picked":["HollowMod:DoubleDash","HollowMod:MawleksShell+1"],"picked":"HollowMod:GreatSlash+1","floor":21}],"player_experience":1431120,"relics_obtained":[{"floor":9.0,"key":"ReplayFunnel"},{"floor":10.0,"key":"Odd Mushroom"}],"event_choices":[{"damage_healed":0.0,"max_hp_gain":0.0,"max_hp_loss":0.0,"gold_gain":0.0,"event_name":"Mushrooms","player_choice":"Fought Mushrooms","floor":10.0,"gold_loss":0.0,"damage_taken":0.0},{"damage_healed":0.0,"max_hp_gain":0.0,"max_hp_loss":0.0,"gold_gain":0.0,"event_name":"Living Wall","player_choice":"Grow","floor":11.0,"gold_loss":0.0,"damage_taken":0.0,"cards_upgraded":["HollowMod:NewGlowingWomb"]}],"is_beta":false,"boss_relics":[{"not_picked":["Snecko Heart","HollowMod:VoidIdolRelic"],"picked":"SlaversCollar"}],"items_purged_floors":[0],"is_endless":false,"potions_floor_spawned":[2,7,18,19],"killed_by":"Snake Plant","ascension_level":0}}