{"host":"30jsp143e4v19aze","time":1608652066,"event":{"mods":["BaseMod","Colored Map","Colored Powertips","Curses Come First","DeckTracker","Highlight Path","Minty Spire (QoL Compilation)","Quick Restart","Relic Stats","StSLib"],"gold_per_floor":[362,376,387,387,7,7,34,34,59,29,44,44,108,138,138,211,211,224,224,224,224,237,269,269,46,99,112,112,145,145,179,179,255,255,267,67,67,84,84,84,113,138,163,163,190,205,66,84,84,84,84,84,12,44,44],"floor_reached":56,"playtime":4463,"items_purged":["Strike_G","Strike_G","Strike_G"],"score":1986,"play_id":"b802d396-0d7a-412c-8de7-ee7e22840980","local_time":"20201222164746","is_ascension_mode":true,"campfire_choices":[{"data":"Predator","floor":6,"key":"SMITH"},{"data":"Noxious Fumes","floor":12,"key":"SMITH"},{"floor":15,"key":"REST"},{"data":"Footwork","floor":24,"key":"SMITH"},{"floor":28,"key":"REST"},{"data":"Doppelganger","floor":32,"key":"SMITH"},{"data":"Malaise","floor":40,"key":"SMITH"},{"floor":44,"key":"RECALL"},{"floor":49,"key":"REST"},{"data":"Concentrate","floor":52,"key":"SMITH"}],"circlet_count":0,"master_deck":["AscendersBane","Strike_G","Defend_G","Defend_G","Defend_G","Defend_G","Defend_G","Survivor","Neutralize","Masterful Stab","Noxious Fumes+1","Flying Knee","Prepared","Crippling Poison","PiercingWail","Predator+1","Dodge and Roll","Malaise+1","Footwork+1","Acrobatics","Skewer","Doppelganger+1","Backflip","Concentrate+1","Bouncing Flask","Corpse Explosion","Wraith Form v2+1","Noxious Fumes+1","Footwork+1","Backflip","Acrobatics+1"],"relics":["Ring of the Snake","Tiny Chest","Toy Ornithopter","Sundial","Blue Candle","Runic Pyramid","Mercury Hourglass","Calipers","Bag of Preparation","TwistedFunnel","PreservedInsect","Singing Bowl","Kunai","Sozu","Membership Card","Akabeko","Blood Vial","Prayer Wheel","ClockworkSouvenir","Medical Kit"],"acts_visited":["Exordium","TheCity","TheBeyond","TheEnding"],"potions_floor_usage":[7,7,13,14,16,22,23,33,33,55],"damage_taken":[{"damage":0,"enemies":"Cultist","floor":1,"turns":5},{"damage":0,"enemies":"2 Louse","floor":2,"turns":2},{"damage":5,"enemies":"Small Slimes","floor":3,"turns":4},{"damage":14,"enemies":"3 Sentries","floor":7,"turns":7},{"damage":6,"enemies":"Looter","floor":10,"turns":4},{"damage":0,"enemies":"Gremlin Gang","floor":11,"turns":5},{"damage":8,"enemies":"3 Sentries","floor":13,"turns":7},{"damage":28,"enemies":"Gremlin Nob","floor":14,"turns":5},{"damage":19,"enemies":"The Guardian","floor":16,"turns":12},{"damage":0,"enemies":"Chosen","floor":18,"turns":7},{"damage":10,"enemies":"3 Byrds","floor":22,"turns":4},{"damage":17,"enemies":"Book of Stabbing","floor":23,"turns":9},{"damage":13,"enemies":"Snake Plant","floor":27,"turns":5},{"damage":4,"enemies":"Gremlin Leader","floor":29,"turns":5},{"damage":1,"enemies":"Book of Stabbing","floor":31,"turns":6},{"damage":41,"enemies":"Automaton","floor":33,"turns":11},{"damage":10,"enemies":"3 Darklings","floor":35,"turns":2},{"damage":3,"enemies":"Orb Walker","floor":38,"turns":5},{"damage":0,"enemies":"Nemesis","floor":41,"turns":9},{"damage":8,"enemies":"Reptomancer","floor":45,"turns":6},{"damage":0,"enemies":"4 Shapes","floor":46,"turns":3},{"damage":1,"enemies":"Spire Growth","floor":48,"turns":6},{"damage":52,"enemies":"Awakened One","floor":50,"turns":17},{"damage":5,"enemies":"Shield and Spear","floor":54,"turns":6},{"damage":59,"enemies":"The Heart","floor":55,"turns":16}],"seed_played":"2583656187598927233","potions_obtained":[{"floor":7,"key":"SteroidPotion"},{"floor":11,"key":"PowerPotion"},{"floor":13,"key":"PowerPotion"},{"floor":16,"key":"ColorlessPotion"},{"floor":18,"key":"DuplicationPotion"},{"floor":23,"key":"CultistPotion"},{"floor":33,"key":"Strength Potion"}],"is_trial":false,"path_per_floor":["M","M","M","?","$","R","E","$","T","M","M","R","?","E","R","B",null,"M","?","T","?","M","E","R","$","T","M","R","E","T","E","R","B",null,"M","$","?","M","?","R","E","T","T","R","E","M","$","M","R","B",null,"R","$","E","B",null],"character_chosen":"THE_SILENT","items_purchased":["Crippling Poison","PiercingWail","Predator","Regen Potion","DistilledChaos","TwistedFunnel","Regen Potion","Membership Card","ClockworkSouvenir","Medical Kit"],"campfire_rested":3,"item_purchase_floors":[5,5,5,5,5,25,25,36,47,53],"current_hp_per_floor":[44,44,39,39,39,39,40,40,40,34,34,34,31,8,27,13,53,53,53,53,53,48,36,36,36,36,23,42,38,38,39,39,23,57,49,49,49,48,48,48,48,48,48,48,42,46,46,49,70,20,59,59,59,58,6],"gold":44,"neow_bonus":"TWO_FIFTY_GOLD","is_daily":false,"chose_seed":false,"campfire_upgraded":6,"win_rate":0.0,"timestamp":1608652066,"path_taken":["M","?","M","?","$","R","E","?","T","M","M","R","?","E","R","BOSS","M","?","?","?","?","E","R","?","T","M","R","E","?","E","R","BOSS","M","$","?","?","?","R","E","?","T","R","E","M","$","M","R","BOSS","R","$","E","BOSS"],"items_purchased_type":["Card","Card","Card","Potion","Potion","Relic","Potion","Relic","Relic","Relic"],"build_version":"2020-12-13","purchased_purges":3,"victory":true,"max_hp_per_floor":[66,66,66,66,66,66,66,66,66,66,66,66,66,66,66,66,66,66,66,66,66,66,66,66,66,66,66,66,66,66,68,68,68,68,70,70,70,72,68,68,68,68,68,68,68,70,70,72,72,72,72,72,72,74,74],"relic_stats":{"Singing Bowl":12,"counters":[25,168],"Blue Candle":[0],"PreservedInsect":279,"Bag of Preparation":[26],"Medical Kit":[4],"Mercury Hourglass":[450],"Sozu":3,"Blood Vial":12,"Sundial":[20],"Tiny Chest":3,"Prayer Wheel":2,"Kunai":[7],"obtain_stats":[{"TwistedFunnel":25,"Calipers":21,"Singing Bowl":30,"Blue Candle":14,"PreservedInsect":26,"Bag of Preparation":23,"Medical Kit":53,"Akabeko":41,"Mercury Hourglass":20,"ClockworkSouvenir":47,"Sozu":34,"Blood Vial":43,"Sundial":13,"Tiny Chest":7,"Prayer Wheel":45,"Kunai":31,"Membership Card":36,"Toy Ornithopter":9,"Ring of the Snake":0,"Runic Pyramid":17},{"TwistedFunnel":12,"Calipers":10,"Singing Bowl":14,"Blue Candle":8,"PreservedInsect":12,"Bag of Preparation":12,"Medical Kit":23,"Akabeko":19,"Mercury Hourglass":10,"ClockworkSouvenir":21,"Sozu":16,"Blood Vial":19,"Sundial":7,"Tiny Chest":4,"Prayer Wheel":20,"Kunai":15,"Membership Card":17,"Toy Ornithopter":4,"Ring of the Snake":0,"Runic Pyramid":9},{"TwistedFunnel":71,"Calipers":58,"Singing Bowl":81,"Blue Candle":39,"PreservedInsect":71,"Bag of Preparation":71,"Medical Kit":146,"Akabeko":114,"Mercury Hourglass":58,"ClockworkSouvenir":123,"Sozu":98,"Blood Vial":114,"Sundial":34,"Tiny Chest":18,"Prayer Wheel":120,"Kunai":87,"Membership Card":100,"Toy Ornithopter":18,"Ring of the Snake":0,"Runic Pyramid":51}],"Toy Ornithopter":40,"Ring of the Snake":[50]},"card_choices":[{"not_picked":["Quick Slash","Poisoned Stab"],"picked":"Masterful Stab","floor":1},{"not_picked":["Poisoned Stab","Blade Dance"],"picked":"Noxious Fumes","floor":2},{"not_picked":["Cloak And Dagger","Caltrops"],"picked":"Flying Knee","floor":3},{"not_picked":["Blur","Dagger Throw"],"picked":"Dodge and Roll","floor":7},{"not_picked":["Deflect","Flying Knee"],"picked":"Malaise","floor":10},{"not_picked":["PiercingWail","Cloak And Dagger"],"picked":"Footwork","floor":11},{"not_picked":["Dagger Throw","Riddle With Holes"],"picked":"Acrobatics","floor":13},{"not_picked":["Acrobatics","Prepared"],"picked":"Skewer","floor":14},{"not_picked":["After Image","Envenom"],"picked":"Doppelganger","floor":16},{"not_picked":["Flying Knee","Cloak And Dagger"],"picked":"Backflip","floor":18},{"not_picked":["Dodge and Roll","Deflect","Dagger Throw"],"picked":"SKIP","floor":22},{"not_picked":["Dagger Spray","Crippling Poison","Dodge and Roll"],"picked":"SKIP","floor":23},{"not_picked":["Quick Slash","Distraction"],"picked":"Bouncing Flask","floor":27},{"not_picked":["Crippling Poison","Venomology"],"picked":"Corpse Explosion","floor":29},{"not_picked":["Infinite Blades","Crippling Poison","Prepared"],"picked":"Singing Bowl","floor":31},{"not_picked":["Glass Knife","Tools of the Trade"],"picked":"Wraith Form v2","floor":33},{"not_picked":["Underhanded Strike+1","Caltrops","Bane"],"picked":"Singing Bowl","floor":35},{"not_picked":["Deadly Poison","Slice","Prepared"],"picked":"Singing Bowl","floor":38},{"not_picked":["Prepared+1","Heel Hook"],"picked":"Noxious Fumes+1","floor":41},{"not_picked":["Escape Plan","Acrobatics"],"picked":"Footwork+1","floor":45},{"not_picked":["Reflex","Bane","Quick Slash"],"picked":"Singing Bowl","floor":46},{"not_picked":["Dagger Spray+1","Poisoned Stab"],"picked":"Backflip","floor":46},{"not_picked":["All Out Attack","Slice","Sucker Punch+1"],"picked":"Singing Bowl","floor":48},{"not_picked":["Backflip","Slice"],"picked":"Acrobatics+1","floor":48},{"not_picked":["Bouncing Flask","Masterful Stab+1","Blade Dance+1"],"picked":"Singing Bowl","floor":54}],"player_experience":3045617,"relics_obtained":[{"floor":7,"key":"Tiny Chest"},{"floor":9,"key":"Toy Ornithopter"},{"floor":13,"key":"Sundial"},{"floor":14,"key":"Blue Candle"},{"floor":20,"key":"Mercury Hourglass"},{"floor":21,"key":"Calipers"},{"floor":23,"key":"Bag of Preparation"},{"floor":26,"key":"PreservedInsect"},{"floor":30,"key":"Singing Bowl"},{"floor":31,"key":"Kunai"},{"floor":41,"key":"Akabeko"},{"floor":43,"key":"Blood Vial"},{"floor":45,"key":"Prayer Wheel"}],"event_choices":[{"damage_healed":0,"gold_gain":0,"cards_transformed":["Strike_G"],"player_choice":"Transformed","damage_taken":0,"max_hp_gain":0,"max_hp_loss":0,"event_name":"Transmorgrifier","floor":4,"gold_loss":0,"cards_obtained":["Prepared"]},{"damage_healed":0,"gold_gain":0,"player_choice":"Searched \u00271\u0027 times","damage_taken":0,"max_hp_gain":0,"max_hp_loss":0,"event_name":"Dead Adventurer","floor":13,"gold_loss":0},{"damage_healed":0,"gold_gain":0,"player_choice":"Read","damage_taken":0,"max_hp_gain":0,"max_hp_loss":0,"event_name":"The Library","floor":19,"gold_loss":0,"cards_obtained":["Concentrate"]},{"damage_healed":0,"gold_gain":0,"player_choice":"Relic","damage_taken":0,"max_hp_gain":0,"max_hp_loss":0,"event_name":"Wheel of Change","floor":21,"gold_loss":0},{"damage_healed":0,"gold_gain":0,"player_choice":"Upgraded","damage_taken":0,"max_hp_gain":0,"max_hp_loss":0,"event_name":"Upgrade Shrine","floor":37,"gold_loss":0,"cards_upgraded":["Wraith Form v2"]},{"damage_healed":0,"gold_gain":0,"player_choice":"Max HP","damage_taken":0,"max_hp_gain":0,"max_hp_loss":4,"event_name":"Winding Halls","floor":39,"gold_loss":0}],"is_beta":false,"boss_relics":[{"not_picked":["Runic Dome","Coffee Dripper"],"picked":"Runic Pyramid"},{"not_picked":["Pandora\u0027s Box","Ring of the Serpent"],"picked":"Sozu"}],"items_purged_floors":[5,36,47],"is_endless":false,"potions_floor_spawned":[7,11,13,16,18,23,33,35,41,45],"ascension_level":15}}