{"host":"3j2m8n0ywf988fwb","time":1608651145,"event":{"mods":["2.2 Compatiblity","Act Like it!","Aspiration","BaseMod","Beaked The Cultist","Better Altar","Better Match","Better Note","Better Sensory Stone","Better Skull","Better Third Choice","CCEM","Colored Map","Colored Powertips","Conspire","Energized Spire","GifTheSpireLib","Googly Eyes","Halation","Hallownest","Highlight Path","Hubris","Infinite Spire","Jedi Mod","Marisa????????","Marked Mod","Mimic Mod","Minty Spire (QoL Compilation)","Random Character Button","Relic Stats","Replay The Spire","Robot Space Explorer","Shop Mod","Somnambulant","StSLib","Stuff the Spire","The Bug Knight","The Hierophant","The Marked","The Runesmith","TheFirefly","Unceasing Turn Reminder","everything is the same but u backflip on backflip"],"gold_per_floor":[109,18,18,18,37,50,50,50,50,50,70,87,99,111,111,210,210,225,245,44,44,44],"floor_reached":21,"playtime":1067,"items_purged":["Regret"],"score":171,"play_id":"3194fbce-a10e-4817-b8ae-154c0af6ceed","local_time":"20201222093225","is_ascension_mode":false,"campfire_choices":[{"data":"theMarked:SoldierOfQuellstein","floor":7,"key":"SMITH"}],"circlet_count":0,"master_deck":["theMarked:Strike","theMarked:Strike","theMarked:Strike+1","theMarked:Strike+1","theMarked:Defend","theMarked:Defend","theMarked:Defend","theMarked:Defend","theMarked:SoldierOfQuellstein+1","theMarked:Aftermath","Swift Strike","theMarked:Opportunist","theMarked:RepellingDischarge","theMarked:LightningStrikesTwice","theMarked:RogueSparks","theMarked:SummonStrength","theMarked:ChainLightning+1","theMarked:WastefulAttack","theMarked:Polarize"],"relics":["theMarked:ArtifactOfAir","halation:EternalFortune","infinitespire:Satchel","Whetstone","hubris:TinFlute","Odd Mushroom","theMarked:SpiritSword"],"acts_visited":["Exordium","TheCity"],"potions_floor_usage":[],"damage_taken":[{"damage":0,"enemies":"conspire:RoseBush","floor":1,"turns":4},{"damage":3,"enemies":"Jaw Worm","floor":5,"turns":4},{"damage":0,"enemies":"2 Louse","floor":6,"turns":2},{"damage":10,"enemies":"The Mushroom Lair","floor":11,"turns":5},{"damage":2,"enemies":"Large Slime","floor":12,"turns":4},{"damage":3,"enemies":"3 Louse","floor":13,"turns":4},{"damage":1,"enemies":"Exordium Wildlife","floor":14,"turns":2},{"damage":29,"enemies":"The Guardian","floor":16,"turns":10},{"damage":25,"enemies":"Spheric Guardian","floor":18,"turns":5},{"damage":39,"enemies":"conspire:FuzzyDice","floor":19,"turns":8},{"damage":10,"enemies":"Centurion and Healer","floor":21,"turns":1}],"seed_played":"-8093449320411960820","potions_obtained":[{"floor":1,"key":"SpeedPotion"},{"floor":11,"key":"jedi:StrikingPotion"},{"floor":15,"key":"jedi:holywater"},{"floor":15,"key":"theMarked:ChargePotion"},{"floor":16,"key":"PowerPotion"}],"is_trial":false,"path_per_floor":["M","$","?","?","M","M","R","?","T","T","?","M","M","M","R_BF","B",null,"M","M","$","M"],"character_chosen":"THE_DEFAULT","items_purchased":["Swift Strike","theMarked:WastefulAttack","theMarked:Polarize"],"campfire_rested":0,"item_purchase_floors":[2,20,20],"current_hp_per_floor":[70,70,73,73,70,70,70,70,70,70,60,58,55,54,54,25,73,48,9,9,0,0],"gold":44,"neow_bonus":"REMOVE_CARD","is_daily":false,"chose_seed":false,"campfire_upgraded":1,"win_rate":0.0,"timestamp":1608651145,"path_taken":["M","$","?","?","M","M","R","?","T","?","?","?","M","M","R_BF","BOSS","M","M","$","M"],"items_purchased_type":["Card","Card","Card"],"build_version":"2020-12-13","purchased_purges":1,"victory":false,"max_hp_per_floor":[70,70,73,73,73,73,73,73,73,73,73,73,73,73,73,73,73,73,73,73,73,73],"relic_stats":{"counters":[11,48],"Whetstone":["theMarked:Strike","theMarked:Strike"],"obtain_stats":[{"theMarked:ArtifactOfAir":0,"halation:EternalFortune":3,"infinitespire:Satchel":8,"theMarked:SpiritSword":17,"Whetstone":9,"Odd Mushroom":11,"hubris:TinFlute":10},{"theMarked:ArtifactOfAir":0,"halation:EternalFortune":1,"infinitespire:Satchel":3,"theMarked:SpiritSword":8,"Whetstone":3,"Odd Mushroom":4,"hubris:TinFlute":3},{"theMarked:ArtifactOfAir":0,"halation:EternalFortune":4,"infinitespire:Satchel":10,"theMarked:SpiritSword":34,"Whetstone":10,"Odd Mushroom":15,"hubris:TinFlute":10}]},"card_choices":[{"not_picked":["theMarked:HeightenedSenses","theMarked:ResourceFulStrike"],"picked":"theMarked:Aftermath","floor":1},{"not_picked":["theMarked:ResourceFulStrike","theMarked:RepellingDischarge"],"picked":"theMarked:Opportunist","floor":5},{"not_picked":["theMarked:WastefulAttack","theMarked:Opportunist"],"picked":"theMarked:RepellingDischarge","floor":6},{"not_picked":["theMarked:Parkour","theMarked:RepellingDischarge"],"picked":"theMarked:LightningStrikesTwice","floor":11},{"not_picked":["theMarked:RepellingDischarge","theMarked:Frustration","theMarked:WardOff"],"picked":"SKIP","floor":12},{"not_picked":["theMarked:Reabsorb","theMarked:EnhanceMovement"],"picked":"theMarked:RogueSparks","floor":13},{"not_picked":["theMarked:Frustration","theMarked:Aftermath","theMarked:EmpowerWeapon"],"picked":"SKIP","floor":14},{"not_picked":["theMarked:MuscleMemory","theMarked:TakeOffHeels"],"picked":"theMarked:SummonStrength","floor":16},{"not_picked":["theMarked:Frustration","theMarked:EnhancedHearing","theMarked:Electrify"],"picked":"SKIP","floor":18},{"not_picked":["theMarked:DeterminationOfTheMarked","theMarked:Static+1"],"picked":"theMarked:ChainLightning+1","floor":19}],"player_experience":1009154,"relics_obtained":[{"floor":9,"key":"Whetstone"},{"floor":10,"key":"hubris:TinFlute"},{"floor":11,"key":"Odd Mushroom"}],"event_choices":[{"damage_healed":0,"gold_gain":0,"player_choice":"Box","damage_taken":0,"relics_obtained":["infinitespire:Satchel"],"max_hp_gain":0,"max_hp_loss":0,"event_name":"Big Fish","floor":8,"gold_loss":0,"cards_obtained":["Regret"]},{"damage_healed":0,"gold_gain":0,"player_choice":"Fought Mushrooms","damage_taken":0,"max_hp_gain":0,"max_hp_loss":0,"event_name":"Mushrooms","floor":11,"gold_loss":0}],"is_beta":false,"boss_relics":[{"not_picked":["Tiny House","halation:ForbiddenBikini"],"picked":"theMarked:SpiritSword"}],"items_purged_floors":[20],"is_endless":false,"potions_floor_spawned":[1,11,16,18],"killed_by":"Centurion and Healer","ascension_level":0}}