{"host":"2461dio7vetlq1z3","time":1608606656,"event":{"mods":["2.2 Compatiblity","AchievementEnabler","BaseMod","Better Third Choice","Hermit","Minty Spire (QoL Compilation)","Relic Stats","Spicy Shops","StSLib","The Runesmith","Waifu the Spire"],"gold_per_floor":[118,118,118,37,37,37,67,67,114,130,130,165,165,182,182,280,280],"floor_reached":16,"playtime":446,"items_purged":[],"score":216,"play_id":"964f8a40-36e3-4d95-82b2-f0bb6a9652ca","local_time":"20201222041056","is_ascension_mode":true,"campfire_choices":[{"data":"Runesmith:FieryHammer+1","floor":6,"key":"SMITH"},{"data":"Runesmith:FieryHammer+2","floor":11,"key":"SMITH"},{"data":"Runesmith:FieryHammer+3","floor":15,"key":"SMITH"}],"circlet_count":0,"master_deck":["Runesmith:Strike_RS","Runesmith:Strike_RS","Runesmith:Strike_RS","Runesmith:Defend_RS","Runesmith:Defend_RS","Runesmith:Defend_RS","Runesmith:Defend_RS","Runesmith:CraftFirestone","Runesmith:Fortify","Runesmith:FieryHammer+4","Runesmith:Firestorm","Runesmith:LithiumIon","Runesmith:CraftMedicinae","Runesmith:RuneHurl","Runesmith:CraftMagma"],"relics":["Velvet Choker","Smiling Mask","InkBottle","Akabeko","Turnip"],"acts_visited":["Exordium"],"potions_floor_usage":[7,16],"damage_taken":[{"damage":0,"enemies":"2 Louse","floor":1,"turns":3},{"damage":36,"enemies":"Gremlin Nob","floor":7,"turns":5},{"damage":1,"enemies":"Jaw Worm","floor":10,"turns":3},{"damage":19,"enemies":"Lagavulin","floor":12,"turns":8},{"damage":0,"enemies":"Small Slimes","floor":14,"turns":2},{"damage":0,"enemies":"Slime Boss","floor":16,"turns":8}],"seed_played":"-6786820599047725982","potions_obtained":[{"floor":1,"key":"Swift Potion"},{"floor":7,"key":"Swift Potion"},{"floor":10,"key":"CultistPotion"},{"floor":12,"key":"FearPotion"}],"is_trial":false,"path_per_floor":["M","?","?","$","$","R","E","T","T","M","R","E","?","M","R","B"],"character_chosen":"RUNESMITH_CLASS","items_purchased":["Runesmith:Firestorm"],"campfire_rested":0,"item_purchase_floors":[4],"current_hp_per_floor":[70,70,63,63,63,63,27,27,27,26,26,12,12,12,12,14,14],"gold":280,"neow_bonus":"BOSS_RELIC","is_daily":false,"chose_seed":false,"campfire_upgraded":3,"win_rate":0.0,"timestamp":1608606656,"path_taken":["M","?","?","?","$","R","E","?","T","M","R","E","?","M","R","BOSS"],"items_purchased_type":["Card"],"build_version":"2020-12-13","purchased_purges":0,"victory":false,"max_hp_per_floor":[70,70,70,70,70,70,70,70,70,70,70,70,70,70,70,70,70],"relic_stats":{"counters":[6,29],"Turnip":[5],"Smiling Mask":0,"obtain_stats":[{"Runesmith:BrokenRuby":0,"Velvet Choker":0,"Turnip":12,"Smiling Mask":7,"InkBottle":8,"Akabeko":9},{"Runesmith:BrokenRuby":0,"Velvet Choker":0,"Turnip":4,"Smiling Mask":2,"InkBottle":2,"Akabeko":2},{"Runesmith:BrokenRuby":0,"Velvet Choker":0,"Turnip":19,"Smiling Mask":8,"InkBottle":8,"Akabeko":8}],"InkBottle":[6]},"card_choices":[{"not_picked":["Runesmith:HeatedChisel","Runesmith:HeatExchange"],"picked":"Runesmith:FieryHammer","floor":1},{"not_picked":["Runesmith:UnstableHammer","Runesmith:ShiftingStrike"],"picked":"Runesmith:LithiumIon","floor":7},{"not_picked":["Runesmith:HeatExchange","Runesmith:Attraction"],"picked":"Runesmith:CraftMedicinae","floor":10},{"not_picked":["Runesmith:EarthShield","Runesmith:Refine"],"picked":"Runesmith:RuneHurl","floor":12},{"not_picked":["Runesmith:CraftProtectio","Runesmith:HeatExchange"],"picked":"Runesmith:CraftMagma","floor":14}],"player_experience":841143,"relics_obtained":[{"floor":7,"key":"Smiling Mask"},{"floor":8,"key":"InkBottle"},{"floor":9,"key":"Akabeko"},{"floor":12,"key":"Turnip"}],"event_choices":[{"damage_healed":0,"gold_gain":0,"player_choice":"Grow","damage_taken":0,"max_hp_gain":0,"max_hp_loss":0,"event_name":"Living Wall","floor":2,"gold_loss":0,"cards_upgraded":["Runesmith:FieryHammer"]},{"cards_removed":["Runesmith:Strike_RS"],"damage_healed":0,"gold_gain":0,"player_choice":"Card Removal","damage_taken":7,"max_hp_gain":0,"max_hp_loss":0,"event_name":"Golden Wing","floor":3,"gold_loss":0},{"damage_healed":0,"gold_gain":0,"player_choice":"Ignored","damage_taken":165,"max_hp_gain":0,"max_hp_loss":0,"event_name":"betterThird:BetterSerpent","floor":13,"gold_loss":0}],"is_beta":false,"boss_relics":[],"items_purged_floors":[],"is_endless":false,"potions_floor_spawned":[1,7,10,12],"killed_by":"Slime Boss","ascension_level":1}}