{"host":"h0xw20cia6ppa69g","time":1608635183,"event":{"mods":["AchievementEnabler","BaseMod","Colored Map","Filter the Spire","Googly Eyes","Minty Spire (QoL Compilation)","Relic Stats","StSLib","The Awakened One except there are too many feathers","everything is the same but u backflip on backflip"],"gold_per_floor":[118,68,68,38,15,15,41,54,104,116,143,143,162,187,187,287,287,307,307,307,318,338,373,53,69,69,69,82,115,115,214,214,214,214],"floor_reached":33,"playtime":1376,"items_purged":["Dropkick"],"score":344,"play_id":"f089061b-03ec-42c0-bc9c-5fcb2bc155e0","local_time":"20201222050623","is_ascension_mode":true,"campfire_choices":[{"data":"Armaments","floor":6,"key":"SMITH"},{"data":"Battle Trance","floor":12,"key":"SMITH"},{"data":"Heavy Blade","floor":15,"key":"SMITH"},{"data":"Berserk","floor":27,"key":"SMITH"},{"floor":30,"key":"REST"},{"data":"Barricade","floor":32,"key":"SMITH"}],"circlet_count":0,"master_deck":["Strike_R+1","Strike_R+1","Defend_R+1","Defend_R+1","Defend_R+1","Defend_R+1","Bash","Heavy Blade+1","Armaments+1","Shrug It Off","Headbutt","Battle Trance+1","Carnage","Exhume","Cleave","Sword Boomerang","Berserk+1","Spot Weakness","Barricade+1","True Grit","Impervious"],"relics":["Burning Blood","NeowsBlessing","Ancient Tea Set","Art of War","Bag of Preparation","Vajra","Black Star","Blue Candle","Magic Flower","Shuriken","Darkstone Periapt","PreservedInsect","Question Card"],"acts_visited":["Exordium","TheCity"],"potions_floor_usage":[14,22,23,29,29],"damage_taken":[{"damage":0,"enemies":"Jaw Worm","floor":1,"turns":1},{"damage":0,"enemies":"Gremlin Nob","floor":7,"turns":1},{"damage":0,"enemies":"2 Louse","floor":8,"turns":2},{"damage":1,"enemies":"Cultist","floor":10,"turns":3},{"damage":10,"enemies":"3 Sentries","floor":11,"turns":6},{"damage":0,"enemies":"Gremlin Gang","floor":13,"turns":4},{"damage":6,"enemies":"Gremlin Nob","floor":14,"turns":3},{"damage":35,"enemies":"The Guardian","floor":16,"turns":10},{"damage":5,"enemies":"Chosen","floor":18,"turns":4},{"damage":0,"enemies":"3 Byrds","floor":21,"turns":5},{"damage":22,"enemies":"Cultist and Chosen","floor":22,"turns":5},{"damage":30,"enemies":"Book of Stabbing","floor":23,"turns":4},{"damage":7,"enemies":"Centurion and Healer","floor":25,"turns":6},{"damage":35,"enemies":"Shelled Parasite and Fungi","floor":28,"turns":6},{"damage":28,"enemies":"Gremlin Leader","floor":29,"turns":8},{"damage":53,"enemies":"Automaton","floor":33,"turns":6}],"seed_played":"1721857761036904920","potions_obtained":[{"floor":1,"key":"SkillPotion"},{"floor":4,"key":"SmokeBomb"},{"floor":4,"key":"BloodPotion"},{"floor":7,"key":"Ancient Potion"},{"floor":14,"key":"FearPotion"},{"floor":22,"key":"Dexterity Potion"},{"floor":23,"key":"LiquidMemories"},{"floor":25,"key":"HeartOfIron"}],"is_trial":false,"path_per_floor":["M","?","?","?","$","R","E","M","T","M","E","R","M","E","R","B",null,"M","?","?","M","M","E","$","M","T","R","M","E","R","?","R","B"],"character_chosen":"IRONCLAD","items_purchased":["Shrug It Off","Shuriken"],"campfire_rested":1,"item_purchase_floors":[5,24],"current_hp_per_floor":[80,80,80,80,80,80,80,80,80,80,76,76,80,80,80,51,80,80,80,80,80,80,56,56,58,58,58,32,13,37,37,37,0,0],"gold":214,"neow_bonus":"THREE_ENEMY_KILL","is_daily":false,"chose_seed":false,"campfire_upgraded":5,"win_rate":0.0,"timestamp":1608635183,"path_taken":["M","?","?","?","$","R","E","?","T","M","E","R","?","E","R","BOSS","M","?","?","M","M","E","$","M","T","R","?","E","R","?","R","BOSS"],"items_purchased_type":["Card","Relic"],"build_version":"2020-12-13","purchased_purges":1,"victory":false,"max_hp_per_floor":[80,80,80,80,80,80,80,80,80,80,80,80,80,80,80,80,80,80,80,80,80,80,80,80,80,80,80,80,80,80,80,80,80,80],"relic_stats":{"Darkstone Periapt":0,"counters":[16,74],"Shuriken":[4],"Blue Candle":[0],"Magic Flower":[9],"PreservedInsect":0,"Art of War":[7],"Bag of Preparation":[22],"Black Star":2,"Question Card":0,"obtain_stats":[{"Darkstone Periapt":26,"NeowsBlessing":0,"Blue Candle":23,"Vajra":14,"Magic Flower":23,"PreservedInsect":29,"Bag of Preparation":11,"Ancient Tea Set":7,"Question Card":29,"Burning Blood":0,"Shuriken":24,"Art of War":9,"Black Star":17},{"Darkstone Periapt":13,"NeowsBlessing":0,"Blue Candle":12,"Vajra":7,"Magic Flower":12,"PreservedInsect":15,"Bag of Preparation":5,"Ancient Tea Set":2,"Question Card":15,"Burning Blood":0,"Shuriken":12,"Art of War":3,"Black Star":8},{"Darkstone Periapt":54,"NeowsBlessing":0,"Blue Candle":48,"Vajra":20,"Magic Flower":48,"PreservedInsect":68,"Bag of Preparation":13,"Ancient Tea Set":2,"Question Card":68,"Burning Blood":0,"Shuriken":48,"Art of War":4,"Black Star":30}],"Burning Blood":67},"card_choices":[{"not_picked":["Dropkick","Bloodletting"],"picked":"Heavy Blade","floor":1},{"not_picked":["Thunderclap","True Grit"],"picked":"Headbutt","floor":7},{"not_picked":["Body Slam","Shrug It Off"],"picked":"Battle Trance","floor":8},{"not_picked":["Wild Strike","Perfected Strike"],"picked":"Carnage","floor":10},{"not_picked":["Clothesline","Thunderclap"],"picked":"Exhume","floor":11},{"not_picked":["Infernal Blade","Battle Trance"],"picked":"Cleave","floor":13},{"not_picked":["Battle Trance","Seeing Red"],"picked":"Sword Boomerang","floor":14},{"not_picked":["Fiend Fire","Bludgeon"],"picked":"Berserk","floor":16},{"not_picked":["Clash+1","Iron Wave","Sword Boomerang"],"picked":"SKIP","floor":18},{"not_picked":["Sword Boomerang","Havoc+1","Twin Strike+1"],"picked":"SKIP","floor":21},{"not_picked":["Anger","Rupture"],"picked":"Spot Weakness","floor":22},{"not_picked":["Flex+1","Heavy Blade+1"],"picked":"Barricade","floor":23},{"not_picked":["Thunderclap","Sentinel","Clash"],"picked":"SKIP","floor":25},{"not_picked":["Combust","Twin Strike"],"picked":"True Grit","floor":28},{"not_picked":["Iron Wave","Sword Boomerang"],"picked":"Impervious","floor":29}],"player_experience":3536663,"relics_obtained":[{"floor":7,"key":"Ancient Tea Set"},{"floor":9,"key":"Art of War"},{"floor":11,"key":"Bag of Preparation"},{"floor":14,"key":"Vajra"},{"floor":23,"key":"Blue Candle"},{"floor":23,"key":"Magic Flower"},{"floor":26,"key":"Darkstone Periapt"},{"floor":29,"key":"PreservedInsect"},{"floor":29,"key":"Question Card"}],"event_choices":[{"cards_removed":["Strike_R"],"damage_healed":0,"gold_gain":0,"player_choice":"Card Removal","damage_taken":0,"max_hp_gain":0,"max_hp_loss":0,"event_name":"The Cleric","floor":2,"gold_loss":50},{"damage_healed":0,"gold_gain":0,"cards_transformed":["Strike_R"],"player_choice":"Change","damage_taken":0,"max_hp_gain":0,"max_hp_loss":0,"event_name":"Living Wall","floor":3,"gold_loss":0,"cards_obtained":["Armaments"]},{"damage_healed":0,"gold_gain":0,"player_choice":"Bought 2 Potions","damage_taken":0,"max_hp_gain":0,"max_hp_loss":0,"event_name":"The Woman in Blue","floor":4,"gold_loss":0},{"damage_healed":0,"gold_gain":0,"player_choice":"Simplicity","damage_taken":0,"max_hp_gain":0,"max_hp_loss":0,"event_name":"Back to Basics","floor":19,"gold_loss":0,"cards_upgraded":["Strike_R","Strike_R","Strike_R","Defend_R","Defend_R","Defend_R","Defend_R"]},{"damage_healed":0,"gold_gain":0,"cards_transformed":["Strike_R"],"player_choice":"Transformed","damage_taken":0,"max_hp_gain":0,"max_hp_loss":0,"event_name":"Transmorgrifier","floor":20,"gold_loss":0,"cards_obtained":["Dropkick"]},{"damage_healed":0,"gold_gain":99,"player_choice":"Stole From Cult","damage_taken":0,"max_hp_gain":0,"max_hp_loss":0,"event_name":"Nest","floor":31,"gold_loss":0}],"is_beta":false,"boss_relics":[{"not_picked":["Ectoplasm","Black Blood"],"picked":"Black Star"}],"items_purged_floors":[24],"is_endless":false,"potions_floor_spawned":[1,7,14,16,21,22,23,25],"killed_by":"Automaton","ascension_level":1}}