{"host":"Jedit","time":1608660902,"event":{"mods":["BaseMod","Downfall","Minty Spire (QoL Compilation)","Relic Stats","StSLib"],"gold_per_floor":[117,137,147,167,187,219,219,219,271,286,313,333,361,61,61,158,158,169,194,211,231,84,84,109,129,129,129,145,70,102,122,122,217,217,228,7,21,21,41,74,86,99,122,151,169,169,195,195,195,195,195,195,3,35,35,35,35],"floor_reached":55,"playtime":4115,"items_purged":["champ:Strike","champ:Strike","champ:Defend"],"score":998,"play_id":"c5dec7b3-79f1-4c40-b058-850b0e3322b0","local_time":"20201222181502","is_ascension_mode":false,"campfire_choices":[{"floor":7.0,"key":"REST"},{"data":"champ:BerserkerStyle","floor":15.0,"key":"SMITH"},{"data":"champ:Taunt","floor":23.0,"key":"SMITH"},{"floor":32.0,"key":"RECALL"},{"data":"champ:StanceDance","floor":49,"key":"SMITH"},{"data":"champ:Lariat","floor":52,"key":"SMITH"}],"circlet_count":0,"master_deck":["champ:Defend","champ:Defend","champ:Defend","champ:Execute","champ:Taunt+1","champ:VampiricStrike","champ:GladiatorsShout","champ:BladeFlurry","champ:CalledShot","champ:TornadoPunch","champ:Encircle","champ:BerserkerStyle+1","champ:ArenaPreparation","champ:AdrenalArmor","champ:MurderStrike","champ:Lariat+1","champ:VampiricStrike","champ:Circumvent+1","champ:ArenaPreparation+1","champ:AdrenalArmor","champ:AdrenalArmor+1","champ:GutPunch","champ:DefensiveStyle","champ:IronFortress","champ:SteelEdge","champ:Backstep+1","champ:CheapShot","champ:StanceDance+1","champ:Backstep+1","champ:ViciousMockery","champ:AdrenalArmor","champ:FalseCounter+1","champ:FightOn","champ:GladiatorStyle","champ:Encircle+1","Madness","Madness","champ:FanOfKnives+1"],"relics":["champ:ChampionCrown","PreservedInsect","Singing Bowl","Bronze Scales","hexamod:BolsterEngine","Akabeko","champ:DefensiveTrainingManual","expansioncontent:StudyCardRelic","Red Mask","Vajra","MealTicket","Empty Cage","Membership Card","Dream Catcher","Blood Vial","Strawberry","Thread and Needle","War Paint","Guardian:BottledAnomaly","TungstenRod"],"acts_visited":["Exordium","TheCity","TheBeyond","TheEnding"],"potions_floor_usage":[50,55,55,55],"damage_taken":[{"damage":23.0,"enemies":"Cultist","floor":1.0,"turns":6.0},{"damage":6.0,"enemies":"2 Louse","floor":2.0,"turns":4.0},{"damage":7.0,"enemies":"Small Slimes","floor":3.0,"turns":4.0},{"damage":12.0,"enemies":"Gremlin Gang","floor":4.0,"turns":4.0},{"damage":20.0,"enemies":"2 Fungi Beasts","floor":5.0,"turns":4.0},{"damage":67.0,"enemies":"Gremlin Nob","floor":6.0,"turns":6.0},{"damage":12.0,"enemies":"Looter","floor":10.0,"turns":3.0},{"damage":46.0,"enemies":"Lagavulin","floor":11.0,"turns":6.0},{"damage":31.0,"enemies":"Large Slime","floor":12.0,"turns":6.0},{"damage":37.0,"enemies":"3 Sentries","floor":13.0,"turns":6.0},{"damage":36.0,"enemies":"Slime Boss","floor":16.0,"turns":4.0},{"damage":14.0,"enemies":"Chosen","floor":18.0,"turns":3.0},{"damage":33.0,"enemies":"Masked Bandits","floor":19.0,"turns":3.0},{"damage":14.0,"enemies":"3 Byrds","floor":20.0,"turns":4.0},{"damage":25.0,"enemies":"Shelled Parasite and Fungi","floor":21.0,"turns":3.0},{"damage":42.0,"enemies":"Book of Stabbing","floor":24.0,"turns":3.0},{"damage":15.0,"enemies":"Snecko","floor":25.0,"turns":3.0},{"damage":20.0,"enemies":"3 Cultists","floor":28.0,"turns":3.0},{"damage":41.0,"enemies":"Slavers","floor":30.0,"turns":5.0},{"damage":36.0,"enemies":"Shelled Parasite and Fungi","floor":31.0,"turns":3.0},{"damage":92.0,"enemies":"Champ","floor":33.0,"turns":9.0},{"damage":9.0,"enemies":"3 Shapes","floor":35.0,"turns":3.0},{"damage":36.0,"enemies":"3 Darklings","floor":37.0,"turns":5.0},{"damage":43.0,"enemies":"Spire Growth","floor":39.0,"turns":3.0},{"damage":43.0,"enemies":"Nemesis","floor":40.0,"turns":5.0},{"damage":87.0,"enemies":"Maw","floor":41.0,"turns":6.0},{"damage":43,"enemies":"4 Shapes","floor":42,"turns":6},{"damage":19,"enemies":"Reptomancer","floor":44,"turns":4},{"damage":26,"enemies":"3 Darklings","floor":45,"turns":3},{"damage":33,"enemies":"Nemesis","floor":47,"turns":7},{"damage":161,"enemies":"Donu and Deca","floor":50,"turns":10},{"damage":97,"enemies":"Shield and Spear","floor":54,"turns":7},{"damage":132,"enemies":"The Heart","floor":55,"turns":10}],"seed_played":"-6196429113032162695","potions_obtained":[{"floor":3.0,"key":"Fire Potion"},{"floor":4.0,"key":"Regen Potion"},{"floor":5.0,"key":"Strength Potion"},{"floor":12.0,"key":"Weak Potion"},{"floor":13.0,"key":"sneckomod:MuddlingPotion"},{"floor":19.0,"key":"LiquidMemories"},{"floor":20.0,"key":"Ancient Potion"},{"floor":21.0,"key":"Strength Potion"},{"floor":39.0,"key":"SkillPotion"},{"floor":42,"key":"Dexterity Potion"},{"floor":44,"key":"champ:OpenerPotion"}],"is_trial":false,"path_per_floor":["M","M","M","M","M","E","R","?","T","M","E","M","E","$","R","B",null,"M","?","M","M","$","R","E","M","T","?","M","$","E","M","R","B",null,"M","$","M","$","M","E","M","M","T","E","M","?","E","?","R","B",null,"R","$","E","B"],"character_chosen":"THE_CHAMP","items_purchased":["champ:Lariat","champ:DefensiveTrainingManual","champ:AdrenalArmor","champ:IronFortress","Membership Card","champ:StanceDance","War Paint","Guardian:BottledAnomaly","DuplicationPotion"],"campfire_rested":1,"item_purchase_floors":[14,14,22,29,36,36,53,53,53],"current_hp_per_floor":[79,83,90,83,75,26,53,53,53,52,37,36,46,46,46,60,90,90,84,86,84,84,84,96,98,98,98,95,95,86,98,98,58,98,100,100,100,100,100,100,81,100,100,107,104,91,102,104,104,109,111,111,111,66,0,0,0],"gold":35,"neow_bonus":"ONE_RANDOM_RARE_CARD","is_daily":false,"chose_seed":false,"campfire_upgraded":4,"win_rate":0.0,"timestamp":1608660902,"path_taken":["M","M","?","M","M","E","R","?","T","M","E","M","E","?","R","BOSS","M","?","M","M","$","R","E","M","T","?","M","$","E","M","R","BOSS","M","$","M","$","M","E","?","M","T","E","M","?","E","?","R","BOSS","R","$","E","BOSS"],"items_purchased_type":["Card","Relic","Card","Card","Relic","Card","Relic","Relic","Potion"],"build_version":"2020-12-18","purchased_purges":3,"victory":false,"max_hp_per_floor":[90,90,90,90,90,90,90,90,90,90,90,90,90,90,90,90,90,90,92,94,94,94,94,96,98,98,98,98,98,98,98,98,98,98,100,100,100,100,100,100,100,100,100,107,107,107,109,111,111,111,111,111,111,111,111,111,111],"relic_stats":{"Blood Vial":6,"Dream Catcher":0,"Singing Bowl":14,"counters":[33,161],"Bronze Scales":[431],"MealTicket":0,"PreservedInsect":359,"War Paint":["champ:ArenaPreparation","champ:AdrenalArmor"],"obtain_stats":[{"Singing Bowl":8,"Vajra":24,"champ:ChampionCrown":0,"Thread and Needle":47,"PreservedInsect":6,"expansioncontent:StudyCardRelic":17,"War Paint":53,"Empty Cage":34,"Akabeko":13,"Blood Vial":43,"Dream Catcher":40,"champ:DefensiveTrainingManual":14,"Bronze Scales":9,"Strawberry":44,"MealTicket":30,"Red Mask":19,"Membership Card":36,"hexamod:BolsterEngine":11,"Guardian:BottledAnomaly":53,"TungstenRod":54},{"Singing Bowl":6,"Vajra":16,"champ:ChampionCrown":0,"Thread and Needle":30,"PreservedInsect":6,"expansioncontent:StudyCardRelic":11,"War Paint":31,"Empty Cage":21,"Akabeko":10,"Blood Vial":27,"Dream Catcher":25,"champ:DefensiveTrainingManual":10,"Bronze Scales":6,"Strawberry":28,"MealTicket":19,"Red Mask":13,"Membership Card":22,"hexamod:BolsterEngine":8,"Guardian:BottledAnomaly":31,"TungstenRod":32},{"Singing Bowl":28,"Vajra":69,"champ:ChampionCrown":0,"Thread and Needle":134,"PreservedInsect":28,"expansioncontent:StudyCardRelic":53,"War Paint":144,"Empty Cage":92,"Akabeko":49,"Blood Vial":120,"Dream Catcher":108,"champ:DefensiveTrainingManual":49,"Bronze Scales":28,"Strawberry":124,"MealTicket":80,"Red Mask":59,"Membership Card":95,"hexamod:BolsterEngine":37,"Guardian:BottledAnomaly":144,"TungstenRod":151}],"TungstenRod":38},"card_choices":[{"not_picked":["champ:CrookedStrike","champ:BringItOn"],"picked":"champ:GladiatorsShout","floor":1.0},{"not_picked":["champ:GutPunch","champ:PerfectedStrike"],"picked":"champ:BladeFlurry","floor":2.0},{"not_picked":["champ:CrookedStrike","champ:BladeFlurry"],"picked":"champ:CalledShot","floor":3.0},{"not_picked":["champ:TornadoPunch","champ:BladeFlurry"],"picked":"champ:Backstep","floor":4.0},{"not_picked":["champ:GladiatorsShout","champ:FocusedDefense"],"picked":"champ:TornadoPunch","floor":5.0},{"not_picked":["champ:TornadoPunch","champ:IgnorePain"],"picked":"champ:Encircle","floor":6.0},{"not_picked":["champ:TornadoPunch","champ:BringItOn"],"picked":"champ:BerserkerStyle","floor":10.0},{"not_picked":["champ:BladeFlurry","champ:DefensiveShout"],"picked":"champ:ArenaPreparation","floor":11.0},{"not_picked":["champ:FlashCut","champ:RecklessLeap"],"picked":"champ:AdrenalArmor","floor":12.0},{"not_picked":["champ:SkillfulDodge","champ:FanOfKnives"],"picked":"champ:MurderStrike","floor":13.0},{"not_picked":["champ:CrownThrow","champ:SwordThrow"],"picked":"champ:VampiricStrike","floor":16.0},{"not_picked":["champ:Lariat","champ:DefensiveShout"],"picked":"champ:Circumvent+1","floor":18.0},{"not_picked":["champ:BringItOn","champ:BerserkerStyle","champ:ViciousMockery"],"picked":"Singing Bowl","floor":19.0},{"not_picked":["champ:Backstep","champ:PerfectedStrike","champ:Haymaker"],"picked":"Singing Bowl","floor":20.0},{"not_picked":["champ:RapidStrikes","champ:ViciousMockery"],"picked":"champ:ArenaPreparation","floor":21.0},{"not_picked":["champ:CalledShot","champ:GutPunch","champ:DefensiveShout"],"picked":"Singing Bowl","floor":24.0},{"not_picked":["champ:Backstep","champ:Circumvent+1","champ:GutPunch"],"picked":"Singing Bowl","floor":25.0},{"not_picked":["champ:DancingMaster","champ:BerserkersShout"],"picked":"champ:DefensiveStyle","floor":28.0},{"not_picked":["champ:Encircle","champ:PerfectedStrike"],"picked":"champ:SteelEdge","floor":30.0},{"not_picked":["champ:PerfectedStrike+1","champ:BladeFlurry"],"picked":"champ:Backstep+1","floor":31.0},{"not_picked":["champ:SwordThrow","champ:VampiricStrike"],"picked":"champ:CheapShot","floor":33.0},{"not_picked":["champ:Haymaker","champ:CrookedStrike","champ:GladiatorsShout+1"],"picked":"Singing Bowl","floor":35.0},{"not_picked":["champ:ShieldWall","champ:Shatter"],"picked":"champ:Backstep+1","floor":37.0},{"not_picked":["champ:Duel","champ:AdrenalArmor+1"],"picked":"champ:ViciousMockery","floor":39.0},{"not_picked":["champ:ViciousMockery+1","champ:TornadoPunch"],"picked":"champ:AdrenalArmor","floor":40.0},{"not_picked":["champ:GutPunch","champ:GladiatorsShout+1"],"picked":"champ:FalseCounter+1","floor":41},{"not_picked":["champ:FlashCut+1","champ:FocusedBerserking+1"],"picked":"champ:FightOn","floor":42},{"not_picked":["champ:FocusedGladiator+1","champ:BringItOn+1"],"picked":"champ:GladiatorStyle","floor":44},{"not_picked":["champ:BringItOn+1","champ:Circumvent+1"],"picked":"champ:Encircle+1","floor":45},{"not_picked":["champ:DefensiveShout+1","champ:GladiatorsShout+1","champ:Devastate"],"picked":"Singing Bowl","floor":47},{"not_picked":["expansioncontent:LastStand","Finesse","expansioncontent:DefensiveMode"],"picked":"Singing Bowl","floor":48},{"not_picked":["champ:CrookedStrike","champ:EnragedBash+1"],"picked":"champ:FanOfKnives+1","floor":54}],"player_experience":3599834,"relics_obtained":[{"floor":6.0,"key":"PreservedInsect"},{"floor":9.0,"key":"Bronze Scales"},{"floor":11.0,"key":"hexamod:BolsterEngine"},{"floor":13.0,"key":"Akabeko"},{"floor":19.0,"key":"Red Mask"},{"floor":24.0,"key":"Vajra"},{"floor":30.0,"key":"MealTicket"},{"floor":40.0,"key":"Dream Catcher"},{"floor":43,"key":"Blood Vial"},{"floor":44,"key":"Strawberry"},{"floor":47,"key":"Thread and Needle"},{"floor":54,"key":"TungstenRod"}],"event_choices":[{"cards_removed":["champ:Backstep"],"damage_healed":0.0,"max_hp_gain":0.0,"max_hp_loss":0.0,"gold_gain":0.0,"event_name":"WeMeetAgain","player_choice":"Gave Card","floor":8.0,"gold_loss":0.0,"damage_taken":0.0,"relics_obtained":["Singing Bowl"]},{"damage_healed":0.0,"max_hp_gain":0.0,"max_hp_loss":0.0,"gold_gain":0.0,"event_name":"Masked Bandits","player_choice":"Fought Bandits","floor":19.0,"gold_loss":0.0,"damage_taken":0.0},{"damage_healed":0.0,"max_hp_gain":0.0,"max_hp_loss":0.0,"gold_gain":0.0,"event_name":"Match and Keep!","player_choice":"2 cards matched","floor":27.0,"gold_loss":0.0,"damage_taken":0.0,"cards_obtained":["champ:AdrenalArmor","champ:GutPunch"]},{"damage_healed":0,"gold_gain":0,"player_choice":"Embrace Madness","damage_taken":13,"max_hp_gain":0,"max_hp_loss":0,"event_name":"Winding Halls","floor":46,"gold_loss":0,"cards_obtained":["Madness","Madness"]},{"damage_healed":0,"gold_gain":0,"player_choice":"Memory 1","damage_taken":0,"max_hp_gain":0,"max_hp_loss":0,"event_name":"SensoryStone","floor":48,"gold_loss":0}],"is_beta":true,"boss_relics":[{"not_picked":["Black Star","Coffee Dripper"],"picked":"expansioncontent:StudyCardRelic"},{"not_picked":["Runic Dome","Sozu"],"picked":"Empty Cage"}],"items_purged_floors":[14,22,36],"is_endless":false,"potions_floor_spawned":[3,4,5,12,13,19,20,21,30,31,39,42,44,45,47],"killed_by":"The Heart","ascension_level":0}}