{"host":"373g0ui1bgeshz9m","time":1608603255,"event":{"mods":["Act Like it!","Aspiration","BaseMod","Beaked The Cultist","Better Third Choice","Colored Map","Conspire","Downfall","Halation","Hermit","Hubris","Infinite Spire","Jorbs\u0027s Wanderer Trilogy","Minty Spire (QoL Compilation)","Pale of the Ancients","Permanent Neow","Quick Restart","Replay The Spire","Shade Mod","Shop Mod","Spikes Relics","StSLib","The Animator","The Bladedancer","The Bug Knight","The Construct","The Cursed","The Factory","The Florist","The Judge","The Jungle","The Necromancer","The Sage","The Wild Card","Trackpad","vexMod"],"gold_per_floor":[109,30,130,145,164,190,190,207,207,260,272,272,303,320,320,416,416,429,429,429,629,639,639,670,670,693,708,722,210,210,230,230,326,326,339,339,258,302,302,335,335,335,358,358,378,199,219,219,219,219,239,255,74,125,125,144,144,144,144,144],"floor_reached":61,"playtime":4086,"items_purged":[],"score":829,"play_id":"d66e6f5d-4b39-4120-9acd-7f7aa25c18d7","local_time":"20201221211415","is_ascension_mode":false,"campfire_choices":[{"data":"Inflame","floor":7.0,"key":"SMITH"},{"data":"Heavy Blade","floor":23.0,"key":"SMITH"},{"data":"Summon_Death_Knight","floor":25.0,"key":"SMITH"},{"data":"Requiem","floor":30.0,"key":"SMITH"},{"data":"hubris:Fate","floor":42.0,"key":"SMITH"},{"data":"Summon_Undead","floor":44.0,"key":"SMITH"},{"data":"Siphon_Strength","floor":49,"key":"SMITH"},{"data":"Sadistic Nature","floor":55,"key":"SMITH"},{"data":"Negative_Energy_Arrows","floor":57,"key":"SMITH"}],"circlet_count":0,"master_deck":["Strike_W","Strike_W","Strike_W","Strike_W","Defend_W","Defend_W","Defend_W","Defend_W","Negative_Energy_Arrows+1","Bone_Wall","Inflame+1","Negative_Energy_Javelin","Thousand_Bone_Knives+1","Negative_Energy_Sphere","Toxic_Smoke_Screen","Acid_Javelin","Heavy Blade+1","Shackles_Of_Pain","Requiem+1","Spectral_Walk+1","Summon_Death_Knight+1","Violent_Necrosis+1","Blood_Curse+1","Vampiric_Strike+1","Bone_Prison","Siphon_Strength+1","Scare+1","Summon_Undead+1","Vampiric_Strike+1","hubris:Fate+1","BlessedFruit","BlessedFruit","Flex","Sadistic Nature+1","Necrotic_Claws+1","Pandemic+1","expansioncontent:QuickStudy"],"relics":["Vampire_Amulet","aspiration:Nostalgia","m_ByrdBlood","Whetstone","Vajra","SpikesRelics:ToyHorsey","SpikesRelics:DaevaFist","construct:ClawGrip","aspiration:DSix","hubris:TinFlute","Replay:Baseball","vexMod:InvisibilityCloak","Juzu Bracelet","Matryoshka","Mummified Hand","HeavenlyBonsai","Boot","infinitespire:Satchel","paleoftheancients:Timepiece","paleoftheancients:KeyRelic","Velvet Choker","Bronze Scales","paleoftheancients:SoulOfTheWatcher","aspiration:Lifesprig","Simple Rune"],"acts_visited":[],"potions_floor_usage":[],"damage_taken":[{"damage":2.0,"enemies":"2 Louse","floor":1.0,"turns":3.0},{"damage":0.0,"enemies":"Cultist","floor":4.0,"turns":3.0},{"damage":2.0,"enemies":"Small Slimes","floor":5.0,"turns":3.0},{"damage":24.0,"enemies":"Gremlin Nob","floor":6.0,"turns":4.0},{"damage":16.0,"enemies":"Exordium Wildlife","floor":8.0,"turns":3.0},{"damage":5.0,"enemies":"3 Louse","floor":11.0,"turns":3.0},{"damage":21.0,"enemies":"Lagavulin","floor":13.0,"turns":4.0},{"damage":1.0,"enemies":"2 Fungi Beasts","floor":14.0,"turns":3.0},{"damage":29.0,"enemies":"Slime Boss","floor":16.0,"turns":6.0},{"damage":0.0,"enemies":"Chosen","floor":18.0,"turns":4.0},{"damage":15.0,"enemies":"3 Byrds","floor":22.0,"turns":5.0},{"damage":51.0,"enemies":"Gremlin Leader","floor":24.0,"turns":6.0},{"damage":10.0,"enemies":"Shelled Parasite and Fungi","floor":27.0,"turns":5.0},{"damage":14.0,"enemies":"Chosen and Byrds","floor":28.0,"turns":5.0},{"damage":2.0,"enemies":"Snecko","floor":31.0,"turns":4.0},{"damage":22.0,"enemies":"Champ","floor":33.0,"turns":8.0},{"damage":2.0,"enemies":"Orb Walker","floor":35.0,"turns":5.0},{"damage":31.0,"enemies":"Nemesis","floor":40.0,"turns":9.0},{"damage":11,"enemies":"3 Darklings","floor":45,"turns":7},{"damage":5,"enemies":"Spire Growth","floor":47,"turns":3},{"damage":69,"enemies":"Replay:Hell Engine","floor":50,"turns":8},{"damage":6,"enemies":"Replay:Hell Engine","floor":51,"turns":2},{"damage":21,"enemies":"Replay:Hell Engine","floor":52,"turns":9},{"damage":40,"enemies":"Replay:Hell Engine","floor":56,"turns":8},{"damage":91,"enemies":"paleoftheancients:N","floor":60,"turns":6}],"seed_played":"-203981692985277866","potions_obtained":[{"floor":4.0,"key":"Dexterity Potion"},{"floor":6.0,"key":"PowerPotion"},{"floor":8.0,"key":"Fire Potion"},{"floor":27.0,"key":"DuplicationPotion"},{"floor":48,"key":"FairyPotion"}],"is_trial":false,"path_per_floor":["M","$","?","M","M","E","R","M","T","?","M","T","E","M","R_BF","B",null,"M","?","AVR","?","M","R","E","R","T","M","M","$","R","M","R_BF","B",null,"M","?","$","?","?","E","AVR","R","T","R","M","$","M","?","R_BF","B","M","M","$","T","R","M","R","T","?","B",null],"character_chosen":"NECROMANCER","items_purchased":["Inflame","Negative_Energy_Javelin","vexMod:InvisibilityCloak","Juzu Bracelet","Vampiric_Strike+1","Bone_Prison","Summon_Undead","Sadistic Nature","expansioncontent:QuickStudy"],"campfire_rested":0,"item_purchase_floors":[2,2,29,29,29,29,37,46,53],"current_hp_per_floor":[75,75,75,75,75,60,60,61,61,61,75,75,63,75,80,68,80,80,80,80,80,80,80,52,52,52,61,66,66,66,80,80,75,80,80,80,80,80,80,62,62,62,62,62,82,82,84,84,84,85,86,87,87,87,87,87,87,87,87,72],"gold":144,"neow_bonus":"NOSTALGIA","is_daily":false,"chose_seed":false,"campfire_upgraded":9,"win_rate":0.0,"timestamp":1608603255,"path_taken":["M","$","?","?","M","E","R","M","T","?","M","?","E","M","R_BF","BOSS","M","?","AVR","?","M","R","E","R","T","?","M","$","R","M","R_BF","BOSS","M","?","$","?","?","E","AVR","R","T","R","M","$","M","?","R_BF","BOSS","M","M","?","T","R","M","R","T","?","BOSS"],"items_purchased_type":["Card","Card","Relic","Relic","Card","Card","Card","Card","Card"],"build_version":"2020-12-13","purchased_purges":0,"victory":true,"max_hp_per_floor":[75,75,75,75,75,75,75,75,75,75,75,75,75,75,80,80,80,80,80,80,80,80,80,80,80,80,80,80,80,80,80,80,80,80,80,80,80,80,80,80,80,80,80,80,82,82,84,84,84,85,86,88,88,88,88,90,90,90,90,91],"card_choices":[{"not_picked":["Bone_Shift","Heavy Blade","Blood_Whip"],"picked":"SKIP","floor":1.0},{"not_picked":["Shackles_Of_Pain","beaked:Resilience"],"picked":"Thousand_Bone_Knives","floor":4.0},{"not_picked":["Heavy Blade","Bone_Bullets"],"picked":"Negative_Energy_Sphere","floor":5.0},{"not_picked":["Bone_Armory","Epidemic"],"picked":"Toxic_Smoke_Screen","floor":6.0},{"not_picked":["Bone_Shift","Shackles_Of_Pain"],"picked":"Acid_Javelin","floor":8.0},{"not_picked":["Detonate_Bones","Bones_to_Steel","Blood_Whip"],"picked":"SKIP","floor":11.0},{"not_picked":["Strike_from_Beyond","Pandemic"],"picked":"Heavy Blade","floor":13.0},{"not_picked":["Bone_Armory","Death_March_Dance"],"picked":"Shackles_Of_Pain","floor":14.0},{"not_picked":["beaked:SacrificialScars","Negative_Energy_Bomb"],"picked":"Requiem","floor":16.0},{"not_picked":["Vampiric_Strike+1","Bones_to_Steel"],"picked":"Spectral_Walk+1","floor":18.0},{"not_picked":["Bone_Armor","Epidemic+1","Negative_Energy_Shield"],"picked":"SKIP","floor":22.0},{"not_picked":["Chill_Blood","Summon_Undead_Army"],"picked":"Summon_Death_Knight","floor":24.0},{"not_picked":["Death_Coil+1","Death_March_Dance+1"],"picked":"Violent_Necrosis","floor":27.0},{"not_picked":["Negative_Energy_Javelin","Toxic_Smoke_Screen"],"picked":"Blood_Curse+1","floor":28.0},{"not_picked":["Negative_Energy_Shield","Toxic_Smoke_Screen"],"picked":"Siphon_Strength","floor":31.0},{"not_picked":["Shade_Step","Bones_to_Steel+1"],"picked":"Scare+1","floor":35.0},{"not_picked":["Deaths_Shadow","Epidemic"],"picked":"Vampiric_Strike+1","floor":40.0},{"not_picked":["Negative_Energy_Shield","Shackles_Of_Pain+1"],"picked":"Flex","floor":45},{"not_picked":["Life_Drain","Uncharnel+1"],"picked":"Necrotic_Claws+1","floor":47},{"not_picked":["Consume_Illness+1","Thousand_Bone_Knives+1"],"picked":"Pandemic+1","floor":51},{"not_picked":["Bone_Bullets+1","Negative_Energy_Mist","Scare+1"],"picked":"SKIP","floor":52},{"not_picked":["Shackles_Of_Pain","Flesh_Made_Foul","Negative_Energy_Shield+1"],"picked":"SKIP","floor":56}],"player_experience":160852,"relics_obtained":[{"floor":6.0,"key":"Whetstone"},{"floor":9.0,"key":"Vajra"},{"floor":12.0,"key":"SpikesRelics:ToyHorsey"},{"floor":13.0,"key":"SpikesRelics:DaevaFist"},{"floor":24.0,"key":"hubris:TinFlute"},{"floor":26.0,"key":"Replay:Baseball"},{"floor":38.0,"key":"Matryoshka"},{"floor":40.0,"key":"Mummified Hand"},{"floor":43.0,"key":"Boot"},{"floor":43.0,"key":"infinitespire:Satchel"},{"floor":52,"key":"paleoftheancients:SoulOfTheWatcher"},{"floor":54,"key":"aspiration:Lifesprig"},{"floor":54,"key":"Simple Rune"},{"floor":56,"key":"paleoftheancients:SoulOfTheVixen"}],"event_choices":[{"damage_healed":0.0,"max_hp_gain":0.0,"max_hp_loss":0.0,"gold_gain":100.0,"event_name":"Golden Shrine","player_choice":"Pray","floor":3.0,"gold_loss":0.0,"damage_taken":0.0},{"damage_healed":0.0,"max_hp_gain":0.0,"max_hp_loss":0.0,"gold_gain":53.0,"event_name":"Golden Wing","player_choice":"Gained Gold","floor":10.0,"gold_loss":0.0,"damage_taken":0.0},{"damage_healed":0.0,"max_hp_gain":5.0,"max_hp_loss":0.0,"gold_gain":0.0,"event_name":"Big Fish","player_choice":"Donut","floor":15.0,"gold_loss":0.0,"damage_taken":0.0},{"damage_healed":0.0,"max_hp_gain":0.0,"max_hp_loss":0.0,"gold_gain":0.0,"event_name":"Vampires","player_choice":"Ignored","floor":19.0,"gold_loss":0.0,"damage_taken":0.0},{"damage_healed":0.0,"max_hp_gain":0.0,"max_hp_loss":0.0,"gold_gain":200.0,"event_name":"Wheel of Change","player_choice":"Gold","floor":21.0,"gold_loss":0.0,"damage_taken":0.0},{"damage_healed":0.0,"max_hp_gain":0.0,"max_hp_loss":0.0,"gold_gain":0.0,"event_name":"Tomb of Lord Red Mask","player_choice":"Ignored","floor":36.0,"gold_loss":0.0,"damage_taken":0.0},{"damage_healed":0.0,"max_hp_gain":0.0,"max_hp_loss":0.0,"gold_gain":0.0,"event_name":"Match and Keep!","player_choice":"0 cards matched","floor":39.0,"gold_loss":0.0,"damage_taken":0.0,"cards_obtained":[]},{"damage_healed":0,"gold_gain":0,"player_choice":"Got Potions","damage_taken":0,"max_hp_gain":0,"max_hp_loss":0,"event_name":"Lab","floor":48,"gold_loss":0}],"is_beta":false,"boss_relics":[{"not_picked":["halation:ForbiddenBikini","Replay:Fungal Core"],"picked":"construct:ClawGrip"},{"not_picked":["aspiration:SecretTechniqueScroll","Runic Dome","aspiration:FutureDiary"]}],"items_purged_floors":[],"is_endless":false,"potions_floor_spawned":[4,6,8,14,27,33,56],"ascension_level":0}}