{"host":"qxeepl7ydvsgmfdb","time":1608646715,"event":{"mods":["AchievementEnabler","BaseMod","Colored Powertips","Minty Spire (QoL Compilation)","Quick Restart","slay the spire mod where everything is the same but ironclad has a cowboy hat"],"gold_per_floor":[110,110,22,22,197,227,227,246,271,271,283,313,332,346,346,445,445,463,433,433,433],"floor_reached":20,"playtime":878,"items_purged":[],"score":239,"play_id":"0a7e4247-1a51-42e6-ad94-e8f2ba93eac7","local_time":"20201222091835","is_ascension_mode":true,"campfire_choices":[{"data":"Discovery","floor":7,"key":"SMITH"},{"data":"Survivor","floor":10,"key":"SMITH"},{"floor":15,"key":"REST"}],"circlet_count":0,"master_deck":["Strike_G","Strike_G","Strike_G","Strike_G","Strike_G","Defend_G","Defend_G","Defend_G","Defend_G","Defend_G","Survivor+1","Neutralize","Outmaneuver","Discovery+1","Doubt","PiercingWail","Dodge and Roll","Crippling Poison","Die Die Die","Bane+1"],"relics":["Ring of the Snake","NeowsBlessing","Regal Pillow","Pear","Tiny Chest","Unceasing Top","Philosopher\u0027s Stone"],"acts_visited":["Exordium","TheCity"],"potions_floor_usage":[14,16,19],"damage_taken":[{"damage":0,"enemies":"Small Slimes","floor":1,"turns":2},{"damage":0,"enemies":"3 Sentries","floor":6,"turns":2},{"damage":0,"enemies":"2 Louse","floor":8,"turns":2},{"damage":5,"enemies":"Jaw Worm","floor":11,"turns":5},{"damage":21,"enemies":"2 Fungi Beasts","floor":13,"turns":5},{"damage":9,"enemies":"Blue Slaver","floor":14,"turns":6},{"damage":65,"enemies":"The Guardian","floor":16,"turns":16},{"damage":68,"enemies":"Spheric Guardian","floor":18,"turns":10},{"damage":1,"enemies":"2 Thieves","floor":19,"turns":2},{"damage":15,"enemies":"Sentry and Sphere","floor":20,"turns":2}],"seed_played":"-8967361057731603125","potions_obtained":[{"floor":11,"key":"Explosive Potion"},{"floor":13,"key":"BlessingOfTheForge"},{"floor":14,"key":"SmokeBomb"}],"is_trial":false,"path_per_floor":["M","?","$","?","?","E","R","M","T","R","M","?","M","M","R","B",null,"M","M","M"],"character_chosen":"THE_SILENT","items_purchased":["Discovery"],"campfire_rested":1,"item_purchase_floors":[3],"current_hp_per_floor":[70,52,52,52,52,62,62,62,62,62,57,57,36,27,66,1,80,12,11,0,0],"gold":433,"neow_bonus":"THREE_ENEMY_KILL","is_daily":false,"chose_seed":false,"campfire_upgraded":2,"win_rate":0.0,"timestamp":1608646715,"path_taken":["M","?","$","?","?","E","R","M","T","R","?","?","M","M","R","BOSS","M","M","M"],"items_purchased_type":["Card"],"build_version":"2020-12-13","purchased_purges":0,"victory":false,"max_hp_per_floor":[70,70,70,70,70,80,80,80,80,80,80,80,80,80,80,80,80,80,80,80,80],"card_choices":[{"not_picked":["Dodge and Roll","Escape Plan"],"picked":"Outmaneuver","floor":1},{"not_picked":["Dodge and Roll","Doppelganger","Leg Sweep"],"picked":"SKIP","floor":6},{"not_picked":["Flying Knee","Bane","Reflex"],"picked":"SKIP","floor":8},{"not_picked":["Dodge and Roll","Quick Slash"],"picked":"PiercingWail","floor":11},{"not_picked":["Backflip","Grand Finale"],"picked":"Dodge and Roll","floor":13},{"not_picked":["Reflex","Dagger Spray"],"picked":"Crippling Poison","floor":14},{"not_picked":["Bullet Time","Unload"],"picked":"Die Die Die","floor":16},{"not_picked":["Cloak And Dagger","Terror+1"],"picked":"Bane+1","floor":18}],"player_experience":307707,"relics_obtained":[{"floor":6,"key":"Pear"},{"floor":9,"key":"Tiny Chest"}],"event_choices":[{"damage_healed":0,"gold_gain":0,"player_choice":"Success","damage_taken":18,"relics_obtained":["Regal Pillow"],"max_hp_gain":0,"max_hp_loss":0,"event_name":"Scrap Ooze","floor":2,"gold_loss":0},{"damage_healed":0,"gold_gain":0,"player_choice":"Ignored","damage_taken":0,"max_hp_gain":0,"max_hp_loss":0,"event_name":"Golden Wing","floor":4,"gold_loss":0},{"damage_healed":0,"gold_gain":175,"player_choice":"AGREE","damage_taken":0,"max_hp_gain":0,"max_hp_loss":0,"event_name":"Liars Game","floor":5,"gold_loss":0,"cards_obtained":["Doubt"]},{"damage_healed":0,"gold_gain":30,"player_choice":"Searched \u00273\u0027 times","damage_taken":0,"relics_obtained":["Unceasing Top"],"max_hp_gain":0,"max_hp_loss":0,"event_name":"Dead Adventurer","floor":12,"gold_loss":0}],"is_beta":false,"boss_relics":[{"not_picked":["Fusion Hammer","Coffee Dripper"],"picked":"Philosopher\u0027s Stone"}],"items_purged_floors":[],"is_endless":false,"potions_floor_spawned":[11,13,14],"killed_by":"Sentry and Sphere","ascension_level":4}}