{"host":"raai0vtvcfkt8csp","time":1608659985,"event":{"mods":["2.2 Compatiblity","AchievementEnabler","BaseMod","Block Reminder","Booster Modes","DeckTracker","Defective Defect","GifTheSpireLib","Minty Spire (QoL Compilation)","Quick Restart","Random Character Button","Rare Cards Sparkle","StSLib","Unceasing Turn Reminder"],"gold_per_floor":[117,136,136,154,164,164,199,218,218,234,265,265,265,277,277,381,381,397,397,397,397,411,411,411],"floor_reached":23,"playtime":1167,"items_purged":[],"score":213,"play_id":"5bb54615-f55b-4dd4-82db-033cbb674a11","local_time":"20201222185945","is_ascension_mode":true,"campfire_choices":[{"data":"A Thousand Cuts","floor":6,"key":"SMITH"},{"floor":13,"key":"REST"},{"floor":15,"key":"REST"}],"circlet_count":0,"master_deck":["Strike_G","Strike_G","Strike_G","Strike_G+1","Strike_G+1","Defend_G","Defend_G","Defend_G","Defend_G","Defend_G","Survivor","Neutralize","A Thousand Cuts+1","Cloak And Dagger","Choke","Blade Dance","Leg Sweep","Tactician","Accuracy+1","Underhanded Strike","Doppelganger","Acrobatics"],"relics":["Ring of the Snake","White Beast Statue","Whetstone","Omamori","WristBlade","MutagenicStrength"],"acts_visited":["Exordium","TheCity"],"potions_floor_usage":[7,8,10,14,18,22,23,23,23],"damage_taken":[{"damage":0,"enemies":"Small Slimes","floor":1,"turns":4},{"damage":1,"enemies":"2 Louse","floor":2,"turns":3},{"damage":3,"enemies":"Cultist","floor":4,"turns":5},{"damage":6,"enemies":"Red Slaver","floor":5,"turns":3},{"damage":13,"enemies":"Lagavulin","floor":7,"turns":7},{"damage":0,"enemies":"Exordium Wildlife","floor":8,"turns":3},{"damage":2,"enemies":"Large Slime","floor":10,"turns":5},{"damage":23,"enemies":"3 Sentries","floor":11,"turns":7},{"damage":6,"enemies":"Blue Slaver","floor":14,"turns":5},{"damage":25,"enemies":"Slime Boss","floor":16,"turns":8},{"damage":2,"enemies":"2 Thieves","floor":18,"turns":3},{"damage":2,"enemies":"Shell Parasite","floor":22,"turns":5},{"damage":57,"enemies":"Slavers","floor":23,"turns":4}],"seed_played":"-396344347209684917","potions_obtained":[{"floor":1,"key":"ColorlessPotion"},{"floor":5,"key":"LiquidMemories"},{"floor":7,"key":"LiquidMemories"},{"floor":8,"key":"Strength Potion"},{"floor":10,"key":"BlessingOfTheForge"},{"floor":11,"key":"BlessingOfTheForge"},{"floor":14,"key":"Block Potion"},{"floor":18,"key":"SteroidPotion"},{"floor":22,"key":"FearPotion"}],"is_trial":false,"path_per_floor":["M","M","?","M","M","R","E","M","T","M","E","?","R","M","R","B",null,"M","?","?","?","M","E"],"character_chosen":"THE_SILENT","items_purchased":[],"campfire_rested":2,"item_purchase_floors":[],"current_hp_per_floor":[70,69,69,66,60,60,47,47,47,45,22,22,43,37,58,33,70,68,68,55,55,53,0,0],"gold":411,"neow_bonus":"ONE_RANDOM_RARE_CARD","is_daily":false,"chose_seed":false,"campfire_upgraded":1,"win_rate":0.0,"timestamp":1608659985,"path_taken":["M","M","?","M","M","R","E","M","T","M","E","?","R","?","R","BOSS","M","?","?","?","M","E"],"items_purchased_type":[],"build_version":"2020-12-13","purchased_purges":0,"victory":false,"max_hp_per_floor":[70,70,70,70,70,70,70,70,70,70,70,70,70,70,70,70,70,70,70,75,75,75,75,75],"card_choices":[{"not_picked":["Endless Agony","All Out Attack"],"picked":"Cloak And Dagger","floor":1},{"not_picked":["Catalyst","Flechettes"],"picked":"Choke","floor":2},{"not_picked":["Prepared","Acrobatics"],"picked":"Blade Dance","floor":4},{"not_picked":["Dagger Spray","PiercingWail","Deadly Poison"],"picked":"SKIP","floor":5},{"not_picked":["Bane","Skewer"],"picked":"Leg Sweep","floor":7},{"not_picked":["Prepared","Leg Sweep","Dodge and Roll"],"picked":"SKIP","floor":8},{"not_picked":["Poisoned Stab","Well Laid Plans"],"picked":"Tactician","floor":10},{"not_picked":["Deflect","Dagger Spray"],"picked":"Accuracy","floor":11},{"not_picked":["Predator","Choke"],"picked":"Underhanded Strike","floor":14},{"not_picked":["Wraith Form v2","Die Die Die"],"picked":"Doppelganger","floor":16},{"not_picked":["Calculated Gamble+1","Bane+1","PiercingWail"],"picked":"SKIP","floor":18},{"not_picked":["Underhanded Strike","Catalyst+1"],"picked":"Acrobatics","floor":22}],"player_experience":409231,"relics_obtained":[{"floor":7,"key":"White Beast Statue"},{"floor":9,"key":"Whetstone"},{"floor":11,"key":"Omamori"}],"event_choices":[{"damage_healed":0,"gold_gain":0,"player_choice":"Leave","damage_taken":0,"max_hp_gain":0,"max_hp_loss":0,"event_name":"The Cleric","floor":3,"gold_loss":0},{"damage_healed":0,"gold_gain":0,"player_choice":"Upgraded","damage_taken":0,"max_hp_gain":0,"max_hp_loss":0,"event_name":"Upgrade Shrine","floor":12,"gold_loss":0,"cards_upgraded":["Accuracy"]},{"damage_healed":0,"gold_gain":0,"player_choice":"Inject Mutagens","damage_taken":0,"relics_obtained":["MutagenicStrength"],"max_hp_gain":0,"max_hp_loss":0,"event_name":"Drug Dealer","floor":19,"gold_loss":0},{"damage_healed":0,"gold_gain":0,"player_choice":"Shed Blood","damage_taken":18,"max_hp_gain":5,"max_hp_loss":0,"event_name":"Forgotten Altar","floor":20,"gold_loss":0},{"damage_healed":0,"gold_gain":0,"player_choice":"Ignored","damage_taken":0,"max_hp_gain":0,"max_hp_loss":0,"event_name":"Ghosts","floor":21,"gold_loss":0}],"is_beta":false,"boss_relics":[{"not_picked":["Sozu","Ectoplasm"],"picked":"WristBlade"}],"items_purged_floors":[],"is_endless":false,"potions_floor_spawned":[1,5,7,8,10,11,14,16,18,22],"killed_by":"Slavers","ascension_level":1}}