{"host":"w3inebsqralru4zj","time":1608595949,"event":{"mods":["AchievementEnabler","Aspiration","BaseMod","Better Altar","Better Match","Better Note","Better Sensory Stone","Better Skull","Better Third Choice","BetterRewards","CCEM","Colored Map","Conspire","Downfall","GifTheSpireLib","Googly Eyes","Halation","Highlight Path","Hubris","Infinite Spire","Jedi Mod","Marisa????????","Mimic Mod","Minty Spire (QoL Compilation)","Permanent Neow","Replay The Spire","Shade Mod","Shop Mod","Spicy Shops","StSLib","Stuff the Spire","everything is the same but u backflip on backflip"],"gold_per_floor":[112,56,56,68,81,113,113,125,125,153,164,193,193,219,219,323,323,323,323],"floor_reached":18,"playtime":948,"items_purged":[],"score":247,"play_id":"c699dd9d-4565-4ac6-9174-31b0778222af","local_time":"20201222011229","is_ascension_mode":true,"campfire_choices":[{"data":"jedi:collectorstrike","floor":7,"key":"SMITH"},{"floor":15,"key":"REST"}],"circlet_count":0,"master_deck":["Strike_R","Strike_R","Strike_R","Strike_R","Strike_R","Defend_R","Defend_R","Defend_R","Defend_R","Bash","jedi:collectorstrike+1","Blood for Blood+1","Sword Boomerang","StuffTheSpire:Incineration","StuffTheSpire:Ambrosia"],"relics":["Burning Blood","aspiration:Nostalgia","champ:ChampionCrown","hubris:Icosahedron","Pet Ghost","halation:TwoAmDonut","halation:WeightlessCrab","aspiration:WatcherSkillbook"],"acts_visited":["Exordium","TheCity"],"potions_floor_usage":[],"damage_taken":[{"damage":1,"enemies":"conspire:RoseBush","floor":1,"turns":3},{"damage":1,"enemies":"2 Louse","floor":4,"turns":2},{"damage":1,"enemies":"Small Slimes","floor":5,"turns":2},{"damage":32,"enemies":"Gremlin Nob","floor":6,"turns":4},{"damage":12,"enemies":"Looter","floor":8,"turns":3},{"damage":10,"enemies":"3 Sentries","floor":10,"turns":6},{"damage":9,"enemies":"Exordium Thugs","floor":11,"turns":2},{"damage":11,"enemies":"Replay:BlueRogue","floor":12,"turns":3},{"damage":20,"enemies":"3 Sentries","floor":14,"turns":6},{"damage":7,"enemies":"Slime Boss","floor":16,"turns":6},{"damage":81,"enemies":"conspire:FuzzyDice","floor":18,"turns":3}],"seed_played":"-1550783876893631713","potions_obtained":[{"floor":1,"key":"LiquidMemories"},{"floor":6,"key":"Languid Potion"},{"floor":10,"key":"Adrenaline Potion"}],"is_trial":false,"path_per_floor":["M","$","?","M","M","E","R","M","T","E","M","E","?","E","R","B",null,"M"],"character_chosen":"IRONCLAD","items_purchased":["Blood for Blood+1"],"campfire_rested":1,"item_purchase_floors":[2],"current_hp_per_floor":[77,77,77,80,80,54,54,48,48,44,41,36,36,23,47,47,73,0,0],"gold":323,"neow_bonus":"NOSTALGIA","is_daily":false,"chose_seed":false,"campfire_upgraded":1,"win_rate":0.0,"timestamp":1608595949,"path_taken":["M","$","?","M","M","E","R","M","T","E","M","E","?","E","R","BOSS","M"],"items_purchased_type":["Card"],"build_version":"2020-12-13","purchased_purges":0,"victory":false,"max_hp_per_floor":[80,80,80,80,80,80,80,80,80,80,80,80,80,81,81,82,82,83,83],"card_choices":[{"not_picked":["ReplayTheSpireMod:Strike From Hell","Massacre"],"picked":"jedi:collectorstrike","floor":1},{"not_picked":["Burning Pact","ReplayTheSpireMod:Muscle Training"],"picked":"Sword Boomerang","floor":4},{"not_picked":["Anger","Second Wind"],"picked":"jedi:collectorstrike","floor":5},{"not_picked":["ReplayTheSpireMod:Muscle Training","Infernal Blade"],"picked":"StuffTheSpire:Incineration","floor":6},{"not_picked":["Fire Breathing","hubris:ReadiedAction"],"picked":"jedi:collectorstrike+1","floor":8},{"not_picked":["ReplayTheSpireMod:Stacked","Run Through"],"picked":"jedi:collectorstrike+1","floor":10},{"not_picked":["Thunderclap","Evolve"],"picked":"jedi:collectorstrike+1","floor":11},{"not_picked":["Sentinel","StuffTheSpire:Incineration"],"picked":"jedi:collectorstrike+1","floor":12},{"not_picked":["StuffTheSpire:BrainWave","StuffTheSpire:Perfection"],"picked":"StuffTheSpire:Ambrosia","floor":13},{"not_picked":["Flex","Dual Wield"],"picked":"jedi:collectorstrike+1","floor":14},{"not_picked":["Berserk","Juggernaut"],"picked":"jedi:collectorstrike+1","floor":16}],"player_experience":167195,"relics_obtained":[{"floor":6,"key":"Pet Ghost"},{"floor":10,"key":"aspiration:HiddenCompartment"},{"floor":12,"key":"halation:TwoAmDonut"},{"floor":14,"key":"halation:WeightlessCrab"}],"event_choices":[],"is_beta":false,"boss_relics":[{"not_picked":["hubris:BlackHole","Runic Pyramid"],"picked":"aspiration:WatcherSkillbook"}],"items_purged_floors":[],"is_endless":false,"potions_floor_spawned":[1,6,10,12],"killed_by":"conspire:FuzzyDice","ascension_level":6}}