{"host":"v4tuy5ykrbdcm9o9","time":1608597591,"event":{"mods":["BaseMod","Duelist Mod","Minty Spire (QoL Compilation)","Replay The Spire","StSLib"],"gold_per_floor":[11,28,28,28,40,67,67,97,122,122,137,312,312,312,312,410,410,423,278,328,46,62,62,73,73,73,73,106,106,135,50,50,146,146,166,176,192,206,11,11,41,54,54,54,81,81,115,115,115,115,115,115,29,54,54,54],"floor_reached":55,"playtime":4126,"items_purged":[],"score":799,"play_id":"09cad249-fd6d-492d-9150-9295f672785c","local_time":"20201221193951","is_ascension_mode":true,"campfire_choices":[{"floor":7,"key":"RECALL"},{"floor":10,"key":"REST"},{"floor":23,"key":"DIG"},{"data":"Endless Agony","floor":25,"key":"SMITH"},{"floor":29,"key":"REST"},{"floor":32,"key":"REST"},{"data":"Terror","floor":46,"key":"SMITH"},{"floor":52,"key":"DIG"}],"circlet_count":0,"master_deck":["Strike_G","Strike_G","Strike_G","Strike_G","Strike_G","Defend_G","Defend_G","Defend_G","Defend_G","Survivor","Neutralize","Blade Dance","Blade Dance","Dodge and Roll","Quick Slash","Pot Of Greed","Pot Of Greed","Terror+1","Phantasmal Killer+1","Backstab","Replay:Bag of Tricks+1","Blur+1","Endless Agony+1","Sucker Punch+1","Outmaneuver","Pot Of Greed","Slice+1","Outmaneuver+1","ReplayTheSpireMod:Speed Training","Quick Slash+1","Replay:Bag of Tricks","Slice+1","Outmaneuver+1","Masterful Stab","Flying Knee+1","ReplayTheSpireMod:The Works+1","Madness","Madness","Footwork","Hidden Blade+1"],"relics":["Grinning Jar","Replay:Multitool","Art of War","Sizzling Blood","Busted Crown","Vajra","Divine Protection","Paper Crane","PreservedInsect","ReplayTheSpireMod:Lightbulb","Painkiller Herb","Happy Flower","Bottled Lightning","InkBottle","Boot","Blood Vial","White Beast Statue","Calipers"],"acts_visited":["Exordium","TheCity","TheBeyond","TheEnding"],"potions_floor_usage":[6,6,24,30,30,33,33,37,45,54,54,55],"damage_taken":[{"damage":0,"enemies":"2 Louse","floor":1,"turns":4},{"damage":0,"enemies":"Cultist","floor":2,"turns":4},{"damage":0,"enemies":"Small Slimes","floor":5,"turns":3},{"damage":21,"enemies":"3 Sentries","floor":6,"turns":9},{"damage":20,"enemies":"Replay:BlueRogue","floor":8,"turns":5},{"damage":4,"enemies":"Blue Slaver","floor":11,"turns":2},{"damage":38,"enemies":"Hexaghost","floor":16,"turns":9},{"damage":0,"enemies":"Chosen","floor":18,"turns":3},{"damage":0,"enemies":"Spheric Guardian","floor":22,"turns":3},{"damage":10,"enemies":"Snake Plant","floor":24,"turns":4},{"damage":12,"enemies":"theDuelist:KaibaA2","floor":28,"turns":4},{"damage":52,"enemies":"Gremlin Leader","floor":30,"turns":6},{"damage":25,"enemies":"Collector","floor":33,"turns":6},{"damage":0,"enemies":"Orb Walker","floor":35,"turns":3},{"damage":16,"enemies":"3 Darklings","floor":36,"turns":4},{"damage":21,"enemies":"Jaw Worm Horde","floor":37,"turns":4},{"damage":12,"enemies":"Sphere and 2 Shapes","floor":38,"turns":4},{"damage":11,"enemies":"Reptomancer","floor":41,"turns":5},{"damage":0,"enemies":"Maw","floor":42,"turns":5},{"damage":5,"enemies":"Giant Head","floor":45,"turns":3},{"damage":0,"enemies":"Nemesis","floor":47,"turns":3},{"damage":50,"enemies":"Replay:Hell Engine","floor":50,"turns":8},{"damage":74,"enemies":"Shield and Spear","floor":54,"turns":4},{"damage":64,"enemies":"The Heart","floor":55,"turns":2}],"seed_played":"206385799234033609","potions_obtained":[{"floor":2,"key":"Swift Potion"},{"floor":5,"key":"Swift Potion"},{"floor":18,"key":"CunningPotion"},{"floor":28,"key":"Doom Potion"},{"floor":30,"key":"AttackPotion"},{"floor":33,"key":"Energy Potion"},{"floor":35,"key":"Explosive Potion"},{"floor":38,"key":"CunningPotion"},{"floor":45,"key":"Explosive Potion"},{"floor":54,"key":"Poison Potion"}],"is_trial":false,"path_per_floor":["M","M","?","$","M","E","R","E","T","R","M","?","?","?","R","B",null,"M","$","?","$","M","R","M","R","T","?","E","R","E","?","R","B",null,"?","?","?","?","T","T","E","?","T","T","E","T","E","?","T","B",null,"T","T","E","B"],"character_chosen":"THE_SILENT","items_purchased":["Endless Agony","Sucker Punch","Outmaneuver","Vajra","SteroidPotion","SkillPotion","Slice","Happy Flower","FearPotion","SteroidPotion","Footwork"],"campfire_rested":3,"item_purchase_floors":[19,19,19,21,21,21,21,39,39,53,53],"current_hp_per_floor":[84,84,84,84,84,63,63,43,43,68,64,64,57,61,87,53,88,88,88,88,88,88,88,82,82,82,65,57,84,36,36,63,42,93,93,81,64,56,56,83,76,80,80,93,92,92,93,81,93,47,93,93,93,23,0,0],"gold":54,"neow_bonus":"TWENTY_PERCENT_HP_BONUS","is_daily":false,"chose_seed":false,"campfire_upgraded":2,"win_rate":0.0,"timestamp":1608597591,"path_taken":["M","M","?","$","?","E","R","E","T","R","M","?","?","?","R","BOSS","M","$","?","$","?","R","M","R","T","?","E","R","E","?","R","BOSS","?","?","?","?","T","T","E","?","T","T","E","T","E","?","T","BOSS","T","T","E","BOSS"],"items_purchased_type":["Card","Card","Card","Relic","Potion","Potion","Card","Relic","Potion","Potion","Card"],"build_version":"2020-12-13","purchased_purges":0,"victory":false,"max_hp_per_floor":[84,84,84,84,84,84,84,84,84,84,84,84,84,88,88,88,88,88,88,88,88,88,88,88,88,88,93,93,93,93,93,93,93,93,93,93,93,93,93,93,93,93,93,93,93,93,93,93,93,93,93,93,93,93,93,93],"card_choices":[{"not_picked":["ReplayTheSpireMod:Exploit Weakness","PiercingWail"],"picked":"Blade Dance","floor":1},{"not_picked":["Dagger Spray","Cloak And Dagger"],"picked":"Blade Dance","floor":2},{"not_picked":["Dodge and Roll","Fluid Movement"],"picked":"Quick Slash","floor":5},{"not_picked":["Fluid Movement","Cloak And Dagger"],"picked":"Terror","floor":6},{"not_picked":["Blade Dance","ReplayTheSpireMod:Tripwire"],"picked":"Phantasmal Killer","floor":8},{"not_picked":["Dash","Deflect"],"picked":"Backstab","floor":11},{"not_picked":["ReplayTheSpireMod:From All Sides","Poison Darts"],"picked":"Replay:Bag of Tricks","floor":16},{"not_picked":[],"picked":"Blur+1","floor":18},{"not_picked":[],"picked":"Outmaneuver+1","floor":22},{"not_picked":[],"picked":"ReplayTheSpireMod:Speed Training","floor":24},{"not_picked":[],"picked":"Quick Slash+1","floor":28},{"not_picked":["Prepared"],"picked":"SKIP","floor":30},{"not_picked":[],"picked":"Replay:Bag of Tricks","floor":33},{"not_picked":[],"picked":"Slice+1","floor":35},{"not_picked":[],"picked":"Outmaneuver+1","floor":36},{"not_picked":["Sucker Punch"],"picked":"SKIP","floor":37},{"not_picked":[],"picked":"Masterful Stab","floor":38},{"not_picked":[],"picked":"Flying Knee+1","floor":41},{"not_picked":[],"picked":"ReplayTheSpireMod:The Works+1","floor":42},{"not_picked":["Endless Agony"],"picked":"SKIP","floor":45},{"not_picked":["Caltrops+1"],"picked":"SKIP","floor":47},{"not_picked":[],"picked":"Hidden Blade+1","floor":54}],"player_experience":402719,"relics_obtained":[{"floor":6,"key":"Grinning Jar"},{"floor":8,"key":"Replay:Multitool"},{"floor":9,"key":"Art of War"},{"floor":23,"key":"Divine Protection"},{"floor":28,"key":"Paper Crane"},{"floor":30,"key":"PreservedInsect"},{"floor":41,"key":"Bottled Lightning"},{"floor":43,"key":"InkBottle"},{"floor":45,"key":"Boot"},{"floor":47,"key":"Blood Vial"},{"floor":52,"key":"White Beast Statue"},{"floor":54,"key":"Calipers"}],"event_choices":[{"damage_healed":0,"gold_gain":0,"cards_transformed":["Defend_G"],"player_choice":"Transformed","damage_taken":0,"max_hp_gain":0,"max_hp_loss":0,"event_name":"Transmorgrifier","floor":3,"gold_loss":0,"cards_obtained":["Dodge and Roll"]},{"damage_healed":0,"gold_gain":175,"player_choice":"AGREE","damage_taken":0,"max_hp_gain":0,"max_hp_loss":0,"event_name":"Liars Game","floor":12,"gold_loss":0,"cards_obtained":["Doubt"]},{"cards_removed":["Doubt"],"damage_healed":0,"gold_gain":0,"player_choice":"Card Removal","damage_taken":7,"max_hp_gain":0,"max_hp_loss":0,"event_name":"Golden Wing","floor":13,"gold_loss":0},{"damage_healed":0,"gold_gain":100,"player_choice":"Bet on Murderer","damage_taken":0,"max_hp_gain":0,"max_hp_loss":0,"event_name":"The Joust","floor":20,"gold_loss":50},{"damage_healed":0,"gold_gain":0,"player_choice":"Shed Blood","damage_taken":22,"max_hp_gain":5,"max_hp_loss":0,"event_name":"Forgotten Altar","floor":27,"gold_loss":0},{"damage_healed":0,"gold_gain":0,"player_choice":"Obtained Relic","damage_taken":0,"relics_obtained":["ReplayTheSpireMod:Lightbulb"],"max_hp_gain":0,"max_hp_loss":0,"event_name":"Addict","floor":31,"gold_loss":85},{"damage_healed":0,"gold_gain":0,"player_choice":"Embrace Madness","damage_taken":12,"max_hp_gain":0,"max_hp_loss":0,"event_name":"Winding Halls","floor":48,"gold_loss":0,"cards_obtained":["Madness","Madness"]}],"is_beta":false,"boss_relics":[{"not_picked":["Astrolabe","Abe\u0027s Treasure"],"picked":"Busted Crown"},{"not_picked":["Pandora\u0027s Box","Fusion Hammer"],"picked":"Painkiller Herb"}],"items_purged_floors":[],"is_endless":false,"potions_floor_spawned":[2,5,18,28,30,33,35,38,45,54],"killed_by":"The Heart","ascension_level":4}}