{"host":"cxvb37eaaiijvrl4","time":1608614962,"event":{"mods":["ATMod(°¢èªMod)","BaseMod","Better Third Choice","Minty Spire (QoL Compilation)","MostiFishMod","Quick Restart","Rare Cards Sparkle","Shop Mod","Spicy Shops","StSLib","TestMod","Uncapped"],"gold_per_floor":[113,129,529,548,373,373,405,405,432,105,137,137,166,181,181,254,254,266,316,333,333,333,333,364,376,425,455,470,470,502,521,521,599,599,615,627,647,229,253,253,289,289,289,322,322,322,322,363,363,369,375,375,375,7,43,53],"floor_reached":57,"playtime":1908,"items_purged":["Strike_R","Bash","Strike_R","Strike_R","MostiFishMod:CullingBlade","Defend_R","Defend_R+1","Defend_R+1"],"score":3432,"play_id":"f3789578-b7ed-4b46-895f-654af284ef52","local_time":"20201221212922","is_ascension_mode":true,"campfire_choices":[{"data":"Body Slam","floor":6.0,"key":"SMITH"},{"data":"Bloodletting","floor":8.0,"key":"SMITH"},{"data":"AT_EssenceShift","floor":15.0,"key":"SMITH"},{"data":"AT_BodySlamDance","floor":23.0,"key":"SMITH"},{"data":"Battle Trance","floor":29.0,"key":"SMITH"},{"data":"Burning Pact","floor":32.0,"key":"SMITH"},{"data":"Second Wind","floor":40.0,"key":"SMITH"},{"data":"Power Through","floor":45,"key":"SMITH"},{"data":"Madness","floor":47,"key":"SMITH"},{"floor":49,"key":"RECALL"},{"data":"Madness","floor":53,"key":"SMITH"}],"circlet_count":0,"master_deck":["AscendersBane","AT_EssenceShift+1","Power Through+1","Body Slam+1","Bloodletting+1","AT_BodySlamDance+1","Battle Trance+1","Burning Pact+1","Berserk+1","Feel No Pain+1","Second Wind+1","Madness+1","Madness+1"],"relics":["Burning Blood","DaveBox","AT_ATBox","EGODaCapo","testmod-SaigiyounoYou","Question Card","Juzu Bracelet","Question Card","Anchor","Matryoshka","ImportantClient","xbg","Blood Vial","AT_BladeRuinedKing","AT_SeraphEmbrace","StrikeDummy","testmod-Antiphasic","Sozu","Membership Card","Technique","testmod-Acrobat","testmod-Justice","War Paint","PreservedInsect","testmod-IndustrialRevolution","Pen Nib","Medical Kit","Bronze Scales"],"acts_visited":["Exordium","TheCity","TheBeyond","TheEnding"],"potions_floor_usage":[],"damage_taken":[{"damage":10.0,"enemies":"Jaw Worm","floor":1.0,"turns":4.0},{"damage":0.0,"enemies":"Cultist","floor":2.0,"turns":3.0},{"damage":0.0,"enemies":"2 Louse","floor":4.0,"turns":3.0},{"damage":52.0,"enemies":"3 Sentries","floor":7.0,"turns":21.0},{"damage":3.0,"enemies":"Lagavulin","floor":11.0,"turns":5.0},{"damage":3.0,"enemies":"3 Sentries","floor":13.0,"turns":4.0},{"damage":0.0,"enemies":"Red Slaver","floor":14.0,"turns":2.0},{"damage":4.0,"enemies":"The Guardian","floor":16.0,"turns":4.0},{"damage":0.0,"enemies":"Spheric Guardian","floor":18.0,"turns":1.0},{"damage":0.0,"enemies":"Chosen","floor":20.0,"turns":1.0},{"damage":3.0,"enemies":"Slavers","floor":24.0,"turns":1.0},{"damage":3.0,"enemies":"Centurion and Healer","floor":25.0,"turns":3.0},{"damage":3.0,"enemies":"Book of Stabbing","floor":27.0,"turns":1.0},{"damage":3.0,"enemies":"Cultist and Chosen","floor":28.0,"turns":1.0},{"damage":7.0,"enemies":"Slavers","floor":30.0,"turns":6.0},{"damage":3.0,"enemies":"3 Cultists","floor":31.0,"turns":1.0},{"damage":48.0,"enemies":"Collector","floor":33.0,"turns":3.0},{"damage":0.0,"enemies":"Orb Walker","floor":35.0,"turns":1.0},{"damage":15.0,"enemies":"3 Shapes","floor":36.0,"turns":3.0},{"damage":0.0,"enemies":"Maw","floor":37.0,"turns":2.0},{"damage":3.0,"enemies":"Transient","floor":39.0,"turns":2.0},{"damage":0.0,"enemies":"Nemesis","floor":41.0,"turns":1.0},{"damage":0,"enemies":"Reptomancer","floor":44,"turns":3},{"damage":0,"enemies":"Nemesis","floor":48,"turns":3},{"damage":0,"enemies":"Awakened One","floor":50,"turns":4},{"damage":10,"enemies":"Time Eater","floor":51,"turns":4},{"damage":0,"enemies":"Shield and Spear","floor":55,"turns":2},{"damage":4,"enemies":"The Heart","floor":56,"turns":5}],"seed_played":"7391729835027790623","potions_obtained":[{"floor":4.0,"key":"AttackPotion"},{"floor":7.0,"key":"SkillPotion"},{"floor":13.0,"key":"DuplicationPotion"}],"is_trial":false,"path_per_floor":["M","M","?","M","$","R","E","R","T","$","E","?","E","M","R","B",null,"M","?","M","?","?","R","E","M","T","E","M","R","E","M","R","B",null,"M","M","M","$","M","R","E","?","T","E","R","?","R","E","R","B","B",null,"R","$","E","B",null],"character_chosen":"IRONCLAD","items_purchased":["AT_BodySlamDance","Membership Card","Technique","testmod-Acrobat","Medical Kit"],"campfire_rested":0,"item_purchase_floors":[10,38,38,38,54],"current_hp_per_floor":[53,66,66,75,75,75,42,42,42,42,52,52,65,75,75,75,75,75,75,75,75,75,75,75,75,75,75,75,75,75,75,75,45,71,80,75,80,80,104,104,104,104,104,104,104,85,85,104,104,104,104,104,104,104,104,104],"gold":53,"neow_bonus":"REMOVE_TWO","is_daily":false,"chose_seed":false,"campfire_upgraded":10,"win_rate":0.0,"timestamp":1608614962,"path_taken":["M","M","?","M","$","R","E","R","T","$","E","?","E","M","R","BOSS","M","?","M","?","?","R","E","M","T","E","M","R","E","M","R","BOSS","M","M","M","$","M","R","E","?","T","E","R","?","R","E","R","BOSS","BOSS","R","$","E","BOSS"],"items_purchased_type":["Card","Relic","Relic","Relic","Relic"],"build_version":"2020-12-13","purchased_purges":8,"victory":true,"max_hp_per_floor":[75,75,75,75,75,75,75,75,75,75,75,75,75,75,75,75,75,75,75,75,75,75,75,75,75,75,75,75,75,75,75,75,80,80,80,80,80,80,104,104,104,104,104,104,104,104,104,104,104,104,104,104,104,104,104,104],"card_choices":[{"not_picked":["Armaments","Reckless Charge"],"picked":"Power Through","floor":1.0},{"not_picked":["Pommel Strike","Shrug It Off","Disarm"],"picked":"Uppercut","floor":2.0},{"not_picked":["Entrench","Evolve","Pommel Strike"],"picked":"Body Slam","floor":4.0},{"not_picked":["Blood for Blood","Armaments","Burning Pact"],"picked":"Bloodletting","floor":7.0},{"not_picked":["Flex","Headbutt","Metallicize","Flame Barrier"],"picked":"SKIP","floor":11.0},{"not_picked":["AT_BodySlamDance","Clash","Limit Break","True Grit","Infernal Blade"],"picked":"SKIP","floor":13.0},{"not_picked":["MostiFishMod:BrandingRite","Warcry","Headbutt","Metallicize"],"picked":"Battle Trance","floor":14.0},{"not_picked":["Rupture","Pummel","Fire Breathing","AT_BodySlamDance"],"picked":"Burning Pact","floor":18.0},{"not_picked":["Body Slam","AT_BodySlamDance","Heavy Blade","Iron Wave+1","Bloodletting"],"picked":"SKIP","floor":20.0},{"not_picked":["Dropkick","Anger","Double Tap","Intimidate"],"picked":"Feel No Pain","floor":24.0},{"not_picked":["Flex","Reckless Charge","Fire Breathing","Hemokinesis","Anger"],"picked":"SKIP","floor":25.0},{"not_picked":["AT_IchimonjiDouble","Pommel Strike","Bloodletting","Twin Strike","Sword Boomerang"],"picked":"SKIP","floor":27.0},{"not_picked":["Entrench+1","Dual Wield","Ghostly Armor","Perfected Strike"],"picked":"Second Wind","floor":28.0},{"not_picked":["MostiFishMod:BrandingRite","Warcry","Sword Boomerang+1","Intimidate","Havoc"],"picked":"SKIP","floor":30.0},{"not_picked":["Sword Boomerang","True Grit","Wild Strike","Spot Weakness","Cleave"],"picked":"SKIP","floor":31.0},{"not_picked":["MostiFishMod:PerfectStrikeMKII","MostiFishMod:ChineseTea","Exhume","MostiFishMod:NewArrival"],"picked":"MostiFishMod:NeverNightCountry","floor":33.0},{"not_picked":["Pommel Strike+1","Iron Wave","Blood for Blood","Shockwave","Perfected Strike+1"],"picked":"SKIP","floor":35.0},{"not_picked":["Hemokinesis","Wild Strike","AT_ShrugMaster","Perfected Strike","Pommel Strike"],"picked":"SKIP","floor":36.0},{"not_picked":["Body Slam","Double Tap","AT_BodySlamDance","Wild Strike","Intimidate"],"picked":"SKIP","floor":37.0},{"not_picked":["Pummel+1","Havoc+1","Battle Trance","Clothesline+1","Feel No Pain"],"picked":"SKIP","floor":39.0},{"not_picked":["Anger+1","Perfected Strike+1","Power Through","AT_IchimonjiDouble","Battle Trance"],"picked":"SKIP","floor":41.0},{"not_picked":["Iron Wave","Seeing Red","Sword Boomerang","Cleave","Bloodletting+1"],"picked":"SKIP","floor":44},{"not_picked":["AT_CaressingTears","Burning Pact","Seeing Red+1","Cleave","Blood for Blood"],"picked":"SKIP","floor":48},{"not_picked":["Battle Trance","True Grit","Headbutt","MostiFishMod:BrandingRite+1","Warcry"],"picked":"SKIP","floor":55}],"player_experience":645570,"relics_obtained":[{"floor":1.0,"key":"Question Card"},{"floor":7.0,"key":"Juzu Bracelet"},{"floor":11.0,"key":"Question Card"},{"floor":13.0,"key":"Matryoshka"},{"floor":16.0,"key":"ImportantClient"},{"floor":24.0,"key":"Blood Vial"},{"floor":26.0,"key":"AT_BladeRuinedKing"},{"floor":26.0,"key":"AT_ArchangelStaff"},{"floor":27.0,"key":"StrikeDummy"},{"floor":30.0,"key":"testmod-Antiphasic"},{"floor":41.0,"key":"testmod-Justice"},{"floor":43.0,"key":"War Paint"},{"floor":43.0,"key":"PreservedInsect"},{"floor":44,"key":"testmod-IndustrialRevolution"},{"floor":48,"key":"Pen Nib"},{"floor":55,"key":"Bronze Scales"}],"event_choices":[{"damage_healed":0.0,"max_hp_gain":0.0,"max_hp_loss":0.0,"gold_gain":400.0,"event_name":"¶÷ÂåË¹µÄÅÌ×Ó","player_choice":"Sell","floor":3.0,"relics_lost":["testmod-TestBox"],"gold_loss":0.0,"damage_taken":0.0},{"damage_healed":0.0,"max_hp_gain":0.0,"max_hp_loss":0.0,"gold_gain":0.0,"event_name":"WeMeetAgain","player_choice":"Gave Potion","floor":12.0,"gold_loss":0.0,"damage_taken":0.0,"relics_obtained":["Anchor"]},{"damage_healed":0.0,"max_hp_gain":0.0,"max_hp_loss":0.0,"gold_gain":50.0,"event_name":"betterThird:BetterNest","player_choice":"Steal","floor":19.0,"gold_loss":0.0,"damage_taken":0.0},{"damage_healed":0.0,"max_hp_gain":0.0,"max_hp_loss":0.0,"gold_gain":0.0,"event_name":"Lab","player_choice":"Got Potions","floor":21.0,"gold_loss":0.0,"damage_taken":0.0},{"damage_healed":0.0,"max_hp_gain":0.0,"max_hp_loss":0.0,"gold_gain":0.0,"cards_transformed":["Uppercut","Defend_R"],"event_name":"Drug Dealer","player_choice":"Became Test Subject","floor":22.0,"gold_loss":0.0,"damage_taken":0.0,"cards_obtained":["MostiFishMod:CullingBlade","Berserk"]},{"damage_healed":0.0,"max_hp_gain":0.0,"max_hp_loss":0.0,"gold_gain":0.0,"event_name":"SensoryStone","player_choice":"Memory 1","floor":42.0,"gold_loss":0.0,"damage_taken":0.0},{"damage_healed":0,"gold_gain":0,"player_choice":"Embrace Madness","damage_taken":19,"max_hp_gain":0,"max_hp_loss":0,"event_name":"Winding Halls","floor":46,"gold_loss":0,"cards_obtained":["Madness","Madness"]}],"is_beta":false,"boss_relics":[{"not_picked":["DiscerningMonocle","testmod-Fanaticism"],"picked":"xbg"},{"not_picked":["TimeKeys","MostiFishMod:Hod"],"picked":"Sozu"}],"items_purged_floors":[5,5,10,10,38,38,54,54],"is_endless":false,"potions_floor_spawned":[4,7,13,24,25,27,31,37,39,44],"ascension_level":20}}