{"host":"mp3zbolja7t2zuvr","time":1608606453,"event":{"mods":["AchievementEnabler","BaseMod","Curses Come First","Marked Mod","Minty Spire (QoL Compilation)","Permanent Neow","Relic Stats","StSLib","Synergy Search"],"gold_per_floor":[117,117,135,66,76,108,126,141,165,181,194,194,214,248,248,349,349,363,363,377,153,153,182,182,201,201,201,46,74,74,74,74,171,171,186,37,47,59,9,9,37,37,37,57,77,111,71,82,82,82,82],"floor_reached":50,"playtime":2504,"items_purged":["Strike_P","Eruption+1"],"score":554,"play_id":"04e310ba-2fb6-4cff-baf5-c5283cb7a89c","local_time":"20201221220733","is_ascension_mode":false,"campfire_choices":[{"data":"Wallop","floor":12.0,"key":"SMITH"},{"floor":15.0,"key":"REST"},{"data":"MarkedMod:GracefulMovements","floor":24.0,"key":"SMITH"},{"data":"MarkedMod:NorthStar","floor":27.0,"key":"SMITH"},{"floor":30.0,"key":"REST"},{"data":"PathToVictory","floor":32.0,"key":"SMITH"},{"data":"Wireheading","floor":40.0,"key":"SMITH"},{"floor":42.0,"key":"REST"},{"floor":49.0,"key":"REST"}],"circlet_count":0,"master_deck":["Defend_P","Defend_P+1","Defend_P+1","Defend_P","Vigilance","FlurryOfBlows+1","Halt","Wireheading+1","ThirdEye","CutThroughFate+1","MarkedMod:GracefulMovements+1","Wallop","Wallop+1","FearNoEvil","MarkedMod:NorthStar+1","MarkedMod:PinPointDefense+1","PathToVictory+1","Perseverance+1","CutThroughFate+1","SandsOfTime+1","CutThroughFate+1","Swivel+1","TalkToTheHand","Nirvana","ThirdEye+1","DevaForm"],"relics":["Runic Pyramid","Whetstone","Vajra","Orichalcum","Velvet Choker","MutagenicStrength","Chemical X","War Paint","Membership Card","Ancient Tea Set","Astrolabe","OrangePellets","Ginger","The Courier","Damaru"],"acts_visited":["Exordium","TheCity","TheBeyond"],"potions_floor_usage":[50],"damage_taken":[{"damage":0.0,"enemies":"Cultist","floor":1.0,"turns":3.0},{"damage":1.0,"enemies":"Jaw Worm","floor":3.0,"turns":3.0},{"damage":1.0,"enemies":"2 Louse","floor":5.0,"turns":3.0},{"damage":13.0,"enemies":"3 Sentries","floor":6.0,"turns":8.0},{"damage":3.0,"enemies":"Red Slaver","floor":7.0,"turns":4.0},{"damage":8.0,"enemies":"3 Louse","floor":8.0,"turns":3.0},{"damage":11.0,"enemies":"Lots of Slimes","floor":10.0,"turns":4.0},{"damage":0.0,"enemies":"Looter","floor":11.0,"turns":2.0},{"damage":15.0,"enemies":"Exordium Wildlife","floor":13.0,"turns":3.0},{"damage":4.0,"enemies":"Lagavulin","floor":14.0,"turns":5.0},{"damage":4.0,"enemies":"Hexaghost","floor":16.0,"turns":7.0},{"damage":12.0,"enemies":"2 Thieves","floor":18.0,"turns":3.0},{"damage":0.0,"enemies":"3 Byrds","floor":20.0,"turns":3.0},{"damage":20.0,"enemies":"Gremlin Leader","floor":23.0,"turns":6.0},{"damage":7.0,"enemies":"3 Cultists","floor":25.0,"turns":5.0},{"damage":21.0,"enemies":"Slavers","floor":29.0,"turns":4.0},{"damage":25.0,"enemies":"Collector","floor":33.0,"turns":5.0},{"damage":0.0,"enemies":"Orb Walker","floor":35.0,"turns":3.0},{"damage":22.0,"enemies":"3 Darklings","floor":37.0,"turns":4.0},{"damage":0.0,"enemies":"Transient","floor":38.0,"turns":5.0},{"damage":54.0,"enemies":"Reptomancer","floor":41.0,"turns":8.0},{"damage":14.0,"enemies":"Spire Growth","floor":44.0,"turns":5.0},{"damage":11.0,"enemies":"4 Shapes","floor":45.0,"turns":5.0},{"damage":6.0,"enemies":"Giant Head","floor":46.0,"turns":7.0},{"damage":0.0,"enemies":"Sphere and 2 Shapes","floor":48.0,"turns":6.0},{"damage":36,"enemies":"Awakened One","floor":50,"turns":2}],"seed_played":"613609687539270252","potions_obtained":[{"floor":1.0,"key":"FearPotion"},{"floor":6.0,"key":"SneckoOil"},{"floor":11.0,"key":"Explosive Potion"},{"floor":29.0,"key":"Regen Potion"},{"floor":46.0,"key":"BottledMiracle"},{"floor":48.0,"key":"BottledMiracle"}],"is_trial":false,"path_per_floor":["M","?","M","$","M","E","M","M","T","M","M","R","M","E","R","B",null,"M","?","M","$","?","E","R","M","T","R","$","E","R","?","R","B",null,"M","$","M","M","$","R","E","R","T","M","M","E","?","M","R","B"],"character_chosen":"WATCHER","items_purchased":["Wireheading","Chemical X","Membership Card","OrangePellets","TalkToTheHand","Nirvana"],"campfire_rested":4,"item_purchase_floors":[4,21,28,36,36,36],"current_hp_per_floor":[72,77,76,76,75,62,59,51,51,40,40,40,25,21,44,40,77,65,65,65,65,65,45,45,38,38,38,38,17,40,40,40,15,77,77,77,55,70,70,70,16,39,39,25,14,8,8,8,31,0,0],"gold":82,"neow_bonus":"BOSS_RELIC","is_daily":false,"chose_seed":false,"campfire_upgraded":5,"win_rate":0.0,"timestamp":1608606453,"path_taken":["M","?","M","$","M","E","M","M","T","M","M","R","M","E","R","BOSS","M","?","M","$","?","E","R","M","T","R","$","E","R","?","R","BOSS","M","$","M","M","?","R","E","R","T","M","M","E","?","?","R","BOSS"],"items_purchased_type":["Card","Relic","Relic","Relic","Card","Card"],"build_version":"2020-12-13","purchased_purges":2,"victory":false,"max_hp_per_floor":[72,77,77,77,77,77,77,77,77,77,77,77,77,77,77,77,77,77,77,77,77,77,77,77,77,77,77,77,77,77,77,77,77,77,77,77,77,77,77,77,77,77,77,77,77,77,77,77,77,77,77],"relic_stats":{"OrangePellets":[9],"counters":[26,116],"Astrolabe":["SandsOfTime","CutThroughFate","Swivel"],"Whetstone":["FlurryOfBlows","Eruption"],"Chemical X":[1],"Ginger":[1],"Orichalcum":[12],"War Paint":["Defend_P","Defend_P"],"obtain_stats":[{"Astrolabe":34,"Vajra":9,"Velvet Choker":17,"Damaru":46,"The Courier":43,"Whetstone":6,"Ginger":41,"Orichalcum":14,"War Paint":23,"Ancient Tea Set":29,"OrangePellets":36,"MutagenicStrength":19,"Chemical X":21,"Membership Card":28,"PureWater":0,"Runic Pyramid":0},{"Astrolabe":17,"Vajra":6,"Velvet Choker":11,"Damaru":24,"The Courier":21,"Whetstone":4,"Ginger":21,"Orichalcum":10,"War Paint":14,"Ancient Tea Set":16,"OrangePellets":18,"MutagenicStrength":12,"Chemical X":13,"Membership Card":15,"PureWater":0,"Runic Pyramid":0},{"Astrolabe":71,"Vajra":24,"Velvet Choker":45,"Damaru":108,"The Courier":91,"Whetstone":17,"Ginger":91,"Orichalcum":38,"War Paint":57,"Ancient Tea Set":66,"OrangePellets":74,"MutagenicStrength":48,"Chemical X":51,"Membership Card":62,"PureWater":0,"Runic Pyramid":0}]},"card_choices":[{"not_picked":["Worship","ReachHeaven"],"picked":"FlurryOfBlows","floor":1.0},{"not_picked":["ClearTheMind","JustLucky"],"picked":"Halt","floor":3.0},{"not_picked":["Vengeance","Protect"],"picked":"ThirdEye","floor":5.0},{"not_picked":["ConjureBlade","Wireheading"],"picked":"CutThroughFate","floor":6.0},{"not_picked":["ForeignInfluence","Prostrate"],"picked":"Crescendo","floor":7.0},{"not_picked":["Perseverance","JustLucky"],"picked":"MarkedMod:GracefulMovements","floor":8.0},{"not_picked":["CutThroughFate","FlurryOfBlows"],"picked":"Wallop","floor":10.0},{"not_picked":["CrushJoints","MarkedMod:GentlePulse"],"picked":"Wallop","floor":11.0},{"not_picked":["FlyingSleeves","Evaluate","ForeignInfluence"],"picked":"SKIP","floor":13.0},{"not_picked":["Devotion","Wish"],"picked":"FearNoEvil","floor":14.0},{"not_picked":["Judgement","DevaForm"],"picked":"MarkedMod:NorthStar","floor":16.0},{"not_picked":["Halt","FlurryOfBlows+1"],"picked":"MarkedMod:PinPointDefense+1","floor":18.0},{"not_picked":["BowlingBash","FollowUp","Fasting2"],"picked":"SKIP","floor":20.0},{"not_picked":["Tantrum","ThirdEye"],"picked":"Perseverance+1","floor":23.0},{"not_picked":["BattleHymn","Tantrum"],"picked":"CutThroughFate","floor":25.0},{"not_picked":["SignatureMove","Sanctity","Collect+1"],"picked":"SKIP","floor":29.0},{"not_picked":["Indignation","WheelKick","MarkedMod:GracefulMovements"],"picked":"SKIP","floor":35.0},{"not_picked":["Evaluate+1","BattleHymn"],"picked":"ThirdEye+1","floor":37.0},{"not_picked":["EmptyFist+1","SashWhip","JustLucky"],"picked":"SKIP","floor":38.0},{"not_picked":["Consecrate","Study+1","Halt"],"picked":"SKIP","floor":41.0},{"not_picked":["Fasting2","Evaluate","SashWhip+1"],"picked":"SKIP","floor":44.0},{"not_picked":["SashWhip+1","Meditate+1","BattleHymn+1"],"picked":"SKIP","floor":45.0},{"not_picked":["EmptyBody+1","Weave"],"picked":"DevaForm","floor":46.0},{"not_picked":["Prostrate","Evaluate+1","InnerPeace"],"picked":"SKIP","floor":48.0}],"player_experience":109698,"relics_obtained":[{"floor":6.0,"key":"Whetstone"},{"floor":9.0,"key":"Vajra"},{"floor":14.0,"key":"Orichalcum"},{"floor":23.0,"key":"War Paint"},{"floor":29.0,"key":"Ancient Tea Set"},{"floor":41.0,"key":"Ginger"},{"floor":43.0,"key":"The Courier"},{"floor":46.0,"key":"Damaru"}],"event_choices":[{"damage_healed":0.0,"max_hp_gain":5.0,"max_hp_loss":0.0,"gold_gain":0.0,"event_name":"Big Fish","player_choice":"Donut","floor":2.0,"gold_loss":0.0,"damage_taken":0.0},{"damage_healed":0.0,"max_hp_gain":0.0,"max_hp_loss":0.0,"gold_gain":0.0,"event_name":"Drug Dealer","player_choice":"Inject Mutagens","floor":19.0,"gold_loss":0.0,"damage_taken":0.0,"relics_obtained":["MutagenicStrength"]},{"damage_healed":0.0,"max_hp_gain":0.0,"max_hp_loss":0.0,"gold_gain":0.0,"event_name":"The Library","player_choice":"Read","floor":22.0,"gold_loss":0.0,"damage_taken":0.0,"cards_obtained":["PathToVictory"]},{"cards_removed":["Crescendo"],"damage_healed":0.0,"max_hp_gain":0.0,"max_hp_loss":0.0,"gold_gain":0.0,"event_name":"Purifier","player_choice":"Purged","floor":31.0,"gold_loss":0.0,"damage_taken":0.0},{"damage_healed":0.0,"max_hp_gain":0.0,"max_hp_loss":0.0,"gold_gain":0.0,"event_name":"Designer","player_choice":"Upgraded Two","floor":47.0,"gold_loss":40.0,"damage_taken":0.0,"cards_upgraded":["CutThroughFate","CutThroughFate"]}],"is_beta":false,"boss_relics":[{"not_picked":["Cursed Key","Runic Dome"],"picked":"Velvet Choker"},{"not_picked":["Philosopher\u0027s Stone","Snecko Eye"],"picked":"Astrolabe"}],"items_purged_floors":[21,39],"is_endless":false,"potions_floor_spawned":[1,6,11,13,14,18,29,35,37,46,48],"killed_by":"Awakened One","ascension_level":0}}