{"host":"esx1hwjnbftf3eqj","time":1608607387,"event":{"mods":["BaseMod","Colored Map","Minty Spire (QoL Compilation)","StSLib","The Jungle"],"gold_per_floor":[115,129,62,79,79,79,4,4,54,86,86,96,96,127,127,232,232,245,258,258,278,228,228,261,110,137,148,180,180,207,220,220,325,325,336,336,348,348,360,385,385,414,438,458,458,476,351,28,28,28],"floor_reached":51,"playtime":10881,"items_purged":["Strike_R","Strike_R","Strike_R+1","Strike_R+1"],"score":1422,"play_id":"3092c4cd-fb5c-400f-b3cf-7a6c685a7a62","local_time":"20201221192307","is_ascension_mode":true,"campfire_choices":[{"data":"Searing Blow","floor":6,"key":"SMITH"},{"data":"Searing Blow+1","floor":8,"key":"SMITH"},{"data":"Searing Blow+2","floor":11,"key":"SMITH"},{"data":"Entrench","floor":13,"key":"SMITH"},{"data":"Seeing Red","floor":15,"key":"SMITH"},{"data":"Barricade","floor":23,"key":"SMITH"},{"data":"Armaments","floor":29,"key":"SMITH"},{"data":"Searing Blow+3","floor":32,"key":"SMITH"},{"data":"Warcry","floor":41,"key":"SMITH"},{"data":"Searing Blow+5","floor":49,"key":"SMITH"}],"circlet_count":0,"master_deck":["Strike_R+1","Defend_R+1","Defend_R+1","Defend_R+1","Defend_R+1","Bash+1","Warcry+1","Searing Blow+6","Flame Barrier+1","Inflame+1","Thunderclap+1","Entrench+1","Seeing Red+1","Barricade+1","Warcry+1","Entrench+1","Ghostly+1","Ghostly+1","Ghostly+1","Ghostly+1","Ghostly+1","Cleave+1","Reaper+1","Armaments+1","Armaments+1","Offering+1","Whirlwind+1","Demon Form+1","Heavy Blade+1","Flame Barrier+1","Warcry+1","Parasite","Whirlwind+1","Master of Strategy"],"relics":["Burning Blood","Pocketwatch","White Beast Statue","Happy Flower","StoneCalendar","Orichalcum","Coffee Dripper","Akabeko","Red Skull","Incense Burner","Singing Bowl","SlaversCollar","Potion Belt","Molten Egg 2","Bronze Scales","Mark of the Bloom"],"acts_visited":["Exordium","TheCity","TheBeyond"],"potions_floor_usage":[10,27,50,50,50,50],"damage_taken":[{"damage":7,"enemies":"Small Slimes","floor":1,"turns":5},{"damage":4,"enemies":"Jaw Worm","floor":2,"turns":4},{"damage":1,"enemies":"2 Louse","floor":4,"turns":4},{"damage":6,"enemies":"Gremlin Nob","floor":10,"turns":3},{"damage":16,"enemies":"Gremlin Gang","floor":12,"turns":4},{"damage":0,"enemies":"Lagavulin","floor":14,"turns":6},{"damage":6,"enemies":"Slime Boss","floor":16,"turns":6},{"damage":31,"enemies":"2 Thieves","floor":18,"turns":5},{"damage":3,"enemies":"3 Byrds","floor":19,"turns":3},{"damage":0,"enemies":"Snake Plant","floor":21,"turns":6},{"damage":0,"enemies":"Book of Stabbing","floor":24,"turns":7},{"damage":0,"enemies":"Centurion and Healer","floor":27,"turns":6},{"damage":0,"enemies":"Gremlin Leader","floor":28,"turns":7},{"damage":6,"enemies":"Book of Stabbing","floor":30,"turns":7},{"damage":0,"enemies":"Sentry and Sphere","floor":31,"turns":7},{"damage":1,"enemies":"Automaton","floor":33,"turns":10},{"damage":17,"enemies":"3 Shapes","floor":35,"turns":6},{"damage":0,"enemies":"3 Darklings","floor":37,"turns":2},{"damage":6,"enemies":"4 Shapes","floor":39,"turns":6},{"damage":0,"enemies":"Reptomancer","floor":40,"turns":5},{"damage":0,"enemies":"Nemesis","floor":42,"turns":9},{"damage":0,"enemies":"Writhing Mass","floor":44,"turns":6},{"damage":0,"enemies":"3 Darklings","floor":46,"turns":4},{"damage":1,"enemies":"Donu and Deca","floor":50,"turns":7}],"seed_played":"-978217934874453659","potions_obtained":[{"floor":1,"key":"GamblersBrew"},{"floor":2,"key":"FearPotion"},{"floor":10,"key":"Dexterity Potion"},{"floor":12,"key":"Block Potion"},{"floor":14,"key":"Regen Potion"},{"floor":16,"key":"Weak Potion"},{"floor":27,"key":"SpeedPotion"},{"floor":28,"key":"SpeedPotion"},{"floor":37,"key":"Energy Potion"},{"floor":39,"key":"Block Potion"},{"floor":40,"key":"GamblersBrew"},{"floor":42,"key":"Block Potion"},{"floor":46,"key":"Block Potion"}],"is_trial":false,"path_per_floor":["M","M","$","M","?","R","$","R","T","E","R","M","R","E","R","B",null,"M","M","?","M","?","R","E","$","T","M","E","R","E","M","R","B",null,"M","?","M","?","M","E","R","E","T","M","?","M","$","$","R","B",null],"character_chosen":"IRONCLAD","items_purchased":["Flame Barrier","Armaments","Master of Strategy"],"campfire_rested":0,"item_purchase_floors":[3,25,48],"current_hp_per_floor":[50,52,52,57,54,54,54,54,54,54,54,44,44,50,50,50,73,48,51,40,40,40,40,40,40,40,40,40,40,42,42,42,42,42,42,42,44,44,46,46,46,46,46,46,46,46,46,46,46,45],"gold":28,"neow_bonus":"ONE_RARE_RELIC","is_daily":false,"chose_seed":false,"campfire_upgraded":10,"win_rate":0.0,"timestamp":1608607387,"path_taken":["M","M","$","M","?","R","$","R","T","E","R","M","R","E","R","BOSS","M","M","?","M","?","R","E","$","T","M","E","R","E","?","R","BOSS","M","?","M","?","M","E","R","E","T","?","?","M","?","$","R","BOSS"],"items_purchased_type":["Card","Card","Card"],"build_version":"2020-12-13","purchased_purges":4,"victory":true,"max_hp_per_floor":[80,80,80,80,80,80,80,80,80,80,80,80,80,80,80,80,80,80,80,40,40,40,40,40,40,40,40,40,40,42,42,42,42,42,42,42,44,44,46,46,46,46,46,46,46,48,48,48,48,48],"card_choices":[{"not_picked":["Fire Breathing","Rupture"],"picked":"Warcry","floor":1},{"not_picked":["Perfected Strike","Havoc"],"picked":"Searing Blow","floor":2},{"not_picked":["Pommel Strike","Wild Strike"],"picked":"Inflame","floor":4},{"not_picked":["Wild Strike","Heavy Blade"],"picked":"Thunderclap","floor":10},{"not_picked":["Ghostly Armor","Power Through"],"picked":"Entrench","floor":12},{"not_picked":["Immolate","Power Through"],"picked":"Seeing Red","floor":14},{"not_picked":["Limit Break","Feed"],"picked":"Barricade","floor":16},{"not_picked":["Anger","Sword Boomerang"],"picked":"Warcry+1","floor":18},{"not_picked":["Intimidate","Fire Breathing"],"picked":"Entrench+1","floor":19},{"not_picked":["Clash","Dropkick"],"picked":"Cleave","floor":21},{"not_picked":["Shockwave+1","Ghostly Armor"],"picked":"Reaper","floor":24},{"not_picked":["Ghostly Armor","Iron Wave+1"],"picked":"Armaments+1","floor":27},{"not_picked":["Thunderclap","Searing Blow"],"picked":"Offering","floor":28},{"not_picked":["Reckless Charge","Warcry","Intimidate"],"picked":"Singing Bowl","floor":30},{"not_picked":["Inflame+1","Seeing Red"],"picked":"Whirlwind+1","floor":31},{"not_picked":["Juggernaut","Corruption"],"picked":"Demon Form","floor":33},{"not_picked":["Body Slam","Burning Pact+1"],"picked":"Heavy Blade+1","floor":35},{"not_picked":["Perfected Strike+1","Flex+1","Iron Wave+1"],"picked":"Singing Bowl","floor":37},{"not_picked":["Havoc","Iron Wave","Sword Boomerang+1"],"picked":"Singing Bowl","floor":39},{"not_picked":["Dark Embrace","Anger"],"picked":"Flame Barrier","floor":40},{"not_picked":["Corruption","Headbutt+1"],"picked":"Warcry+1","floor":42},{"not_picked":["Thunderclap+1","Shrug It Off"],"picked":"Whirlwind+1","floor":44},{"not_picked":["Sword Boomerang+1","Carnage+1","Metallicize"],"picked":"Singing Bowl","floor":46}],"player_experience":568275,"relics_obtained":[{"floor":9,"key":"Happy Flower"},{"floor":10,"key":"StoneCalendar"},{"floor":14,"key":"Orichalcum"},{"floor":24,"key":"Akabeko"},{"floor":26,"key":"Red Skull"},{"floor":28,"key":"Incense Burner"},{"floor":30,"key":"Singing Bowl"},{"floor":40,"key":"Potion Belt"},{"floor":42,"key":"Molten Egg 2"},{"floor":43,"key":"Bronze Scales"}],"event_choices":[{"damage_healed":0,"gold_gain":0,"player_choice":"Success","damage_taken":3,"relics_obtained":["White Beast Statue"],"max_hp_gain":0,"max_hp_loss":0,"event_name":"Scrap Ooze","floor":5,"gold_loss":0},{"damage_healed":0,"gold_gain":0,"player_choice":"Became a Ghost","damage_taken":0,"max_hp_gain":0,"max_hp_loss":40,"event_name":"Ghosts","floor":20,"gold_loss":0,"cards_obtained":["Ghostly","Ghostly","Ghostly","Ghostly","Ghostly"]},{"damage_healed":0,"gold_gain":0,"player_choice":"Bet on Owner","damage_taken":0,"max_hp_gain":0,"max_hp_loss":0,"event_name":"The Joust","floor":22,"gold_loss":50},{"damage_healed":0,"gold_gain":0,"player_choice":"Ignored","damage_taken":0,"max_hp_gain":0,"max_hp_loss":0,"event_name":"Tomb of Lord Red Mask","floor":36,"gold_loss":0},{"damage_healed":0,"gold_gain":0,"player_choice":"Forge","damage_taken":0,"max_hp_gain":0,"max_hp_loss":0,"event_name":"Accursed Blacksmith","floor":38,"gold_loss":0,"cards_upgraded":["Demon Form"]},{"damage_healed":0,"gold_gain":0,"player_choice":"Upgrade","damage_taken":0,"relics_obtained":["Mark of the Bloom"],"max_hp_gain":0,"max_hp_loss":0,"event_name":"MindBloom","floor":45,"gold_loss":0,"cards_upgraded":["Strike_R","Strike_R","Strike_R","Defend_R","Defend_R","Defend_R","Defend_R","Bash","Searing Blow","Flame Barrier","Inflame","Thunderclap","Ghostly","Ghostly","Ghostly","Ghostly","Ghostly","Cleave","Reaper","Offering","Flame Barrier"]}],"is_beta":false,"boss_relics":[{"not_picked":["Sozu","Pandora\u0027s Box"],"picked":"Coffee Dripper"},{"not_picked":["SacredBark","Fusion Hammer"],"picked":"SlaversCollar"}],"items_purged_floors":[7,25,47,48],"is_endless":false,"potions_floor_spawned":[1,2,10,12,14,16,18,19,21,24,27,28,30,31,33,35,37,39,40,42,44,46],"ascension_level":8}}