{"host":"sa7ebub27cgn5wai","time":1608634942,"event":{"mods":["BaseMod","Colored Map","Minty Spire (QoL Compilation)","SuperFastMode"],"gold_per_floor":[99,99,99,99,99,99,99,99,99,99,69,69,69,69,69,69,69,69,69,69,69,69,69,69,69,69,69,69,69,69,69,69,69,69,69,69,69,69,69,69,69,69,69],"floor_reached":42,"playtime":1298,"items_purged":[],"score":663,"play_id":"989599c4-7a12-4057-a6a2-22c3edee3146","local_time":"20201222200222","is_ascension_mode":true,"campfire_choices":[{"data":"Blade Dance","floor":6,"key":"SMITH"},{"data":"Footwork","floor":8,"key":"SMITH"},{"data":"Neutralize","floor":10,"key":"SMITH"},{"data":"Bane","floor":13,"key":"SMITH"},{"data":"Quick Slash","floor":15,"key":"SMITH"},{"floor":23,"key":"REST"},{"floor":28,"key":"REST"},{"floor":32,"key":"REST"},{"floor":41,"key":"REST"}],"circlet_count":0,"master_deck":["Survivor","Neutralize+1","Footwork+1","Blade Dance+1","Poisoned Stab","Bane+1","Blur","Quick Slash+1","Corpse Explosion","CurseOfTheBell","Reflex+1","Dagger Throw+1","Blade Dance","Catalyst","Blade Dance","Terror","Grand Finale","Distraction","Glass Knife","Blur","Poisoned Stab","Bullet Time","Catalyst","Deadly Poison","Outmaneuver","Phantasmal Killer","Envenom","Prepared+1"],"relics":["Ectoplasm","Bag of Preparation","The Courier","Pear","Mummified Hand","Calling Bell","Juzu Bracelet","Ornamental Fan","Ginger","War Paint","Singing Bowl","Gambling Chip","Pandora\u0027s Box"],"acts_visited":["Exordium","TheCity","TheBeyond"],"potions_floor_usage":[7,7,21,29,33,33,33,40,40],"damage_taken":[{"damage":0,"enemies":"Small Slimes","floor":1,"turns":5},{"damage":2,"enemies":"Jaw Worm","floor":2,"turns":4},{"damage":0,"enemies":"2 Louse","floor":4,"turns":2},{"damage":5,"enemies":"Lagavulin","floor":7,"turns":5},{"damage":5,"enemies":"Exordium Thugs","floor":11,"turns":4},{"damage":0,"enemies":"Exordium Wildlife","floor":12,"turns":2},{"damage":14,"enemies":"Gremlin Nob","floor":14,"turns":4},{"damage":1,"enemies":"Hexaghost","floor":16,"turns":11},{"damage":4,"enemies":"3 Byrds","floor":18,"turns":2},{"damage":12,"enemies":"Spheric Guardian","floor":19,"turns":4},{"damage":8,"enemies":"Snake Plant","floor":20,"turns":4},{"damage":13,"enemies":"3 Cultists","floor":21,"turns":4},{"damage":23,"enemies":"Book of Stabbing","floor":24,"turns":7},{"damage":2,"enemies":"Chosen and Byrds","floor":25,"turns":5},{"damage":6,"enemies":"Cultist and Chosen","floor":27,"turns":8},{"damage":9,"enemies":"Gremlin Leader","floor":29,"turns":7},{"damage":19,"enemies":"Snecko","floor":30,"turns":5},{"damage":18,"enemies":"Snake Plant","floor":31,"turns":3},{"damage":16,"enemies":"Collector","floor":33,"turns":4},{"damage":13,"enemies":"3 Darklings","floor":35,"turns":2},{"damage":14,"enemies":"3 Shapes","floor":37,"turns":3},{"damage":0,"enemies":"Jaw Worm Horde","floor":38,"turns":2},{"damage":28,"enemies":"3 Darklings","floor":39,"turns":3},{"damage":16,"enemies":"Writhing Mass","floor":40,"turns":3},{"damage":37,"enemies":"Sphere and 2 Shapes","floor":42,"turns":6}],"seed_played":"4024589624312586445","potions_obtained":[{"floor":1,"key":"DuplicationPotion"},{"floor":4,"key":"DuplicationPotion"},{"floor":11,"key":"Fire Potion"},{"floor":24,"key":"Strength Potion"},{"floor":25,"key":"AttackPotion"},{"floor":29,"key":"FearPotion"},{"floor":30,"key":"SteroidPotion"},{"floor":33,"key":"SpeedPotion"},{"floor":38,"key":"AttackPotion"},{"floor":39,"key":"AttackPotion"}],"is_trial":false,"path_per_floor":["M","M","?","M","?","R","E","R","T","R","M","M","R","E","R","B",null,"M","M","M","M","?","R","E","M","T","M","R","E","M","M","R","B",null,"M","?","M","M","M","M","R","M"],"character_chosen":"THE_SILENT","items_purchased":[],"campfire_rested":4,"item_purchase_floors":[],"current_hp_per_floor":[63,61,61,61,58,58,53,53,63,63,58,58,58,44,44,43,71,67,55,47,34,34,58,35,33,33,29,53,44,25,9,34,20,70,59,59,47,47,19,5,32,0,0],"gold":69,"neow_bonus":"BOSS_RELIC","is_daily":false,"chose_seed":false,"campfire_upgraded":5,"win_rate":0.0,"timestamp":1608634942,"path_taken":["M","M","?","M","?","R","E","R","T","R","M","M","R","E","R","BOSS","M","M","M","M","?","R","E","M","T","M","R","E","M","M","R","BOSS","M","?","M","M","M","M","R","M"],"items_purchased_type":[],"build_version":"2020-12-13","purchased_purges":0,"victory":false,"max_hp_per_floor":[70,70,70,70,70,70,70,70,80,80,80,80,80,80,80,80,80,80,80,80,80,80,80,80,80,80,82,82,82,82,84,84,86,86,88,88,90,90,90,92,92,92,92],"card_choices":[{"not_picked":["Deadly Poison","Deflect"],"picked":"Footwork","floor":1},{"not_picked":["Acrobatics","Dagger Throw"],"picked":"Blade Dance","floor":2},{"not_picked":["Outmaneuver","Underhanded Strike"],"picked":"Poisoned Stab","floor":4},{"not_picked":["Poisoned Stab","Night Terror","Calculated Gamble"],"picked":"SKIP","floor":7},{"not_picked":["Concentrate","Poisoned Stab"],"picked":"Bane","floor":11},{"not_picked":["Heel Hook","Deadly Poison"],"picked":"Blur","floor":12},{"not_picked":["Flying Knee","Expertise"],"picked":"Quick Slash","floor":14},{"not_picked":["Doppelganger","Storm of Steel"],"picked":"Corpse Explosion","floor":16},{"not_picked":["Dagger Throw","Skewer"],"picked":"Reflex+1","floor":18},{"not_picked":["Prepared","A Thousand Cuts"],"picked":"Dagger Throw+1","floor":19},{"not_picked":["Deflect","Quick Slash","Caltrops"],"picked":"SKIP","floor":20},{"not_picked":["Deadly Poison","Quick Slash"],"picked":"Blade Dance","floor":21},{"not_picked":["Sucker Punch","Deadly Poison"],"picked":"Catalyst","floor":24},{"not_picked":["Concentrate","Night Terror"],"picked":"Blade Dance","floor":25},{"not_picked":["Predator","Distraction","Sucker Punch"],"picked":"Singing Bowl","floor":27},{"not_picked":["Calculated Gamble","Dodge and Roll"],"picked":"Terror","floor":29},{"not_picked":["Bane","Underhanded Strike+1"],"picked":"Endless Agony","floor":30},{"not_picked":["Heel Hook","Wraith Form v2","Outmaneuver"],"picked":"Singing Bowl","floor":31},{"not_picked":["A Thousand Cuts","Wraith Form v2","Burst"],"picked":"Singing Bowl","floor":33},{"not_picked":["Deadly Poison","Deflect","Dagger Throw+1"],"picked":"Singing Bowl","floor":35},{"not_picked":["Deflect","Sucker Punch","Prepared"],"picked":"Singing Bowl","floor":37},{"not_picked":["Flying Knee+1","Choke+1"],"picked":"Envenom","floor":38},{"not_picked":["Crippling Poison+1","Underhanded Strike"],"picked":"Prepared+1","floor":39},{"not_picked":["Leg Sweep+1","Slice","Doppelganger"],"picked":"Singing Bowl","floor":40}],"player_experience":261709,"relics_obtained":[{"floor":7,"key":"The Courier"},{"floor":9,"key":"Pear"},{"floor":14,"key":"Mummified Hand"},{"floor":17,"key":"Juzu Bracelet"},{"floor":17,"key":"Ornamental Fan"},{"floor":17,"key":"Ginger"},{"floor":24,"key":"War Paint"},{"floor":26,"key":"Singing Bowl"},{"floor":29,"key":"Gambling Chip"}],"event_choices":[{"damage_healed":0,"gold_gain":0,"player_choice":"Ignored","damage_taken":0,"max_hp_gain":0,"max_hp_loss":0,"event_name":"Liars Game","floor":3,"gold_loss":0},{"damage_healed":0,"gold_gain":0,"player_choice":"Success","damage_taken":3,"relics_obtained":["Bag of Preparation"],"max_hp_gain":0,"max_hp_loss":0,"event_name":"Scrap Ooze","floor":5,"gold_loss":0},{"damage_healed":0,"gold_gain":0,"player_choice":"Ignored","damage_taken":0,"max_hp_gain":0,"max_hp_loss":0,"event_name":"Cursed Tome","floor":22,"gold_loss":0},{"cards_removed":["Endless Agony"],"damage_healed":0,"gold_gain":0,"player_choice":"Removed Attack","damage_taken":0,"max_hp_gain":0,"max_hp_loss":0,"event_name":"Falling","floor":36,"gold_loss":0}],"is_beta":false,"boss_relics":[{"not_picked":["Velvet Choker","Black Star"],"picked":"Calling Bell"},{"not_picked":["Empty Cage","Cursed Key"],"picked":"Pandora\u0027s Box"}],"items_purged_floors":[],"is_endless":false,"potions_floor_spawned":[1,4,11,24,25,29,30,31,33,38,39],"killed_by":"Sphere and 2 Shapes","ascension_level":8}}