{"host":"wonp23fsqqcu31ie","time":1608614626,"event":{"mods":["2.2 Compatiblity","AchievementEnabler","Aspiration","BaseMod","Bestiary","Better Altar","Better Match","Better Sensory Stone","Better Skull","Better Third Choice","BetterRewards","Block Reminder","Colored Map","Colored Powertips","Conspire","DeckTracker","Displayed Cursed Tome","Downfall","Hermit","Highlight Path","Hubris","Minty Spire (QoL Compilation)","Permanent Neow","Quick Restart","Rare Cards Sparkle","Relic Stats","Replay The Spire","Shade Mod","Shop Mod","StSLib","SuperFastMode","The Animator","The Cursed","The Dragon Tamer","The Gatherer","The Necromancer","The Runesmith","The Servant 0.9.4"],"gold_per_floor":[99,99,32,47,147,211,236,305,335,260,310,5,32,82,101,101,101,101],"floor_reached":16,"playtime":550,"items_purged":[],"score":113,"play_id":"d1282b0e-17dd-4822-8083-926a65d5f5ab","local_time":"20201222162346","is_ascension_mode":true,"campfire_choices":[{"floor":1,"key":"RECALL"},{"data":"champ:ShieldThrow","floor":10,"key":"SMITH"}],"circlet_count":0,"master_deck":["champ:Strike+1","champ:Strike","champ:Strike","champ:Strike","champ:Defend","champ:Defend","champ:Defend","champ:Defend","champ:Execute","champ:Taunt","champ:CrookedStrike","champ:BringItOn","champ:FanOfKnives","champ:FaceSlap","champ:EnragedBash","champ:DeathBlow","champ:ShieldThrow+1","champ:CrownThrow","champ:LastStand","champ:IronFortress","champ:EndlessRage"],"relics":["conspire:SpecialSausage","downfall:CloakOfManyFaces","CultistMask","FaceOfCleric","NlothsMask","GremlinMask","SsserpentHead","Omamori","downfall:HeartBlessingRed","MerchantsRug","hexamod:BolsterEngine"],"acts_visited":["Exordium"],"potions_floor_usage":[5,16,16],"damage_taken":[{"damage":15,"enemies":"downfall:FleeingMerchant","floor":3,"turns":4},{"damage":3,"enemies":"Small Slimes","floor":4,"turns":4},{"damage":13,"enemies":"downfall:FaceTrader","floor":5,"turns":6},{"damage":12,"enemies":"Jaw Worm","floor":6,"turns":3},{"damage":6,"enemies":"Cultist","floor":8,"turns":3},{"damage":30,"enemies":"Lagavulin","floor":9,"turns":5},{"damage":2,"enemies":"downfall:FleeingMerchant","floor":12,"turns":4},{"damage":35,"enemies":"3 Sentries","floor":13,"turns":7},{"damage":11,"enemies":"Blue Slaver","floor":15,"turns":3},{"damage":40,"enemies":"downfall:Defect","floor":16,"turns":4}],"seed_played":"1223057940882376477","potions_obtained":[{"floor":4,"key":"FearPotion"},{"floor":13,"key":"Explosive Potion"},{"floor":14,"key":"Adrenaline Potion"},{"floor":14,"key":"champ:OpenerPotion"}],"is_trial":false,"path_per_floor":["R","?","$","M","?","M","T","M","E","R","?","$","E","?","M","B"],"character_chosen":"THE_CHAMP","items_purchased":["champ:BringItOn","MerchantsRug","champ:LastStand"],"campfire_rested":0,"item_purchase_floors":[3,12,12],"current_hp_per_floor":[90,90,85,82,79,73,73,68,52,52,61,62,33,33,33,0,0,0],"gold":101,"neow_bonus":"BOSS_RELIC","is_daily":false,"chose_seed":false,"campfire_upgraded":1,"win_rate":0.0,"timestamp":1608614626,"path_taken":["R","?","$","M","?","?","T","?","E","R","?","$","E","?","M","BOSS"],"items_purchased_type":["Card","Relic","Card"],"build_version":"2020-12-13","purchased_purges":0,"victory":false,"max_hp_per_floor":[90,90,90,90,90,91,91,92,93,93,93,94,95,95,96,96,96,96],"relic_stats":{"SsserpentHead":200,"FaceOfCleric":6,"counters":[10,43],"obtain_stats":[{"SsserpentHead":5,"MerchantsRug":12,"FaceOfCleric":5,"downfall:HeartBlessingRed":10,"champ:ChampionCrown":0,"conspire:SpecialSausage":0,"GremlinMask":5,"CultistMask":5,"downfall:CloakOfManyFaces":5,"Omamori":9,"hexamod:BolsterEngine":13,"NlothsMask":5},{"SsserpentHead":3,"MerchantsRug":7,"FaceOfCleric":3,"downfall:HeartBlessingRed":6,"champ:ChampionCrown":0,"conspire:SpecialSausage":0,"GremlinMask":3,"CultistMask":3,"downfall:CloakOfManyFaces":3,"Omamori":6,"hexamod:BolsterEngine":8,"NlothsMask":3},{"SsserpentHead":14,"MerchantsRug":29,"FaceOfCleric":14,"downfall:HeartBlessingRed":25,"champ:ChampionCrown":0,"conspire:SpecialSausage":0,"GremlinMask":14,"CultistMask":14,"downfall:CloakOfManyFaces":14,"Omamori":25,"hexamod:BolsterEngine":36,"NlothsMask":14}]},"card_choices":[{"not_picked":["champ:FightOn","champ:Haymaker"],"picked":"champ:CrookedStrike","floor":3},{"not_picked":["champ:EndlessRage","champ:FlashCut"],"picked":"champ:FanOfKnives","floor":4},{"not_picked":["champ:CrookedStrike","champ:CalledShot"],"picked":"champ:FaceSlap","floor":5},{"not_picked":["champ:Balance","champ:DefensiveShout"],"picked":"champ:EnragedBash","floor":6},{"not_picked":["champ:ShieldSigil","champ:HeartStrike"],"picked":"champ:DeathBlow","floor":8},{"not_picked":["champ:TornadoPunch","champ:DeathBlow"],"picked":"champ:ShieldThrow","floor":9},{"not_picked":["champ:Circumvent","champ:GladiatorsShout"],"picked":"champ:CrownThrow","floor":12},{"not_picked":["champ:Backstep","champ:BerserkersShout"],"picked":"champ:IronFortress","floor":13},{"not_picked":["champ:BladeFlurry","champ:FanOfKnives"],"picked":"champ:EndlessRage","floor":15}],"player_experience":667952,"relics_obtained":[{"floor":5,"key":"downfall:CloakOfManyFaces"},{"floor":9,"key":"Omamori"},{"floor":13,"key":"hexamod:BolsterEngine"}],"event_choices":[{"damage_healed":0,"gold_gain":0,"player_choice":"Got Potions","damage_taken":0,"max_hp_gain":0,"max_hp_loss":0,"event_name":"Lab","floor":14,"gold_loss":0}],"is_beta":false,"boss_relics":[],"items_purged_floors":[],"is_endless":false,"potions_floor_spawned":[4,13,15],"killed_by":"downfall:Defect","ascension_level":1}}