{"host":"rolltorest","time":1608607579,"event":{"mods":["BaseMod","Minty Spire (QoL Compilation)","StSLib"],"gold_per_floor":[167,52,52,72,72,97,97,122,122,142,158,175,47,74,74,148,148,159,172,122,134,9,35,35,67,92,121,135,135,47,74,74,151,151,170,170,170,221,238,264,264,299,380,390,612,632,663,181,181,181,181,181],"floor_reached":51,"playtime":1978,"items_purged":["Strike_P","Pain","Strike_P","Strike_P"],"score":1722,"play_id":"1443ce6f-7f5d-47e1-ae23-fac830e59fb8","local_time":"20201221192619","is_ascension_mode":true,"campfire_choices":[{"data":"Conclude","floor":7,"key":"SMITH"},{"floor":15,"key":"REST"},{"floor":24,"key":"REST"},{"floor":29,"key":"REST"},{"data":"SandsOfTime","floor":32,"key":"SMITH"},{"data":"Wallop","floor":41,"key":"SMITH"},{"floor":49,"key":"RECALL"}],"circlet_count":0,"master_deck":["AscendersBane","Strike_P+1","Defend_P+1","Defend_P+1","Defend_P","Eruption+1","Vigilance","WheelKick","Conclude+1","Adaptation+1","Protect+1","Judgement+1","SandsOfTime+1","BattleHymn+1","ThirdEye","LessonLearned+1","EmptyFist","TalkToTheHand+1","Evaluate+1","CutThroughFate+1","CrushJoints+1","Wallop+1","Vault+1","CutThroughFate+1","Fasting2+1","TalkToTheHand","Halt+1","Meditate","Tantrum","Panacea"],"relics":["Tiny House","WarpedTongs","Frozen Egg 2","Mango","Nunchaku","Blood Vial","Velvet Choker","Anchor","Regal Pillow","Singing Bowl","Red Mask","VioletLotus","Du-Vu Doll","FossilizedHelix","Omamori","Orichalcum","Mercury Hourglass","Boot","Membership Card","CloakClasp"],"acts_visited":["Exordium","TheCity","TheBeyond"],"potions_floor_usage":[8,16,23,23,23,23,25,33,42,50,51],"damage_taken":[{"damage":9,"enemies":"Jaw Worm","floor":1,"turns":5},{"damage":4,"enemies":"Cultist","floor":4,"turns":2},{"damage":19,"enemies":"Gremlin Nob","floor":6,"turns":3},{"damage":24,"enemies":"Lagavulin","floor":8,"turns":7},{"damage":1,"enemies":"Small Slimes","floor":10,"turns":2},{"damage":3,"enemies":"Exordium Thugs","floor":11,"turns":4},{"damage":6,"enemies":"Blue Slaver","floor":12,"turns":3},{"damage":10,"enemies":"3 Sentries","floor":14,"turns":6},{"damage":12,"enemies":"Hexaghost","floor":16,"turns":9},{"damage":17,"enemies":"2 Thieves","floor":18,"turns":2},{"damage":34,"enemies":"3 Byrds","floor":19,"turns":3},{"damage":7,"enemies":"Centurion and Healer","floor":21,"turns":5},{"damage":7,"enemies":"Slavers","floor":23,"turns":3},{"damage":4,"enemies":"Book of Stabbing","floor":25,"turns":5},{"damage":22,"enemies":"Slavers","floor":27,"turns":6},{"damage":0,"enemies":"3 Cultists","floor":28,"turns":4},{"damage":2,"enemies":"Masked Bandits","floor":31,"turns":2},{"damage":20,"enemies":"Automaton","floor":33,"turns":6},{"damage":0,"enemies":"Orb Walker","floor":35,"turns":4},{"damage":32,"enemies":"2 Orb Walkers","floor":38,"turns":3},{"damage":0,"enemies":"3 Shapes","floor":39,"turns":6},{"damage":0,"enemies":"Giant Head","floor":40,"turns":7},{"damage":0,"enemies":"Reptomancer","floor":42,"turns":3},{"damage":24,"enemies":"Spire Growth","floor":44,"turns":5},{"damage":0,"enemies":"Transient","floor":46,"turns":6},{"damage":0,"enemies":"Nemesis","floor":47,"turns":8},{"damage":23,"enemies":"Donu and Deca","floor":50,"turns":9},{"damage":30,"enemies":"Awakened One","floor":51,"turns":12}],"seed_played":"-1112677246352363561","potions_obtained":[{"floor":0,"key":"BottledMiracle"},{"floor":1,"key":"GamblersBrew"},{"floor":6,"key":"FearPotion"},{"floor":12,"key":"Ancient Potion"},{"floor":19,"key":"EntropicBrew"},{"floor":23,"key":"BottledMiracle"},{"floor":28,"key":"Explosive Potion"},{"floor":33,"key":"Explosive Potion"},{"floor":40,"key":"Fire Potion"},{"floor":44,"key":"SkillPotion"}],"is_trial":false,"path_per_floor":["M","$","?","M","$","E","R","E","T","M","M","M","$","E","R","B",null,"M","M","?","M","$","E","R","E","T","E","M","R","$","?","R","B",null,"M","?","T","?","M","E","R","E","T","M","?","M","E","$","R","B","B"],"character_chosen":"WATCHER","items_purchased":["Adaptation","ThirdEye","Wallop","Membership Card","Tantrum","CloakClasp","Panacea"],"campfire_rested":3,"item_purchase_floors":[2,13,30,48,48,48,48],"current_hp_per_floor":[57,57,57,53,53,34,34,24,24,23,20,14,14,4,30,20,70,55,23,23,18,18,13,39,37,37,19,23,65,65,67,67,49,82,84,84,84,54,58,62,62,64,64,44,44,46,48,48,48,27,0,0],"gold":181,"neow_bonus":"BOSS_RELIC","is_daily":false,"chose_seed":false,"campfire_upgraded":3,"win_rate":0.0,"timestamp":1608607579,"path_taken":["M","$","?","M","?","E","R","E","T","M","M","M","$","E","R","BOSS","M","M","?","M","$","E","R","E","T","E","M","R","?","?","R","BOSS","M","?","?","?","M","E","R","E","T","?","?","M","E","$","R","BOSS","BOSS"],"items_purchased_type":["Card","Card","Card","Relic","Card","Relic","Card"],"build_version":"2020-12-18","purchased_purges":4,"victory":false,"max_hp_per_floor":[73,73,73,73,73,73,73,87,87,87,87,87,87,87,87,87,87,87,87,87,87,87,87,87,87,87,89,91,91,91,93,93,93,93,93,93,93,93,95,97,97,97,97,99,99,99,99,99,99,99,99,99],"card_choices":[{"not_picked":["Adaptation","ReachHeaven"],"picked":"WheelKick","floor":0},{"not_picked":["Halt","PathToVictory"],"picked":"Conclude","floor":1},{"not_picked":["CrushJoints","Protect","ClearTheMind"],"picked":"SKIP","floor":4},{"not_picked":["Evaluate","LikeWater+1"],"picked":"Protect","floor":6},{"not_picked":["FlyingSleeves","PathToVictory","WheelKick"],"picked":"SKIP","floor":8},{"not_picked":["Swivel","CutThroughFate"],"picked":"Judgement","floor":10},{"not_picked":["FlyingSleeves","Vengeance"],"picked":"SandsOfTime","floor":11},{"not_picked":["PathToVictory","EmptyMind"],"picked":"BattleHymn+1","floor":12},{"not_picked":["Halt","FollowUp","SignatureMove"],"picked":"SKIP","floor":14},{"not_picked":["Establishment+1","Vault"],"picked":"LessonLearned","floor":16},{"not_picked":["Protect","FollowUp"],"picked":"EmptyFist","floor":18},{"not_picked":["Consecrate","EmptyFist"],"picked":"TalkToTheHand+1","floor":19},{"not_picked":["Adaptation+1","SashWhip+1"],"picked":"Evaluate+1","floor":21},{"not_picked":["SashWhip","Protect"],"picked":"CutThroughFate+1","floor":23},{"not_picked":["PathToVictory","Adaptation+1"],"picked":"CrushJoints+1","floor":25},{"not_picked":["FlyingSleeves","Blasphemy","CutThroughFate"],"picked":"Singing Bowl","floor":27},{"not_picked":["EmptyBody","BowlingBash","Halt"],"picked":"Singing Bowl","floor":28},{"not_picked":["Wallop","FlyingSleeves","LikeWater+1"],"picked":"Singing Bowl","floor":31},{"not_picked":["LessonLearned","Omniscience"],"picked":"Vault","floor":33},{"not_picked":["Vengeance","WheelKick+1"],"picked":"CutThroughFate+1","floor":35},{"not_picked":["ClearTheMind+1","WindmillStrike"],"picked":"Fasting2+1","floor":38},{"not_picked":["Consecrate","WindmillStrike+1","CrushJoints"],"picked":"Singing Bowl","floor":39},{"not_picked":["ClearTheMind","EmptyBody","CutThroughFate"],"picked":"Singing Bowl","floor":40},{"not_picked":["Crescendo","Protect"],"picked":"TalkToTheHand","floor":42},{"not_picked":["ClearTheMind","Brilliance","FlyingSleeves"],"picked":"Singing Bowl","floor":44},{"not_picked":["Vengeance","Swivel"],"picked":"Halt+1","floor":46},{"not_picked":["CrushJoints","Adaptation+1"],"picked":"Meditate","floor":47}],"player_experience":1703790,"relics_obtained":[{"floor":6,"key":"Frozen Egg 2"},{"floor":8,"key":"Mango"},{"floor":9,"key":"Nunchaku"},{"floor":14,"key":"Blood Vial"},{"floor":23,"key":"Anchor"},{"floor":25,"key":"Regal Pillow"},{"floor":27,"key":"Singing Bowl"},{"floor":31,"key":"Red Mask"},{"floor":37,"key":"Du-Vu Doll"},{"floor":38,"key":"FossilizedHelix"},{"floor":40,"key":"Omamori"},{"floor":42,"key":"Orichalcum"},{"floor":43,"key":"Mercury Hourglass"},{"floor":47,"key":"Boot"}],"event_choices":[{"damage_healed":0,"gold_gain":0,"player_choice":"Rummage","damage_taken":0,"relics_obtained":["WarpedTongs"],"max_hp_gain":0,"max_hp_loss":0,"event_name":"Accursed Blacksmith","floor":3,"gold_loss":0,"cards_obtained":["Pain"]},{"damage_healed":0,"gold_gain":0,"player_choice":"Bet on Murderer","damage_taken":0,"max_hp_gain":0,"max_hp_loss":0,"event_name":"The Joust","floor":20,"gold_loss":50},{"damage_healed":0,"gold_gain":0,"player_choice":"Fought Bandits","damage_taken":0,"max_hp_gain":0,"max_hp_loss":0,"event_name":"Masked Bandits","floor":31,"gold_loss":0},{"cards_removed":["Defend_P"],"damage_healed":0,"gold_gain":0,"player_choice":"Removed Skill","damage_taken":0,"max_hp_gain":0,"max_hp_loss":0,"event_name":"Falling","floor":36,"gold_loss":0},{"damage_healed":0,"gold_gain":0,"player_choice":"Fight","damage_taken":0,"max_hp_gain":0,"max_hp_loss":0,"event_name":"Mysterious Sphere","floor":38,"gold_loss":0},{"damage_healed":0,"gold_gain":222,"player_choice":"Wore Mask","damage_taken":0,"max_hp_gain":0,"max_hp_loss":0,"event_name":"Tomb of Lord Red Mask","floor":45,"gold_loss":0}],"is_beta":true,"boss_relics":[{"not_picked":["Coffee Dripper","Busted Crown"],"picked":"Velvet Choker"},{"not_picked":["Astrolabe","Runic Dome"],"picked":"VioletLotus"}],"items_purged_floors":[2,13,22,48],"is_endless":false,"potions_floor_spawned":[1,6,12,19,23,28,33,40,44],"killed_by":"Awakened One","ascension_level":20}}