{"host":"00tqcjwpycel7e54","time":1608604588,"event":{"mods":["ATMod(阿瑾Mod)","BaseMod","Displayed Cursed Tome","Downfall","Hermit","KomeijiMod","Luminous","Marisa（F雨　魔理沙）","Minty Spire (QoL Compilation)","Remilia（蕾米莉亚）","Replay The Spire","Robot Space Explorer","Shop Mod","Spicy Shops","StSLib","The Administrix","The Bug Knight","The Cursed","The Dragon Tamer","The Gatherer","The Hierophant","The Runesmith","The Senshi","The Servant 0.9.4","WarShipGirlsR/战舰少女R mod","Youmu（魂魄妖梦）","Yuyuko","【东方二次创作】八云紫mod","【遗物卡牌】REMEMod"],"gold_per_floor":[16,16,16,27,46,80,80,80,80],"floor_reached":8,"playtime":397,"items_purged":[],"score":106,"play_id":"9b061748-9fe7-48c1-9e48-bef8b371718c","local_time":"20201222103628","is_ascension_mode":true,"campfire_choices":[{"floor":7,"key":"REST"}],"circlet_count":0,"master_deck":["Strike_G","Strike_G","Strike_G","Strike_G","Strike_G","Defend_G","Defend_G","Defend_G","Defend_G","Defend_G","Survivor","Neutralize","Backflip","Blade Dance","Footwork","ReplayTheSpireMod:Speed Training"],"relics":["Ring of the Snake","AT_ATBox","REME_ComplimentaryCards","Tough Bandages","Letter Opener"],"acts_visited":["Exordium"],"potions_floor_usage":[6],"damage_taken":[{"damage":2,"enemies":"Cultist","floor":1,"turns":6},{"damage":3,"enemies":"Jaw Worm","floor":4,"turns":7},{"damage":2,"enemies":"Small Slimes","floor":5,"turns":4},{"damage":34,"enemies":"3 Sentries","floor":6,"turns":16},{"damage":13,"enemies":"Lagavulin","floor":8,"turns":10}],"seed_played":"4728911307336906199","potions_obtained":[{"floor":4,"key":"GamblersBrew"},{"floor":5,"key":"Dexterity Potion"}],"is_trial":false,"path_per_floor":["M","$","?","M","M","E","R","E"],"character_chosen":"THE_SILENT","items_purchased":[],"campfire_rested":1,"item_purchase_floors":[],"current_hp_per_floor":[57,57,57,54,52,18,37,24,24],"gold":80,"neow_bonus":"ONE_RARE_RELIC","is_daily":false,"chose_seed":false,"campfire_upgraded":0,"win_rate":0.0,"timestamp":1608604588,"path_taken":["M","?","?","M","M","E","R","E"],"items_purchased_type":[],"build_version":"2020-12-13","purchased_purges":0,"victory":false,"max_hp_per_floor":[66,66,66,66,66,66,66,66,66],"card_choices":[{"not_picked":["Setup","Underhanded Strike"],"picked":"Backflip","floor":1},{"not_picked":["Cloak And Dagger","Reflex"],"picked":"Blade Dance","floor":4},{"not_picked":["Terror","Endless Agony"],"picked":"Footwork","floor":5},{"not_picked":["Doppelganger","Footwork"],"picked":"ReplayTheSpireMod:Speed Training","floor":6}],"player_experience":678410,"relics_obtained":[{"floor":6,"key":"Letter Opener"}],"event_choices":[],"is_beta":false,"boss_relics":[],"items_purged_floors":[],"is_endless":false,"potions_floor_spawned":[4,5],"killed_by":"Lagavulin","ascension_level":18}}