{"host":"99ad87xtd5ypi7ii","time":1608625728,"event":{"mods":["BaseMod","Hermit","Highlight Path","Marisa????????","Minty Spire (QoL Compilation)","Robot Space Explorer","StSLib","The Bladedancer","The Construct","The Cursed","The Disciple","The Gatherer","The Hierophant","The Runesmith","The Servant 0.9.4","TheVacant"],"gold_per_floor":[113,113,113,134,134,173,185,197,209,221,249,274,305,317,329,341,341],"floor_reached":16,"playtime":916,"items_purged":[],"score":100,"play_id":"c5b4f6f0-4b28-4d1d-b8cb-193a7eff083f","local_time":"20201222092848","is_ascension_mode":false,"campfire_choices":[{"data":"hermit:Gestalt","floor":7,"key":"SMITH"},{"data":"Deep Breath","floor":10,"key":"SMITH"},{"floor":15,"key":"REST"}],"circlet_count":0,"master_deck":["hermit:Strike_Hermit","hermit:Strike_Hermit","hermit:Strike_Hermit","hermit:Strike_Hermit","hermit:Defend_Hermit","hermit:Defend_Hermit","hermit:Defend_Hermit+1","hermit:Defend_Hermit","hermit:Snapshot","hermit:Covet","Deep Breath+1","hermit:Enervate+1","Injury","hermit:Gestalt+1","Regret","hermit:Dive","hermit:LoneWolf"],"relics":["hermit:Momento","Golden Idol","MawBank","Boot","Gambling Chip","FaceOfCleric"],"acts_visited":["Exordium"],"potions_floor_usage":[6,16],"damage_taken":[{"damage":10,"enemies":"Small Slimes","floor":1,"turns":3},{"damage":0,"enemies":"2 Louse","floor":4,"turns":2},{"damage":8,"enemies":"Lagavulin","floor":6,"turns":6},{"damage":1,"enemies":"Jaw Worm","floor":11,"turns":4},{"damage":0,"enemies":"Looter","floor":12,"turns":3},{"damage":6,"enemies":"3 Louse","floor":13,"turns":5},{"damage":58,"enemies":"Hexaghost","floor":16,"turns":13}],"seed_played":"1492810310946475848","potions_obtained":[{"floor":4,"key":"FearPotion"},{"floor":12,"key":"ColorlessPotion"}],"is_trial":false,"path_per_floor":["M","?","?","M","$","E","R","?","T","R","M","M","M","?","R","B"],"character_chosen":"HERMIT","items_purchased":[],"campfire_rested":1,"item_purchase_floors":[],"current_hp_per_floor":[65,65,50,50,50,42,42,42,42,42,41,41,35,35,57,0,0],"gold":341,"neow_bonus":"RANDOM_COLORLESS","is_daily":false,"chose_seed":false,"campfire_upgraded":2,"win_rate":0.0,"timestamp":1608625728,"path_taken":["M","?","?","M","?","E","R","?","T","R","M","M","M","?","R","BOSS"],"items_purchased_type":[],"build_version":"2020-12-13","purchased_purges":0,"victory":false,"max_hp_per_floor":[75,75,75,75,75,75,75,75,75,75,75,75,75,75,75,75,75],"card_choices":[{"not_picked":["Purity","Impatience"],"picked":"Deep Breath","floor":0},{"not_picked":["hermit:Headshot","hermit:Combo"],"picked":"hermit:Enervate","floor":1},{"not_picked":["hermit:HighCaliber","hermit:WideOpen"],"picked":"hermit:Gestalt","floor":4},{"not_picked":["hermit:Roulette","hermit:Feint","hermit:TrackingShot"],"picked":"SKIP","floor":6},{"not_picked":["hermit:Shortfuse","hermit:ItchyTrigger","hermit:Feint"],"picked":"SKIP","floor":11},{"not_picked":["hermit:Feint","hermit:ItchyTrigger"],"picked":"hermit:Dive","floor":12},{"not_picked":["hermit:Coalescence","hermit:Glare"],"picked":"hermit:LoneWolf","floor":13}],"player_experience":812159,"relics_obtained":[{"floor":6,"key":"MawBank"},{"floor":9,"key":"Gambling Chip"}],"event_choices":[{"damage_healed":0,"gold_gain":0,"player_choice":"Take Wound","damage_taken":0,"relics_obtained":["Golden Idol"],"max_hp_gain":0,"max_hp_loss":0,"event_name":"Golden Idol","floor":2,"gold_loss":0,"cards_obtained":["Injury"]},{"damage_healed":0,"gold_gain":0,"player_choice":"Entered Light","damage_taken":15,"max_hp_gain":0,"max_hp_loss":0,"event_name":"Shining Light","floor":3,"gold_loss":0,"cards_upgraded":["hermit:Defend_Hermit","hermit:Enervate"]},{"damage_healed":0,"gold_gain":0,"player_choice":"Box","damage_taken":0,"relics_obtained":["Boot"],"max_hp_gain":0,"max_hp_loss":0,"event_name":"Big Fish","floor":8,"gold_loss":0,"cards_obtained":["Regret"]},{"damage_healed":0,"gold_gain":0,"player_choice":"Trade","damage_taken":0,"relics_obtained":["FaceOfCleric"],"max_hp_gain":0,"max_hp_loss":0,"event_name":"FaceTrader","floor":14,"gold_loss":0}],"is_beta":false,"boss_relics":[],"items_purged_floors":[],"is_endless":false,"potions_floor_spawned":[4,12],"killed_by":"Hexaghost","ascension_level":0}}