{"host":"5jn3rki867005t18","time":1608616138,"event":{"mods":["2.2 Compatiblity","AchievementEnabler","BaseMod","Colored Map","DeckTracker","Minty Spire (QoL Compilation)","Permanent Neow","Rare Cards Sparkle","StSLib","SuperFastMode"],"gold_per_floor":[118,131,151,151,162,188,37,37,37,53,53,3,21,47,47,144,144,156,156,138,138,237,237,267,267,267],"floor_reached":25,"playtime":870,"items_purged":[],"score":256,"play_id":"86631912-327a-4ce2-8ed9-1e16830ce7f8","local_time":"20201222144858","is_ascension_mode":false,"campfire_choices":[{"data":"Double Tap","floor":8,"key":"SMITH"},{"data":"Carnage","floor":11,"key":"SMITH"},{"data":"Rage","floor":15,"key":"SMITH"},{"floor":23,"key":"REST"}],"circlet_count":0,"master_deck":["Strike_R","Strike_R","Defend_R","Defend_R","Defend_R","Defend_R","Bash","Twin Strike","Clash","Searing Blow","Cleave","Clash","Clash","Double Tap+1","Carnage+1","Twin Strike","Blood for Blood","Rage+1","Bludgeon","CurseOfTheBell","Metallicize+1","Spot Weakness","J.A.X.","Cleave+1"],"relics":["Burning Blood","Juzu Bracelet","Boot","Pantograph","Calling Bell","Potion Belt","Question Card","Dead Branch","Eternal Feather"],"acts_visited":["Exordium","TheCity"],"potions_floor_usage":[14,16,16,20,25],"damage_taken":[{"damage":6,"enemies":"Jaw Worm","floor":1,"turns":3},{"damage":1,"enemies":"Cultist","floor":2,"turns":3},{"damage":10,"enemies":"Small Slimes","floor":3,"turns":3},{"damage":10,"enemies":"Looter","floor":5,"turns":3},{"damage":21,"enemies":"Lagavulin","floor":6,"turns":5},{"damage":0,"enemies":"Large Slime","floor":10,"turns":3},{"damage":12,"enemies":"Blue Slaver","floor":13,"turns":2},{"damage":0,"enemies":"Gremlin Nob","floor":14,"turns":2},{"damage":43,"enemies":"The Guardian","floor":16,"turns":7},{"damage":32,"enemies":"3 Byrds","floor":18,"turns":5},{"damage":25,"enemies":"2 Thieves","floor":20,"turns":4},{"damage":53,"enemies":"Slavers","floor":24,"turns":5},{"damage":16,"enemies":"Centurion and Healer","floor":25,"turns":3}],"seed_played":"-2793584411540383637","potions_obtained":[{"floor":2,"key":"AttackPotion"},{"floor":5,"key":"DuplicationPotion"},{"floor":10,"key":"EntropicBrew"},{"floor":18,"key":"ColorlessPotion"}],"is_trial":false,"path_per_floor":["M","M","M","?","M","E","$","R","T","M","R","?","M","E","R","B",null,"M","?","M","?","?","R","E","M"],"character_chosen":"IRONCLAD","items_purchased":["Double Tap","Carnage"],"campfire_rested":1,"item_purchase_floors":[7,7],"current_hp_per_floor":[80,80,76,76,72,57,57,57,57,63,63,63,57,63,63,43,80,54,54,35,35,35,59,12,0,0],"gold":267,"neow_bonus":"TRANSFORM_CARD","is_daily":false,"chose_seed":false,"campfire_upgraded":3,"win_rate":0.0,"timestamp":1608616138,"path_taken":["M","M","M","?","?","E","$","R","T","M","R","?","M","E","R","BOSS","M","?","M","?","?","R","E","M"],"items_purchased_type":["Card","Card"],"build_version":"2020-12-13","purchased_purges":0,"victory":false,"max_hp_per_floor":[80,80,80,80,80,80,80,80,80,80,80,80,80,80,80,80,80,80,80,80,80,80,80,80,80,80],"card_choices":[{"not_picked":["Perfected Strike","Shrug It Off"],"picked":"Clash","floor":1},{"not_picked":["Feel No Pain","Sentinel"],"picked":"Searing Blow","floor":2},{"not_picked":["Power Through","Anger"],"picked":"Cleave","floor":3},{"not_picked":["Feel No Pain","Armaments"],"picked":"Clash","floor":5},{"not_picked":["Bloodletting","Intimidate"],"picked":"Clash","floor":6},{"not_picked":["Feel No Pain","Perfected Strike"],"picked":"Twin Strike","floor":10},{"not_picked":["Warcry","Sever Soul"],"picked":"Blood for Blood","floor":13},{"not_picked":["Reaper","Wild Strike"],"picked":"Rage","floor":14},{"not_picked":["Reaper","Brutality"],"picked":"Bludgeon","floor":16},{"not_picked":["Clash","Warcry","Heavy Blade+1"],"picked":"Metallicize+1","floor":18},{"not_picked":["Flex","Iron Wave+1","Cleave"],"picked":"Spot Weakness","floor":20},{"not_picked":["Reaper","Warcry","Shrug It Off"],"picked":"Cleave+1","floor":24}],"player_experience":44405,"relics_obtained":[{"floor":6,"key":"Juzu Bracelet"},{"floor":9,"key":"Boot"},{"floor":14,"key":"Pantograph"},{"floor":17,"key":"Potion Belt"},{"floor":17,"key":"Question Card"},{"floor":17,"key":"Dead Branch"},{"floor":24,"key":"Eternal Feather"}],"event_choices":[{"cards_removed":["Strike_R"],"damage_healed":0,"gold_gain":0,"player_choice":"Purged","damage_taken":0,"max_hp_gain":0,"max_hp_loss":0,"event_name":"Purifier","floor":4,"gold_loss":0},{"cards_removed":["Strike_R"],"damage_healed":0,"gold_gain":0,"player_choice":"Card Removal","damage_taken":0,"max_hp_gain":0,"max_hp_loss":0,"event_name":"The Cleric","floor":12,"gold_loss":50},{"damage_healed":0,"gold_gain":0,"player_choice":"Ignored","damage_taken":0,"max_hp_gain":0,"max_hp_loss":0,"event_name":"Vampires","floor":19,"gold_loss":0},{"damage_healed":0,"gold_gain":0,"player_choice":"Obtain J.A.X.","damage_taken":0,"max_hp_gain":0,"max_hp_loss":0,"event_name":"Drug Dealer","floor":21,"gold_loss":0,"cards_obtained":["J.A.X."]},{"damage_healed":0,"gold_gain":99,"player_choice":"Stole From Cult","damage_taken":0,"max_hp_gain":0,"max_hp_loss":0,"event_name":"Nest","floor":22,"gold_loss":0}],"is_beta":false,"boss_relics":[{"not_picked":["Snecko Eye","Empty Cage"],"picked":"Calling Bell"}],"items_purged_floors":[],"is_endless":false,"potions_floor_spawned":[2,5,10,18],"killed_by":"Centurion and Healer","ascension_level":0}}