{"host":"qzpuxnheibnu7155","time":1608676489,"event":{"mods":["Act Like it!","BaseMod","Displayed Cursed Tome","Minty Spire (QoL Compilation)","MostiFishMod","Pale of the Ancients","Remilia（蕾米莉亚）","RumiaBox-露米娅的神秘盒子","StSLib","TestMod","Waifu the Spire","【功能Mod】Neow奖励","【遗物卡牌】REMEMod","没有小屋子和绿帽子啦"],"gold_per_floor":[118,1117,1153,1172,1172,1222,840,840,864,915,927,939,967,1013,1025,1130,1142,1188,1200,854,854,854],"floor_reached":21,"playtime":1174,"items_purged":["Strike_RM","Strike_RM"],"score":665,"play_id":"557cf613-899c-44ce-9425-5738afd13bda","local_time":"20201223063449","is_ascension_mode":true,"campfire_choices":[{"data":"ScarletDream","floor":8.0,"key":"SMITH"},{"floor":12.0,"key":"RECALL"},{"data":"DiffusionOfMisfortune","floor":15,"key":"SMITH"}],"circlet_count":0,"master_deck":["AscendersBane","Strike_RM","RedMoon","ScarletShoot","BloodyHallows","FavorOfDestiny","ScarletDream+1","AfternoonTea","RedRainbow","DiffusionOfMisfortune+1","EternalNight","ScarletDevil","QueenOfMidnight","UnderTheZenith","ScarletMeister","TwelveNightmare","BlasphemousPunishment","ScarletDevil","Secret Technique"],"relics":["ScarletHat","DaveBox","testmod-TestBox","REME_ComplimentaryCards","testmod-IndustrialRevolution","DianDianMeat","Baka","testmod-Alchemist","testmod-TestBox","Akabeko","REME_HourglassOfDeath","MawBank","Singing Bowl","Sozu"],"acts_visited":["Exordium","TheCity"],"potions_floor_usage":[16,16],"damage_taken":[{"damage":0.0,"enemies":"Cultist","floor":1.0,"turns":4.0},{"damage":0.0,"enemies":"2 Louse","floor":3.0,"turns":4.0},{"damage":9.0,"enemies":"Jaw Worm","floor":4.0,"turns":5.0},{"damage":26.0,"enemies":"3 Sentries","floor":6.0,"turns":12.0},{"damage":33.0,"enemies":"Lagavulin","floor":10.0,"turns":9.0},{"damage":0.0,"enemies":"2 Fungi Beasts","floor":13.0,"turns":1.0},{"damage":2,"enemies":"3 Sentries","floor":14,"turns":2},{"damage":23,"enemies":"Hexaghost","floor":16,"turns":7},{"damage":21,"enemies":"Shell Parasite","floor":18,"turns":4},{"damage":2,"enemies":"3 Byrds","floor":21,"turns":1}],"seed_played":"-7637630025465747404","potions_obtained":[{"floor":4.0,"key":"SpeedPotion"},{"floor":13.0,"key":"FearPotion"}],"is_trial":false,"path_per_floor":["M","?","M","M","?","E","$","R","T","E","?","R","M","E","R","B",null,"M","?","$","M"],"character_chosen":"REMILIA","items_purchased":["DiffusionOfMisfortune","REME_HourglassOfDeath","BlasphemousPunishment","ScarletDevil","Secret Technique"],"campfire_rested":0,"item_purchase_floors":[7,7,20,20,20],"current_hp_per_floor":[66,66,69,64,64,45,51,51,51,39,32,32,32,39,39,32,94,83,106,148,146,146],"gold":854,"neow_bonus":"RANDOM_COMMON_RELIC","is_daily":false,"chose_seed":false,"campfire_upgraded":2,"win_rate":0.0,"timestamp":1608676489,"path_taken":["M","?","M","M","?","E","$","R","T","E","?","R","?","E","R","BOSS","M","?","$","M"],"items_purchased_type":["Card","Relic","Card","Card","Card"],"build_version":"2020-12-13","purchased_purges":2,"victory":false,"max_hp_per_floor":[73,73,76,80,80,85,91,91,91,98,98,98,98,106,106,115,115,125,148,190,190,190],"card_choices":[{"not_picked":["VampireKiss","ChainGang"],"picked":"FavorOfDestiny","floor":1.0},{"not_picked":["BombardNight","BlasphemousPunishment"],"picked":"ScarletDream","floor":3.0},{"not_picked":["AfternoonTea","VampireSweep","UnderTheZenith"],"picked":"SKIP","floor":4.0},{"not_picked":["VampireSweep","UnderTheZenith"],"picked":"AfternoonTea","floor":4.0},{"not_picked":["NightDance","BlasphemousPunishment"],"picked":"RedRainbow","floor":6.0},{"not_picked":["BloodHunter","Stigmanizer"],"picked":"EternalNight","floor":10.0},{"not_picked":["FitfulNightmare","EndlessAdversity","BlasphemousPunishment"],"picked":"SKIP","floor":13.0},{"not_picked":["UnderTheZenith","BombardNight"],"picked":"ScarletDevil","floor":14},{"not_picked":["BloodySeventeenLaser","CeilingFear"],"picked":"QueenOfMidnight","floor":16},{"not_picked":["VampireFantasy","Stigmanizer"],"picked":"UnderTheZenith","floor":18}],"player_experience":554094,"relics_obtained":[{"floor":1.0,"key":"Baka"},{"floor":3.0,"key":"testmod-Alchemist"},{"floor":4.0,"key":"testmod-TestBox"},{"floor":6.0,"key":"Akabeko"},{"floor":10.0,"key":"MawBank"},{"floor":14,"key":"Singing Bowl"}],"event_choices":[{"damage_healed":0.0,"max_hp_gain":0.0,"max_hp_loss":0.0,"gold_gain":999.0,"event_name":"恩洛斯的盘子","player_choice":"Sell","floor":2.0,"relics_lost":["testmod-Nine"],"gold_loss":0.0,"damage_taken":0.0},{"damage_healed":0.0,"max_hp_gain":0.0,"max_hp_loss":0.0,"gold_gain":0.0,"event_name":"给自己的盒子","player_choice":"Swap Relic","floor":5.0,"relics_lost":["Empty Cage"],"gold_loss":0.0,"damage_taken":0.0,"relics_obtained":["Empty Cage"]},{"cards_removed":["Defend_RM"],"damage_healed":0.0,"max_hp_gain":0.0,"max_hp_loss":0.0,"gold_gain":0.0,"event_name":"Golden Wing","player_choice":"Card Removal","floor":11.0,"gold_loss":0.0,"damage_taken":7.0},{"damage_healed":0,"gold_gain":0,"cards_transformed":["Strike_RM","Defend_RM"],"player_choice":"Became Test Subject","damage_taken":0,"max_hp_gain":0,"max_hp_loss":0,"event_name":"Drug Dealer","floor":19,"gold_loss":0,"cards_obtained":["ScarletMeister","TwelveNightmare"]}],"is_beta":false,"boss_relics":[{"not_picked":["GuanYuAspect","testmod-NegativeEmotionEnhancer"],"picked":"Sozu"}],"items_purged_floors":[7,20],"is_endless":false,"potions_floor_spawned":[1,13],"killed_by":"3 Byrds","ascension_level":20}}