{"host":"s52z2ujaj5gvuxl4","time":1608668575,"event":{"mods":["Abigail Mod","Act Like it!","Aspiration","BaseMod","BetterRewards","CapriCore","Conspire","Friendly Minions","Hubris","Infinite Spire","Mimic Mod","Minty Spire (QoL Compilation)","Prisma Mod","Random Character Button","Replay The Spire","Shop Mod","StSLib","SuperFastMode","The Immortal","The Marked","The Mystic","The Runesmith","The Servant 0.9.4","Yuri Mod"],"gold_per_floor":[116,133,170,170,182,182,182],"floor_reached":6,"playtime":241,"items_purged":[],"score":36,"play_id":"bcb9761b-9135-4b3d-bffa-ee3f583f8b0a","local_time":"20201222132255","is_ascension_mode":false,"campfire_choices":[],"circlet_count":0,"master_deck":["theMarked:Strike","theMarked:Strike","theMarked:Strike","theMarked:Strike","theMarked:Strike","theMarked:Defend","theMarked:Defend","theMarked:Defend","theMarked:SoldierOfQuellstein","theMarked:Static","theMarked:EmpowerWeapon","theMarked:EmpowerWeapon"],"relics":["theMarked:ArtifactOfAir","NeowsBlessing","Ancient Tea Set"],"acts_visited":["Exordium"],"potions_floor_usage":[],"damage_taken":[{"damage":0,"enemies":"Cultist","floor":1,"turns":1},{"damage":0,"enemies":"Small Slimes","floor":2,"turns":2},{"damage":0,"enemies":"Jaw Worm","floor":3,"turns":2},{"damage":6,"enemies":"Jaw Worm","floor":5,"turns":3},{"damage":66,"enemies":"Gremlin Nob","floor":6,"turns":5}],"seed_played":"8041739924251035008","potions_obtained":[{"floor":1,"key":"LiquidBronze"},{"floor":5,"key":"PowerPotion"}],"is_trial":false,"path_per_floor":["M","M","MIM","?","M","E"],"character_chosen":"THE_DEFAULT","items_purchased":[],"campfire_rested":0,"item_purchase_floors":[],"current_hp_per_floor":[70,70,70,70,64,0,0],"gold":182,"neow_bonus":"THREE_ENEMY_KILL","is_daily":false,"chose_seed":false,"campfire_upgraded":0,"win_rate":0.0,"timestamp":1608668575,"path_taken":["M","M","?","?","M","E"],"items_purchased_type":[],"build_version":"2020-12-13","purchased_purges":0,"victory":false,"max_hp_per_floor":[70,70,70,70,70,70,70],"card_choices":[{"not_picked":["theMarked:Convert","theMarked:HeightenedSenses"],"picked":"theMarked:Static","floor":1},{"not_picked":["theMarked:DispelDoubt","theMarked:TwofoldDefense"],"picked":"theMarked:EmpowerWeapon","floor":2},{"not_picked":["theMarked:RepellingDischarge","theMarked:Generate"],"picked":"theMarked:EmpowerWeapon","floor":3},{"not_picked":["theMarked:EmpowerWeapon","theMarked:Electrocute","theMarked:WastefulDefense"],"picked":"SKIP","floor":5}],"player_experience":142575,"relics_obtained":[{"floor":3,"key":"Ancient Tea Set"}],"event_choices":[{"cards_removed":["theMarked:Defend"],"damage_healed":0,"gold_gain":0,"player_choice":"Card Removal","damage_taken":0,"max_hp_gain":0,"max_hp_loss":0,"event_name":"Wheel of Change","floor":4,"gold_loss":0}],"is_beta":false,"boss_relics":[],"items_purged_floors":[],"is_endless":false,"potions_floor_spawned":[1,5],"killed_by":"Gremlin Nob","ascension_level":0}}