{"host":"63o2iqaaus9jfjk5","time":1608603362,"event":{"mods":["AchievementEnabler","BaseMod","Better Altar","Better Match","Better Note","Better Sensory Stone","Better Skull","Better Third Choice","Better-Laid Plans","Displayed Cursed Tome","Downfall","Lobotomy","Minty Spire (QoL Compilation)","RNG Fix","Replay The Spire","StSLib"],"gold_per_floor":[99,114,39,24,24,55,123,136,153,153,171,194,194,33,51,155,155,155,172,186,204,216,37,37,56,56,73,73,73,73,73,73,73],"floor_reached":31,"playtime":2764,"items_purged":[],"score":237,"play_id":"e5980c8e-42a7-47f3-bd56-464bf2cecd19","local_time":"20201221201602","is_ascension_mode":false,"campfire_choices":[{"data":"champ:Taunt","floor":1,"key":"SMITH"},{"floor":10,"key":"REST"},{"floor":13,"key":"REST"}],"circlet_count":0,"master_deck":["champ:Strike","champ:Strike","champ:Strike","champ:Strike","champ:Defend","champ:Defend","champ:Defend","champ:Execute","champ:Taunt+1","champ:Backstep","expansioncontent:Corrupt+1","champ:Encircle+1","champ:AdrenalArmor","champ:PerfectedStrike+1","champ:BerserkersShout","champ:IronFortress","champ:FlashCut+1","champ:Improvising","champ:BladeFlurry+1","champ:CheapShot+1","expansioncontent:Torchfire+1","Madness","champ:PreciseThrust+1","champ:PerfectedStrike+1","champ:FocusedDefense+1","champ:FanOfKnives+1","champ:GladiatorStyle+1","champ:Devastate+1","champ:Devastate+1","ReplayTheSpireMod:Brewmster","champ:Backstep","champ:SteelEdge+1","champ:Shatter+1","Hello World+1"],"relics":["champ:ChampionCrown","Molten Egg 2","Mummified Hand","Ancient Tea Set","Blue Doll","Replay:Bronze Core","Iron Hammer"],"acts_visited":["Exordium","TheCity"],"potions_floor_usage":[16,16,16,27,31],"damage_taken":[{"damage":23,"enemies":"Cultist","floor":2,"turns":5},{"damage":13,"enemies":"downfall:FleeingMerchant","floor":4,"turns":4},{"damage":50,"enemies":"3 Sentries","floor":6,"turns":9},{"damage":3,"enemies":"Small Slimes","floor":8,"turns":2},{"damage":18,"enemies":"Jaw Worm","floor":9,"turns":2},{"damage":16,"enemies":"3 Louse","floor":11,"turns":3},{"damage":12,"enemies":"downfall:FleeingMerchant","floor":14,"turns":4},{"damage":20,"enemies":"Exordium Thugs","floor":15,"turns":3},{"damage":42,"enemies":"downfall:Watcher","floor":16,"turns":6},{"damage":24,"enemies":"Shell Parasite","floor":19,"turns":4},{"damage":36,"enemies":"Chosen","floor":20,"turns":6},{"damage":7,"enemies":"Snake Plant","floor":21,"turns":3},{"damage":29,"enemies":"Snecko","floor":22,"turns":5},{"damage":14,"enemies":"downfall:FleeingMerchant","floor":23,"turns":5},{"damage":34,"enemies":"Centurion and Healer","floor":25,"turns":4},{"damage":14,"enemies":"Snake Plant","floor":27,"turns":3},{"damage":19,"enemies":"Sentry and Sphere","floor":31,"turns":3}],"seed_played":"-2736651779229945034","potions_obtained":[{"floor":8,"key":"Strength Potion"},{"floor":11,"key":"champ:OpenerPotion"},{"floor":15,"key":"Block Potion"},{"floor":21,"key":"AttackPotion"},{"floor":22,"key":"SkillPotion"},{"floor":25,"key":"CultistPotion"}],"is_trial":false,"path_per_floor":["R","M","?","$","?","E","T","M","M","R","M","T","R","$","M","B",null,"R","M","M","M","M","$","T","M","?","M","?","PTL","PTL","M"],"character_chosen":"THE_CHAMP","items_purchased":["Blue Doll","champ:Devastate+1","ReplayTheSpireMod:Brewmster"],"campfire_rested":2,"item_purchase_floors":[14,23,23],"current_hp_per_floor":[99,84,84,84,89,52,52,49,38,69,57,57,88,88,74,62,104,104,87,61,59,40,47,47,27,27,15,15,15,15,0,0,0],"gold":73,"neow_bonus":"TEN_PERCENT_HP_BONUS","is_daily":false,"chose_seed":false,"campfire_upgraded":1,"win_rate":0.0,"timestamp":1608603362,"path_taken":["R","M","?","?","?","E","T","M","M","R","?","?","R","$","M","BOSS","R","M","M","M","M","$","T","M","?","M","?","PTL","PTL","M"],"items_purchased_type":["Relic","Card","Card"],"build_version":"2020-12-13","purchased_purges":0,"victory":false,"max_hp_per_floor":[99,99,99,99,104,104,104,104,104,104,104,104,104,104,104,104,104,104,104,104,104,104,104,104,104,104,104,104,104,104,104,104,104],"card_choices":[{"not_picked":["champ:Encircle","champ:Riposte"],"picked":"champ:Backstep","floor":2},{"not_picked":["Transmutation+1","ReplayTheSpireMod:Necrogeddon+1"],"picked":"expansioncontent:Corrupt+1","floor":3},{"not_picked":["champ:BerserkersShout+1","champ:BringItOn+1"],"picked":"champ:Encircle+1","floor":3},{"not_picked":["champ:EnGarde","champ:GutPunch"],"picked":"champ:AdrenalArmor","floor":4},{"not_picked":["champ:GutPunch+1","champ:CheapShot+1"],"picked":"champ:PerfectedStrike+1","floor":6},{"not_picked":["champ:Backstep","champ:DefensiveShout"],"picked":"champ:BerserkersShout","floor":8},{"not_picked":["champ:ViciousMockery","champ:FocusedBerserking"],"picked":"champ:IronFortress","floor":9},{"not_picked":["champ:AdrenalArmor","champ:CrookedStrike+1"],"picked":"champ:FlashCut+1","floor":11},{"not_picked":["champ:FlashCut+1","champ:GladiatorsShout"],"picked":"champ:Improvising","floor":14},{"not_picked":["champ:ShieldWall","champ:Haymaker+1"],"picked":"champ:BladeFlurry+1","floor":15},{"not_picked":["champ:IgnorePain","champ:HeavySlash+1"],"picked":"champ:CheapShot+1","floor":16},{"not_picked":["Poisoned Strike+1","Sadistic Nature"],"picked":"expansioncontent:Torchfire+1","floor":18},{"not_picked":["expansioncontent:Chronoboost","Secret Technique"],"picked":"Madness","floor":18},{"not_picked":["champ:GladiatorsShout+1","champ:Duel+1"],"picked":"champ:PreciseThrust+1","floor":19},{"not_picked":["champ:DefensiveShout","champ:PreciseThrust+1"],"picked":"champ:PerfectedStrike+1","floor":20},{"not_picked":["champ:CrookedStrike+1","champ:RecklessLeap+1"],"picked":"champ:FocusedDefense+1","floor":21},{"not_picked":["champ:AdrenalArmor","champ:BladeFlurry+1"],"picked":"champ:FanOfKnives+1","floor":22},{"not_picked":["champ:FocusedDefense","champ:SkillfulDodge"],"picked":"champ:GladiatorStyle+1","floor":23},{"not_picked":["champ:Encircle+1","champ:BerserkersShout"],"picked":"champ:Backstep","floor":25},{"not_picked":["champ:DefensiveStyle","champ:Lariat"],"picked":"champ:Shatter+1","floor":27}],"player_experience":102997,"relics_obtained":[{"floor":6,"key":"Molten Egg 2"},{"floor":7,"key":"Mummified Hand"},{"floor":12,"key":"Ancient Tea Set"},{"floor":24,"key":"Iron Hammer"}],"event_choices":[{"damage_healed":0,"gold_gain":0,"player_choice":"2","damage_taken":0,"max_hp_gain":0,"max_hp_loss":0,"event_name":"betterMatch:BetterMatch","floor":3,"gold_loss":0,"cards_obtained":["betterMatch:ColorlessRareCard","betterMatch:CommonCard"]},{"damage_healed":0,"gold_gain":0,"player_choice":"Donut","damage_taken":0,"max_hp_gain":5,"max_hp_loss":0,"event_name":"Big Fish","floor":5,"gold_loss":0},{"damage_healed":0,"gold_gain":2,"player_choice":"1","damage_taken":0,"max_hp_gain":0,"max_hp_loss":0,"event_name":"betterStone:BetterStone","floor":18,"gold_loss":0},{"damage_healed":0,"gold_gain":0,"cards_transformed":["champ:Defend"],"player_choice":"Transformed","damage_taken":0,"max_hp_gain":0,"max_hp_loss":0,"event_name":"Transmorgrifier","floor":26,"gold_loss":0,"cards_obtained":["champ:SteelEdge"]},{"cards_removed":["expansioncontent:Corrupt"],"damage_healed":0,"gold_gain":0,"player_choice":"Take \u0026 Give","damage_taken":0,"max_hp_gain":0,"max_hp_loss":0,"event_name":"betterNote:BetterNote","floor":28,"gold_loss":0,"cards_obtained":["Hello World"]}],"is_beta":false,"boss_relics":[{"not_picked":["ChewingGum","Painkiller Herb"],"picked":"Replay:Bronze Core"}],"items_purged_floors":[],"is_endless":false,"potions_floor_spawned":[8,11,15,21,22,25],"killed_by":"Sentry and Sphere","ascension_level":0}}