{"host":"yoibuf8dtscl5joe","time":1608658185,"event":{"mods":["BaseMod","Better Third Choice","Downfall","Marisa????????","Minty Spire (QoL Compilation)","Replay The Spire","StSLib","The Construct","The Cursed","The Servant 0.9.4"],"gold_per_floor":[117,67,67,261,27,53,65,65,89,115,130,141,141,156,156,256,256,273,273,84,141,198,224,224,224,271,291,74,108,108,118,118,216,216,232,294,56,56,56],"floor_reached":38,"playtime":4450,"items_purged":["ReplayTheSpireMod:Splinters","Strike_R","Strike_R","Berserk"],"score":599,"play_id":"64216504-b47d-4cba-a965-abd2e0304e2b","local_time":"20201222192945","is_ascension_mode":false,"campfire_choices":[{"data":"Metallicize","floor":13,"key":"SMITH"},{"data":"Barricade","floor":30,"key":"SMITH"},{"floor":32,"key":"RECALL"}],"circlet_count":0,"master_deck":["Strike_R","Strike_R","Defend_R","Defend_R","Defend_R","Defend_R","Bash+1","Metallicize+1","Iron Wave+1","Metallicize","Juggernaut","Armaments","Barricade+1","AbeCurse","Inflame","Body Slam","Seeing Red","Feel No Pain","Dark Embrace"],"relics":["Burning Blood","ReplayTheSpireMod:Spearhead","Membership Card","Bag of Marbles","Replay:Rubber Ducky","InkBottle","Ring of Fury","ReplayTheSpireMod:Ring of Challenge","Abe\u0027s Treasure","Sling","Centennial Puzzle","Nilry\u0027s Codex","Vajra","Gremlin Food","Replay:WaspNest","Sozu","Bottled Tornado"],"acts_visited":["Exordium","TheCity","TheBeyond"],"potions_floor_usage":[14,22,23,31,36],"damage_taken":[{"damage":6,"enemies":"Jaw Worm","floor":1,"turns":3},{"damage":13,"enemies":"Lagavulin","floor":6,"turns":9},{"damage":2,"enemies":"2 Louse","floor":7,"turns":3},{"damage":0,"enemies":"Replay:BlueRogue","floor":10,"turns":5},{"damage":1,"enemies":"Small Slimes","floor":11,"turns":2},{"damage":0,"enemies":"2 Fungi Beasts","floor":12,"turns":4},{"damage":0,"enemies":"Large Slime","floor":14,"turns":5},{"damage":24,"enemies":"Hexaghost","floor":16,"turns":9},{"damage":0,"enemies":"Chosen","floor":18,"turns":5},{"damage":8,"enemies":"Spheric Guardian","floor":21,"turns":5},{"damage":30,"enemies":"Snake Plant","floor":22,"turns":5},{"damage":9,"enemies":"Replay:Snechameleon","floor":23,"turns":5},{"damage":6,"enemies":"Cultist and Chosen","floor":27,"turns":5},{"damage":1,"enemies":"Gremlin Leader","floor":29,"turns":7},{"damage":2,"enemies":"Shelled Parasite and Fungi","floor":31,"turns":5},{"damage":20,"enemies":"Pondfish","floor":33,"turns":8},{"damage":47,"enemies":"3 Darklings","floor":35,"turns":5},{"damage":27,"enemies":"Orb Walker","floor":36,"turns":5},{"damage":38,"enemies":"2 Orb Walkers","floor":38,"turns":4}],"seed_played":"-1138194743554061666","potions_obtained":[{"floor":1,"key":"Regen Potion"},{"floor":11,"key":"Regen Potion"},{"floor":12,"key":"DistilledChaos"},{"floor":18,"key":"Strength Potion"},{"floor":22,"key":"BloodPotion"},{"floor":33,"key":"FearPotion"}],"is_trial":false,"path_per_floor":["M","?","?","?","$","E","M","?","T","E","M","M","R","M","R","B",null,"M","?","$","M","M","E","?","?","T","M","$","E","R","M","R","B",null,"M","M","$","?"],"character_chosen":"IRONCLAD","items_purchased":["Membership Card","Metallicize","Inflame","Body Slam","Sling","Vajra","Gremlin Food","Dark Embrace","Bottled Tornado"],"campfire_rested":0,"item_purchase_floors":[5,5,20,20,20,28,28,37,37],"current_hp_per_floor":[80,80,73,73,73,66,70,70,70,76,80,80,80,80,80,62,80,80,80,80,78,65,71,55,55,55,55,55,60,60,64,64,50,80,39,34,34,0,0],"gold":56,"neow_bonus":"RANDOM_EVENT","is_daily":false,"chose_seed":false,"campfire_upgraded":2,"win_rate":0.0,"timestamp":1608658185,"path_taken":["M","?","?","?","$","E","M","?","T","E","M","?","R","M","R","BOSS","M","?","$","?","M","E","?","?","T","M","?","E","R","M","R","BOSS","M","M","$","?"],"items_purchased_type":["Relic","Card","Card","Card","Relic","Relic","Relic","Card","Relic"],"build_version":"2020-12-13","purchased_purges":4,"victory":false,"max_hp_per_floor":[80,80,80,80,80,80,80,80,80,80,80,80,80,80,80,80,80,80,80,80,80,80,80,80,80,80,80,80,80,80,80,80,80,80,80,80,80,80,80],"card_choices":[{"not_picked":["Burning Pact","Shrug It Off"],"picked":"Metallicize","floor":1},{"not_picked":["True Grit","Headbutt"],"picked":"Iron Wave","floor":4},{"not_picked":["ReplayReversal","Shrug It Off"],"picked":"Juggernaut","floor":6},{"not_picked":["ReplayTheSpireMod:Limb From Limb","Run Through","True Grit"],"picked":"SKIP","floor":7},{"not_picked":["Defy Death","Heavy Blade","ReplayTheSpireMod:Stacked"],"picked":"SKIP","floor":10},{"not_picked":["Perfected Strike","ReplayTheSpireMod:Strike From Hell","Heavy Blade"],"picked":"SKIP","floor":11},{"not_picked":["Ghostly Armor","Replay:Undeath\u0027s Touch","Warcry"],"picked":"SKIP","floor":12},{"not_picked":["Iron Wave","Feel No Pain"],"picked":"Armaments","floor":14},{"not_picked":["Demon Form","Feed"],"picked":"Barricade","floor":16},{"not_picked":["Clash","Carnage","Whirlwind"],"picked":"SKIP","floor":18},{"not_picked":["Clothesline","Dual Wield+1","Hemokinesis+1"],"picked":"SKIP","floor":21},{"not_picked":["ReplayTheSpireMod:LeadingStrike","Fire Breathing+1","Flex"],"picked":"SKIP","floor":22},{"not_picked":["Sword Boomerang","Sentinel+1","Clothesline"],"picked":"SKIP","floor":23},{"not_picked":["Intimidate","Metallicize","ReplayTheSpireMod:Strike From Hell"],"picked":"SKIP","floor":27},{"not_picked":["Wild Strike","Rupture+1"],"picked":"Feel No Pain","floor":29},{"not_picked":["Bloodletting","Fire Breathing","ReplayTheSpireMod:Strike From Hell"],"picked":"SKIP","floor":31},{"not_picked":["Immolate","Feed"],"picked":"Berserk","floor":33},{"not_picked":["Armaments+1","Clothesline","Flex"],"picked":"SKIP","floor":35},{"not_picked":["Flex+1","ReplayTheSpireMod:Limb From Limb","Sword Boomerang+1"],"picked":"SKIP","floor":36}],"player_experience":376592,"relics_obtained":[{"floor":6,"key":"Bag of Marbles"},{"floor":9,"key":"Replay:Rubber Ducky"},{"floor":10,"key":"InkBottle"},{"floor":15,"key":"Ring of Fury"},{"floor":15,"key":"ReplayTheSpireMod:Ring of Challenge"},{"floor":23,"key":"Centennial Puzzle"},{"floor":24,"key":"Nilry\u0027s Codex"},{"floor":29,"key":"Replay:WaspNest"}],"event_choices":[{"cards_removed":["Strike_R"],"damage_healed":0,"gold_gain":0,"player_choice":"Card Removal","damage_taken":0,"max_hp_gain":0,"max_hp_loss":0,"event_name":"The Cleric","floor":2,"gold_loss":50},{"damage_healed":0,"gold_gain":0,"player_choice":"Relic ","damage_taken":7,"max_hp_gain":0,"max_hp_loss":0,"event_name":"betterThird:BetterScrap","floor":3,"gold_loss":0,"cards_obtained":["Perseverance"]},{"damage_healed":0,"gold_gain":0,"player_choice":"Upgraded","damage_taken":0,"max_hp_gain":0,"max_hp_loss":0,"event_name":"Upgrade Shrine","floor":8,"gold_loss":0,"cards_upgraded":["Iron Wave"]},{"cards_removed":["AbeCurse","Decay"],"damage_healed":0,"gold_gain":0,"player_choice":"Removed Curses","damage_taken":0,"max_hp_gain":0,"max_hp_loss":0,"event_name":"Fountain of Cleansing","floor":19,"gold_loss":0},{"damage_healed":0,"gold_gain":0,"player_choice":"Obtained Book","damage_taken":16,"max_hp_gain":0,"max_hp_loss":0,"event_name":"Cursed Tome","floor":24,"gold_loss":0},{"damage_healed":0,"gold_gain":0,"player_choice":"Read","damage_taken":0,"max_hp_gain":0,"max_hp_loss":0,"event_name":"The Library","floor":25,"gold_loss":0,"cards_obtained":["Seeing Red"]},{"damage_healed":0,"gold_gain":0,"player_choice":"Fight","damage_taken":0,"max_hp_gain":0,"max_hp_loss":0,"event_name":"Mysterious Sphere","floor":38,"gold_loss":0}],"is_beta":false,"boss_relics":[{"not_picked":["Fusion Hammer","ReplayTheSpireMod:DimensionalGlitch"],"picked":"Abe\u0027s Treasure"},{"not_picked":["Replay:Wanted Poster","SlaversCollar"],"picked":"Sozu"}],"items_purged_floors":[5,20,28,37],"is_endless":false,"potions_floor_spawned":[1,11,12,18,22,33],"killed_by":"2 Orb Walkers","ascension_level":0}}