{"host":"usewcu4ohw2wtmxk","time":1608612501,"event":{"mods":["BaseMod","Minty Spire (QoL Compilation)","Permanent Neow","Quick Restart","Relic Stats","UnlockEverythingMod"],"gold_per_floor":[112,112,126,126,146,181,181,216,216,216,230,230,264,277,277,356,356,376,376,61,71,83,83,100,133,133,158,158,177,177,194,194,270,270,283,295,295,26,26,26],"floor_reached":39,"playtime":797,"items_purged":["Defend_P","Strike_P"],"score":882,"play_id":"b24cffc8-0f15-437b-b16a-aff9d50c165f","local_time":"20201222124821","is_ascension_mode":true,"campfire_choices":[{"data":"Eruption","floor":7.0,"key":"SMITH"},{"floor":12.0,"key":"REST"},{"data":"Wallop","floor":15.0,"key":"SMITH"},{"floor":23.0,"key":"REST"},{"floor":28.0,"key":"REST"},{"data":"Ragnarok","floor":30.0,"key":"SMITH"},{"data":"Adaptation","floor":32.0,"key":"SMITH"}],"circlet_count":0,"master_deck":["AscendersBane","Strike_P","Strike_P","Strike_P","Defend_P","Defend_P+1","Eruption+1","Vigilance","Brilliance","Wallop+1","CutThroughFate","BowlingBash","ConjureBlade+1","Ragnarok+1","Adaptation+1","Indignation","Vault"],"relics":["HolyWater","NeowsBlessing","Pear","Ancient Tea Set","Regal Pillow","Nunchaku","War Paint","Medical Kit","Molten Egg 2","Pen Nib","Damaru","Runic Dome","Dream Catcher"],"acts_visited":["Exordium","TheCity","TheBeyond"],"potions_floor_usage":[],"damage_taken":[{"damage":0.0,"enemies":"Cultist","floor":1.0,"turns":1.0},{"damage":0.0,"enemies":"Jaw Worm","floor":3.0,"turns":1.0},{"damage":0.0,"enemies":"Small Slimes","floor":5.0,"turns":1.0},{"damage":16.0,"enemies":"Gremlin Nob","floor":6.0,"turns":3.0},{"damage":23.0,"enemies":"Lagavulin","floor":8.0,"turns":5.0},{"damage":27.0,"enemies":"Exordium Thugs","floor":11.0,"turns":6.0},{"damage":28.0,"enemies":"Gremlin Nob","floor":13.0,"turns":4.0},{"damage":1.0,"enemies":"2 Fungi Beasts","floor":14.0,"turns":3.0},{"damage":11.0,"enemies":"Hexaghost","floor":16.0,"turns":6.0},{"damage":0.0,"enemies":"Spheric Guardian","floor":18.0,"turns":2.0},{"damage":12.0,"enemies":"3 Byrds","floor":21.0,"turns":5.0},{"damage":12.0,"enemies":"3 Cultists","floor":22.0,"turns":3.0},{"damage":0.0,"enemies":"Snecko","floor":24.0,"turns":2.0},{"damage":26.0,"enemies":"Book of Stabbing","floor":25.0,"turns":4.0},{"damage":9.0,"enemies":"Slavers","floor":27.0,"turns":3.0},{"damage":0.0,"enemies":"Chosen and Byrds","floor":29.0,"turns":3.0},{"damage":12.0,"enemies":"Snake Plant","floor":31.0,"turns":3.0},{"damage":30.0,"enemies":"Champ","floor":33.0,"turns":6.0},{"damage":16.0,"enemies":"Orb Walker","floor":35.0,"turns":4.0},{"damage":29.0,"enemies":"3 Darklings","floor":36.0,"turns":4.0},{"damage":45,"enemies":"Spire Growth","floor":39,"turns":3}],"seed_played":"-4650381052031266273","potions_obtained":[{"floor":5.0,"key":"EntropicBrew"},{"floor":6.0,"key":"BlessingOfTheForge"},{"floor":11.0,"key":"BlessingOfTheForge"},{"floor":13.0,"key":"SteroidPotion"},{"floor":16.0,"key":"PowerPotion"},{"floor":25.0,"key":"Weak Potion"},{"floor":27.0,"key":"PowerPotion"},{"floor":36.0,"key":"AttackPotion"}],"is_trial":false,"path_per_floor":["M","?","M","T","M","E","R","E","T","?","M","R","E","M","R","B",null,"M","?","$","M","M","R","M","E","T","E","R","M","R","M","R","B",null,"M","M","?","$","M"],"character_chosen":"WATCHER","items_purchased":["Medical Kit","Adaptation","Dream Catcher"],"campfire_rested":3,"item_purchase_floors":[20,20,38],"current_hp_per_floor":[61,61,61,71,71,55,55,32,32,32,5,43,15,14,14,3,59,59,37,37,25,13,52,52,26,26,17,56,56,56,44,44,14,66,50,21,21,21,0,0],"gold":26,"neow_bonus":"THREE_ENEMY_KILL","is_daily":false,"chose_seed":false,"campfire_upgraded":4,"win_rate":0.0,"timestamp":1608612501,"path_taken":["M","?","M","?","?","E","R","E","T","?","M","R","E","M","R","BOSS","M","?","$","M","M","R","M","E","T","E","R","M","R","M","R","BOSS","M","M","?","$","M"],"items_purchased_type":["Relic","Card","Relic"],"build_version":"2020-12-13","purchased_purges":2,"victory":false,"max_hp_per_floor":[68,68,68,78,78,78,78,78,78,78,78,78,78,78,78,78,78,78,83,83,83,83,83,83,83,83,83,83,83,83,83,83,83,83,83,83,83,83,83,83],"relic_stats":{"Regal Pillow":45,"Nunchaku":[12],"Dream Catcher":0,"counters":[21,72],"Pen Nib":[5],"War Paint":["Defend_P","ConjureBlade"],"Medical Kit":[0],"obtain_stats":[{"Regal Pillow":8,"Pear":4,"NeowsBlessing":0,"Damaru":27,"Pen Nib":26,"War Paint":13,"Ancient Tea Set":6,"Medical Kit":20,"Runic Dome":34,"Nunchaku":9,"Dream Catcher":38,"HolyWater":17,"Molten Egg 2":25,"PureWater":0},{"Regal Pillow":5,"Pear":2,"NeowsBlessing":0,"Damaru":15,"Pen Nib":14,"War Paint":7,"Ancient Tea Set":4,"Medical Kit":10,"Runic Dome":18,"Nunchaku":5,"Dream Catcher":20,"HolyWater":9,"Molten Egg 2":14,"PureWater":0},{"Regal Pillow":11,"Pear":2,"NeowsBlessing":0,"Damaru":49,"Pen Nib":46,"War Paint":21,"Ancient Tea Set":6,"Medical Kit":32,"Runic Dome":61,"Nunchaku":11,"Dream Catcher":69,"HolyWater":30,"Molten Egg 2":46,"PureWater":0}]},"card_choices":[{"not_picked":["PathToVictory","EmptyFist","CrushJoints"],"picked":"SKIP","floor":1.0},{"not_picked":["LikeWater","CutThroughFate"],"picked":"Wallop","floor":3.0},{"not_picked":["Fasting2","Crescendo"],"picked":"CutThroughFate","floor":5.0},{"not_picked":["ClearTheMind","Weave"],"picked":"BowlingBash","floor":6.0},{"not_picked":["ThirdEye","ReachHeaven","ClearTheMind"],"picked":"SKIP","floor":8.0},{"not_picked":["Protect","Evaluate","Weave"],"picked":"SKIP","floor":11.0},{"not_picked":["Wireheading","FollowUp"],"picked":"ConjureBlade","floor":13.0},{"not_picked":["Protect","JustLucky","Halt"],"picked":"SKIP","floor":14.0},{"not_picked":["Wish","Judgement"],"picked":"Ragnarok","floor":16.0},{"not_picked":["Evaluate+1","Fasting2","BowlingBash"],"picked":"SKIP","floor":18.0},{"not_picked":["SignatureMove","FlyingSleeves","CrushJoints"],"picked":"SKIP","floor":21.0},{"not_picked":["CarveReality+1","EmptyBody"],"picked":"Indignation","floor":22.0},{"not_picked":["CrushJoints","Crescendo","CutThroughFate"],"picked":"SKIP","floor":24.0},{"not_picked":["Halt","PathToVictory","EmptyBody"],"picked":"SKIP","floor":25.0},{"not_picked":["Ragnarok+1","Collect+1","Prostrate+1"],"picked":"SKIP","floor":27.0},{"not_picked":["EmptyBody","FlyingSleeves+1","Protect"],"picked":"SKIP","floor":29.0},{"not_picked":["Conclude+1","JustLucky+1","EmptyFist+1"],"picked":"SKIP","floor":31.0},{"not_picked":["SpiritShield","DeusExMachina"],"picked":"Vault","floor":33.0},{"not_picked":["PathToVictory","Protect+1","Sanctity"],"picked":"SKIP","floor":35.0},{"not_picked":["LikeWater","EmptyFist+1","FlyingSleeves+1"],"picked":"SKIP","floor":36.0}],"player_experience":210778,"relics_obtained":[{"floor":4.0,"key":"Pear"},{"floor":6.0,"key":"Ancient Tea Set"},{"floor":8.0,"key":"Regal Pillow"},{"floor":9.0,"key":"Nunchaku"},{"floor":13.0,"key":"War Paint"},{"floor":25.0,"key":"Molten Egg 2"},{"floor":26.0,"key":"Pen Nib"},{"floor":27.0,"key":"Damaru"}],"event_choices":[{"damage_healed":0.0,"max_hp_gain":0.0,"max_hp_loss":0.0,"gold_gain":0.0,"cards_transformed":["Defend_P"],"event_name":"Living Wall","player_choice":"Change","floor":2.0,"gold_loss":0.0,"damage_taken":0.0,"cards_obtained":["Brilliance"]},{"damage_healed":0.0,"max_hp_gain":0.0,"max_hp_loss":0.0,"gold_gain":0.0,"event_name":"Shining Light","player_choice":"Ignored","floor":10.0,"gold_loss":0.0,"damage_taken":0.0},{"damage_healed":0.0,"max_hp_gain":5.0,"max_hp_loss":0.0,"gold_gain":0.0,"event_name":"Forgotten Altar","player_choice":"Shed Blood","floor":19.0,"gold_loss":0.0,"damage_taken":27.0},{"damage_healed":0.0,"max_hp_gain":0.0,"max_hp_loss":0.0,"gold_gain":0.0,"event_name":"Tomb of Lord Red Mask","player_choice":"Ignored","floor":37.0,"gold_loss":0.0,"damage_taken":0.0}],"is_beta":false,"boss_relics":[{"not_picked":["Velvet Choker","Empty Cage"],"picked":"HolyWater"},{"not_picked":["Philosopher\u0027s Stone","Cursed Key"],"picked":"Runic Dome"}],"items_purged_floors":[20,38],"is_endless":false,"potions_floor_spawned":[5,6,11,13,16,24,25,27,31,36],"killed_by":"Spire Growth","ascension_level":20}}