{"host":"zhypnm5xlgq8j242","time":1608641048,"event":{"mods":["AchievementEnabler","BaseMod","BetterRewards","Colored Powertips","Hermit","Keyboard Shortcuts","Minty Spire (QoL Compilation)","Quick Restart","Replay The Spire","Shop Mod","StSLib","The Cursed","The Hierophant","The Runesmith"],"gold_per_floor":[117,117,117,67,82,82,92,92,92,92,118,180,43,61,61,163,163,182,196,196,196],"floor_reached":20,"playtime":789,"items_purged":[],"score":241,"play_id":"66ed75eb-3dc9-4fa5-84c2-496cb05d9fd7","local_time":"20201222214408","is_ascension_mode":true,"campfire_choices":[{"data":"Neutralize","floor":6,"key":"SMITH"},{"data":"Bane","floor":8,"key":"SMITH"},{"floor":10,"key":"REST"},{"floor":15,"key":"REST"}],"circlet_count":0,"master_deck":["Strike_G","Strike_G","Strike_G","Defend_G","Defend_G","Defend_G","Defend_G","Defend_G","Survivor","Neutralize+1","Poisoned Stab","Dodge and Roll","Bane+1","Skewer","Poisoned Stab","ReplayTheSpireMod:Splinters","Replay:Poison Smokescreen","Backflip","Adrenaline","Decay","Hallucinations","TheCursedMod:Dregs","Noxious Fumes"],"relics":["Painkiller Herb","Chameleon Ring","Replay:Bottled Flurry","Nunchaku","ReplayTheSpireMod:CursedCoin","Mummified Hand","Replay:Ancient Bell","Pen Nib","Pear","Replay:PocketPolymizer"],"acts_visited":["Exordium","TheCity"],"potions_floor_usage":[11,20],"damage_taken":[{"damage":4,"enemies":"2 Louse","floor":1,"turns":4},{"damage":0,"enemies":"Small Slimes","floor":5,"turns":4},{"damage":3,"enemies":"Jaw Worm","floor":7,"turns":4},{"damage":11,"enemies":"Lagavulin","floor":11,"turns":7},{"damage":34,"enemies":"Lagavulin Event","floor":12,"turns":7},{"damage":1,"enemies":"2 Fungi Beasts","floor":14,"turns":3},{"damage":38,"enemies":"Fading Forest","floor":16,"turns":11},{"damage":33,"enemies":"2 Thieves","floor":18,"turns":5},{"damage":13,"enemies":"Chosen","floor":19,"turns":4},{"damage":22,"enemies":"3 Cultists","floor":20,"turns":4}],"seed_played":"8314559786398813635","potions_obtained":[{"floor":1,"key":"AttackPotion"},{"floor":7,"key":"Energy Potion"},{"floor":14,"key":"LiquidBronze"}],"is_trial":false,"path_per_floor":["?","?","?","?","?","T","?","T","T","T","E","?","T","?","T","B",null,"?","?","?"],"character_chosen":"THE_SILENT","items_purchased":["ReplayTheSpireMod:CursedCoin","Replay:Poison Smokescreen","Mummified Hand"],"campfire_rested":2,"item_purchase_floors":[13,13,13],"current_hp_per_floor":[59,59,52,52,52,52,49,49,49,70,59,25,25,24,45,15,66,33,20,0,0],"gold":196,"neow_bonus":"BOSS_RELIC","is_daily":false,"chose_seed":false,"campfire_upgraded":2,"win_rate":0.0,"timestamp":1608641048,"path_taken":["?","?","?","?","?","T","?","T","T","T","E","?","T","?","T","BOSS","?","?","?"],"items_purchased_type":["Relic","Card","Relic"],"build_version":"2020-12-13","purchased_purges":0,"victory":false,"max_hp_per_floor":[70,70,70,70,70,70,70,70,70,70,70,70,70,70,70,70,80,80,80,80,80],"card_choices":[{"not_picked":["Riddle With Holes","Blade Dance"],"picked":"Poisoned Stab","floor":1},{"not_picked":["Dagger Throw","Blade Dance"],"picked":"Dodge and Roll","floor":5},{"not_picked":["Quick Slash","Outmaneuver"],"picked":"Bane","floor":7},{"not_picked":["Acrobatics","Sucker Punch"],"picked":"Skewer","floor":11},{"not_picked":["Fluid Movement","Dodge and Roll"],"picked":"Poisoned Stab","floor":12},{"not_picked":["ReplayTheSpireMod:Scrap Shanks","Escape Plan"],"picked":"Backflip","floor":14},{"not_picked":["Storm of Steel","Malaise"],"picked":"Adrenaline","floor":16},{"not_picked":["Replay:Hysterical Blindness","Normality"],"picked":"Decay","floor":17},{"not_picked":["CurseOfTheBell","Replay:Hysterical Blindness"],"picked":"Hallucinations","floor":17},{"not_picked":["Normality","Replay:Hysterical Blindness"],"picked":"TheCursedMod:Dregs","floor":17},{"not_picked":["Endless Agony","Deflect+1","Cloak And Dagger"],"picked":"SKIP","floor":18},{"not_picked":["Setup","Replay:Poison Smokescreen+1"],"picked":"Noxious Fumes","floor":19}],"player_experience":599330,"relics_obtained":[{"floor":9,"key":"Chameleon Ring"},{"floor":11,"key":"Replay:Bottled Flurry"}],"event_choices":[{"damage_healed":0,"gold_gain":0,"player_choice":"Ignored","damage_taken":0,"max_hp_gain":0,"max_hp_loss":0,"event_name":"Liars Game","floor":2,"gold_loss":0},{"cards_removed":["Strike_G"],"damage_healed":0,"gold_gain":0,"player_choice":"Card Removal","damage_taken":7,"max_hp_gain":0,"max_hp_loss":0,"event_name":"Golden Wing","floor":3,"gold_loss":0},{"cards_removed":["Strike_G"],"damage_healed":0,"gold_gain":0,"player_choice":"Card Removal","damage_taken":0,"max_hp_gain":0,"max_hp_loss":0,"event_name":"The Cleric","floor":4,"gold_loss":50},{"damage_healed":0,"gold_gain":30,"player_choice":"Searched \u00273\u0027 times","damage_taken":0,"relics_obtained":["Nunchaku"],"max_hp_gain":0,"max_hp_loss":0,"event_name":"Dead Adventurer","floor":12,"gold_loss":0}],"is_beta":false,"boss_relics":[{"not_picked":["Kintsugi","Coffee Dripper"],"picked":"Replay:Ancient Bell"},{"not_picked":["MawBank","Replay:Rubber Ducky"],"picked":"Pen Nib"},{"not_picked":["Divine Protection","Ornamental Fan"],"picked":"Pear"},{"not_picked":["Replay:Arrowhead","Runesmith:Locket"],"picked":"Replay:PocketPolymizer"}],"items_purged_floors":[],"is_endless":false,"potions_floor_spawned":[1,7,14],"killed_by":"3 Cultists","ascension_level":8}}