{"host":"kgj3hkp928synzkd","time":1608662221,"event":{"mods":["2.2 Compatiblity","A Magickal Journey","AchievementEnabler","Act Like it!","AlwaysNeverKeys","BaseMod","Better Altar","Better Match","Better Note","Better Sensory Stone","Better Synergies","Better Third Choice","Better Vampires","Block Reminder","Colored Map","Colored Powertips","Conspire","Curses Come First","Disable Question Mark Monsters","Downfall","GifTheSpireLib","Googly Eyes","Gremlin Skip","GungeonMod","Hallownest","Infinite Spire","Luminous","Marisa????????","Marked Mod","Minty Spire (QoL Compilation)","Permanent Neow","Quick Restart","Random Character Button","Rare Cards Sparkle","Replay The Spire","Spicy Shops","StSLib","SuperFastMode","The Bug Knight","The Exalted","Uncapped"],"gold_per_floor":[99,99,49,64,148,148,148,148,167,167,217,217,242,252,275,275,275,275],"floor_reached":16,"playtime":662,"items_purged":[],"score":100,"play_id":"498a66d0-e04c-4ca3-8d8b-9a3e473a3edf","local_time":"20201222133701","is_ascension_mode":false,"campfire_choices":[{"data":"Slimebound:Tackle","floor":1,"key":"SMITH"},{"floor":6,"key":"REST"},{"floor":8,"key":"REST"},{"data":"Slimebound:SamplingLick","floor":10,"key":"SMITH"},{"floor":12,"key":"REST"}],"circlet_count":0,"master_deck":["Slimebound:Strike_Slimebound","Slimebound:Strike_Slimebound","Slimebound:Strike_Slimebound","Slimebound:Tackle+1","Slimebound:Defend_Slimebound","Slimebound:Defend_Slimebound","Slimebound:Defend_Slimebound","Slimebound:Defend_Slimebound","Slimebound:Split","Slimebound:CorrosiveSpit","conspire:SpireCoStock","Slimebound:SamplingLick","Slimebound:SamplingLick+1","Slimebound:BestDefense","Slimebound:SplitAcid","Slimebound:SplitAcid","Slimebound:SplitMire"],"relics":["Slimebound:AbsorbEndCombat","infinitespire:Broken Mirror","infinitespire:Lucky Rock"],"acts_visited":["Exordium"],"potions_floor_usage":[16],"damage_taken":[{"damage":32,"enemies":"Small Slimes","floor":4,"turns":3},{"damage":4,"enemies":"Jaw Worm","floor":9,"turns":3},{"damage":42,"enemies":"3 Sentries","floor":11,"turns":11},{"damage":11,"enemies":"2 Louse","floor":13,"turns":3},{"damage":20,"enemies":"Exordium Wildlife","floor":14,"turns":4},{"damage":26,"enemies":"Lots of Slimes","floor":15,"turns":2},{"damage":26,"enemies":"downfall:Defect","floor":16,"turns":3}],"seed_played":"5551236148071148185","potions_obtained":[{"floor":4,"key":"Adrenaline Potion"},{"floor":5,"key":"DemoMod:LeadSkinPotion"},{"floor":5,"key":"Milkshake"}],"is_trial":false,"path_per_floor":["R","?","?","M","?","R","T","R","M","R","E","R","M","M","M","B"],"character_chosen":"SLIMEBOUND","items_purchased":[],"campfire_rested":3,"item_purchase_floors":[],"current_hp_per_floor":[66,50,50,30,4,23,23,42,50,50,16,35,36,32,14,0,0,0],"gold":275,"neow_bonus":"TEN_PERCENT_HP_BONUS","is_daily":false,"chose_seed":false,"campfire_upgraded":2,"win_rate":0.0,"timestamp":1608662221,"path_taken":["R","?","?","M","?","R","T","R","?","R","E","R","M","M","M","BOSS"],"items_purchased_type":[],"build_version":"2020-12-13","purchased_purges":0,"victory":false,"max_hp_per_floor":[66,66,66,66,66,66,66,66,66,66,66,66,66,66,66,66,66,66],"card_choices":[{"not_picked":["Slimebound:GrowthPunch","Slimebound:ComboTackle"],"picked":"Slimebound:SamplingLick","floor":4},{"not_picked":["Slimebound:Schlurp","Slimebound:AcidTongue"],"picked":"Slimebound:SamplingLick","floor":5},{"not_picked":["Slimebound:Schlurp","Slimebound:SlimeTap","Slimebound:GoopTackle"],"picked":"SKIP","floor":9},{"not_picked":["Slimebound:RallyTheTroops","Slimebound:Repurpose"],"picked":"Slimebound:BestDefense","floor":11},{"not_picked":["Slimebound:PressTheAttack","Slimebound:MegaLick"],"picked":"Slimebound:SplitAcid","floor":13},{"not_picked":["Slimebound:RollThrough","Slimebound:SlimeTap"],"picked":"Slimebound:SplitAcid","floor":14},{"not_picked":["Slimebound:SplitBruiser","Slimebound:Schlurp"],"picked":"Slimebound:SplitMire","floor":15}],"player_experience":295703,"relics_obtained":[{"floor":7,"key":"infinitespire:Broken Mirror"},{"floor":11,"key":"infinitespire:Lucky Rock"}],"event_choices":[{"damage_healed":0,"gold_gain":0,"player_choice":"Invest 1","damage_taken":0,"max_hp_gain":0,"max_hp_loss":0,"event_name":"conspire:Investor","floor":3,"gold_loss":0}],"is_beta":false,"boss_relics":[],"items_purged_floors":[],"is_endless":false,"potions_floor_spawned":[4,9,13],"killed_by":"downfall:Defect","ascension_level":0}}