{"host":"4b06nrmhsmzqjm1r","time":1608601042,"event":{"mods":["2.2 Compatiblity","AchievementEnabler","BaseMod","BetterRewards","Colored Map","Colored Powertips","Downfall","Hermit","Highlight Path","Marisa????????","Minty Spire (QoL Compilation)","StSLib","The Animator","The Cursed","The Hierophant","The Servant 0.9.4"],"gold_per_floor":[118,293,313,313,135,135,154,188,188,204,204,231,247,278,278,383,383,402,418,693,709,808,808,835,835,835,855,597,610,629,222,222,324,324,337,27,44,0,10,40,40,67,143,143,143,193,213,213,213,213,213,213,13,42,42,42],"floor_reached":55,"playtime":10224,"items_purged":["hermit:Defend_Hermit","hermit:Strike_Hermit","hermit:Showdown","hermit:FullyLoaded"],"score":840,"play_id":"374f2355-e1db-4d58-b7c7-da25bb0618b4","local_time":"20201222023722","is_ascension_mode":false,"campfire_choices":[{"data":"hermit:Determination","floor":6.0,"key":"SMITH"},{"floor":15.0,"key":"REST"},{"floor":23.0,"key":"REST"},{"floor":32.0,"key":"REST"},{"floor":41.0,"key":"REST"},{"floor":45.0,"key":"RECALL"},{"floor":49.0,"key":"REST"},{"data":"hermit:Combo","floor":52.0,"key":"SMITH"}],"circlet_count":0,"master_deck":["hermit:Strike_Hermit","hermit:Strike_Hermit","hermit:Snapshot","hermit:Covet","hermit:FlashPowder","hermit:BodyArmor","hermit:ShadowCloak","hermit:Spite","hermit:HighCaliber","hermit:Ricochet","Doubt","hermit:GoldenBullet","Regret","hermit:Determination+1","hermit:Deadeye","hermit:Grudge","hermit:Grudge","hermit:Dive","hermit:BodyArmor","hermit:GhostlyPresence","hermit:Gambit","hermit:Enervate+1","hermit:TakeAim+1","hermit:Reprieve+1","hermit:Vantage","Regret","hermit:Desperado+1","hermit:TrackingShot","hermit:Enervate","hermit:BigShot","hermit:FatalDesire","hermit:GhostlyPresence","hermit:Snipe","hermit:Combo+1","hermit:HeroicBravado","hermit:TrackingShot","hermit:Malice+1","Writhe"],"relics":["hermit:Momento","hermit:PetGhost","hermit:RyeStalk","FossilizedHelix","Darkstone Periapt","InkBottle","Ginger","Art of War","Astrolabe","Bag of Preparation","hermit:Horseshoe","Vajra","Busted Crown","Du-Vu Doll","Red Mask","Potion Belt","Singing Bowl","hermit:Spyglass","TungstenRod","Kunai"],"acts_visited":["Exordium","TheCity","TheBeyond","TheEnding"],"potions_floor_usage":[],"damage_taken":[{"damage":0.0,"enemies":"Small Slimes","floor":1.0,"turns":2.0},{"damage":0.0,"enemies":"Jaw Worm","floor":3.0,"turns":3.0},{"damage":0.0,"enemies":"Cultist","floor":7.0,"turns":3.0},{"damage":2.0,"enemies":"Lagavulin","floor":8.0,"turns":6.0},{"damage":0.0,"enemies":"Exordium Wildlife","floor":10.0,"turns":2.0},{"damage":0.0,"enemies":"Gremlin Nob","floor":12.0,"turns":4.0},{"damage":10.0,"enemies":"Large Slime","floor":13.0,"turns":5.0},{"damage":0.0,"enemies":"3 Sentries","floor":14.0,"turns":3.0},{"damage":12.0,"enemies":"The Guardian","floor":16.0,"turns":12.0},{"damage":0.0,"enemies":"3 Byrds","floor":18.0,"turns":4.0},{"damage":19.0,"enemies":"Chosen","floor":19.0,"turns":6.0},{"damage":38.0,"enemies":"3 Cultists","floor":21.0,"turns":6.0},{"damage":9.0,"enemies":"Gremlin Leader","floor":24.0,"turns":5.0},{"damage":22.0,"enemies":"Sentry and Sphere","floor":27.0,"turns":6.0},{"damage":21.0,"enemies":"Chosen and Byrds","floor":29.0,"turns":6.0},{"damage":17.0,"enemies":"Centurion and Healer","floor":30.0,"turns":6.0},{"damage":9.0,"enemies":"Champ","floor":33.0,"turns":5.0},{"damage":23.0,"enemies":"3 Shapes","floor":35.0,"turns":5.0},{"damage":21.0,"enemies":"3 Darklings","floor":37.0,"turns":6.0},{"damage":6.0,"enemies":"4 Shapes","floor":39.0,"turns":4.0},{"damage":38.0,"enemies":"Nemesis","floor":40.0,"turns":7.0},{"damage":1.0,"enemies":"Giant Head","floor":42.0,"turns":6.0},{"damage":9.0,"enemies":"Mind Bloom Boss Battle","floor":46.0,"turns":5.0},{"damage":0.0,"enemies":"Maw","floor":47.0,"turns":5.0},{"damage":64.0,"enemies":"Donu and Deca","floor":50.0,"turns":8.0},{"damage":80.0,"enemies":"Shield and Spear","floor":54.0,"turns":5.0},{"damage":100021,"enemies":"The Heart","floor":55,"turns":5}],"seed_played":"-7249415419682008497","potions_obtained":[{"floor":3.0,"key":"Energy Potion"},{"floor":7.0,"key":"Weak Potion"},{"floor":10.0,"key":"Guardian:BlockOnCardUsePotion"},{"floor":18.0,"key":"PowerPotion"},{"floor":27.0,"key":"Dexterity Potion"},{"floor":29.0,"key":"BlessingOfTheForge"},{"floor":30.0,"key":"FearPotion"},{"floor":40.0,"key":"Fire Potion"},{"floor":46.0,"key":"champ:CounterPotion"},{"floor":47.0,"key":"ColorlessPotion"}],"is_trial":false,"path_per_floor":["M","?","M","?","$","R","M","E","T","M","?","E","M","E","R","B",null,"M","M","?","M","?","R","E","?","T","M","$","M","M","$","R","B",null,"M","$","M","?","M","E","R","E","T","?","R","?","M","?","R","B",null,"R","$","E","B"],"character_chosen":"HERMIT","items_purchased":["hermit:PetGhost","hermit:RyeStalk","hermit:FlashPowder","hermit:BodyArmor","hermit:ShadowCloak","hermit:Showdown","hermit:Spite","hermit:Determination","hermit:Deadeye","hermit:BigShot","Ancient Potion","Vajra","hermit:Snipe","hermit:Combo","Du-Vu Doll","Block Potion"],"campfire_rested":5,"item_purchase_floors":[0,0,0,0,0,0,0,5,5,28,28,31,31,31,36,53],"current_hp_per_floor":[40,40,40,46,46,46,46,44,44,44,37,37,27,27,51,39,81,81,62,68,30,30,56,47,47,47,25,25,16,11,11,37,36,87,73,73,52,52,54,16,42,43,43,71,71,64,66,68,98,34,101,101,101,23,0,0],"gold":42,"neow_bonus":"","is_daily":false,"chose_seed":false,"campfire_upgraded":2,"win_rate":0.0,"timestamp":1608601042,"path_taken":["M","?","M","?","?","R","M","E","T","?","?","E","M","E","R","BOSS","M","M","?","?","?","R","E","?","T","M","$","M","M","$","R","BOSS","M","$","M","?","M","E","R","E","T","?","R","?","M","?","R","BOSS","R","$","E","BOSS"],"items_purchased_type":["Relic","Relic","Card","Card","Card","Card","Card","Card","Card","Card","Potion","Relic","Card","Card","Relic","Potion"],"build_version":"2020-12-13","purchased_purges":4,"victory":false,"max_hp_per_floor":[75,75,75,81,81,81,81,81,81,81,81,81,81,81,81,81,81,81,81,87,87,87,87,87,87,87,87,87,87,87,87,87,87,87,87,87,87,87,87,87,87,89,89,95,95,97,99,101,101,101,101,101,101,103,103,103],"card_choices":[{"not_picked":["hermit:Coalescence","hermit:Brawl"],"picked":"hermit:Ricochet","floor":1.0},{"not_picked":["hermit:Quickdraw","hermit:Midnight"],"picked":"hermit:GoldenBullet","floor":3.0},{"not_picked":["hermit:LoneWolf","hermit:LuckOfTheDraw"],"picked":"hermit:Grudge","floor":7.0},{"not_picked":["hermit:Cheat","hermit:Coalescence"],"picked":"hermit:Grudge","floor":8.0},{"not_picked":["hermit:Manifest","hermit:Quickdraw"],"picked":"hermit:Dive","floor":10.0},{"not_picked":["hermit:Roughhouse","hermit:HighCaliber"],"picked":"hermit:BodyArmor","floor":12.0},{"not_picked":["hermit:Quickdraw","hermit:HighCaliber"],"picked":"hermit:GhostlyPresence","floor":13.0},{"not_picked":["hermit:BigShot","hermit:Misfire"],"picked":"hermit:FullyLoaded","floor":14.0},{"not_picked":["hermit:DeadOrAlive","hermit:HeroicBravado"],"picked":"hermit:Gambit","floor":16.0},{"not_picked":["hermit:Coalescence","hermit:TakeCover"],"picked":"hermit:Vantage","floor":18.0},{"not_picked":["hermit:Midnight","hermit:ShadowCloak","hermit:Feint"],"picked":"SKIP","floor":19.0},{"not_picked":["hermit:TakeCover","hermit:Virtue"],"picked":"hermit:Desperado+1","floor":21.0},{"not_picked":["hermit:ItchyTrigger","hermit:Virtue"],"picked":"hermit:TrackingShot","floor":24.0},{"not_picked":["hermit:Quickdraw","hermit:Shortfuse"],"picked":"hermit:Enervate","floor":27.0},{"not_picked":["hermit:Vantage","hermit:FullyLoaded"],"picked":"hermit:FatalDesire","floor":29.0},{"not_picked":["hermit:Manifest+1","hermit:HoleUp"],"picked":"hermit:GhostlyPresence","floor":30.0},{"not_picked":["hermit:EternalForm","hermit:HighNoon"],"picked":"hermit:HeroicBravado","floor":33.0},{"not_picked":[],"picked":"hermit:TrackingShot","floor":35.0},{"not_picked":[],"picked":"hermit:Malice+1","floor":37.0},{"not_picked":["hermit:Coalescence"],"picked":"SKIP","floor":39.0},{"not_picked":["hermit:Quickdraw"],"picked":"SKIP","floor":40.0},{"not_picked":["hermit:Glare+1"],"picked":"Singing Bowl","floor":42.0},{"not_picked":["hermit:FullyLoaded+1"],"picked":"Singing Bowl","floor":46.0},{"not_picked":["hermit:LowProfile"],"picked":"Singing Bowl","floor":47.0},{"not_picked":["expansioncontent:GoopSpray"],"picked":"Singing Bowl","floor":48.0},{"not_picked":["hermit:Vantage"],"picked":"Singing Bowl","floor":54.0}],"player_experience":191417,"relics_obtained":[{"floor":8.0,"key":"InkBottle"},{"floor":12.0,"key":"Ginger"},{"floor":14.0,"key":"Art of War"},{"floor":24.0,"key":"Bag of Preparation"},{"floor":26.0,"key":"hermit:Horseshoe"},{"floor":40.0,"key":"Potion Belt"},{"floor":42.0,"key":"Singing Bowl"},{"floor":43.0,"key":"hermit:Spyglass"},{"floor":46.0,"key":"TungstenRod"},{"floor":54.0,"key":"Kunai"}],"event_choices":[{"damage_healed":0.0,"max_hp_gain":0.0,"max_hp_loss":0.0,"gold_gain":175.0,"event_name":"Liars Game","player_choice":"AGREE","floor":2.0,"gold_loss":0.0,"damage_taken":0.0,"cards_obtained":["Doubt"]},{"damage_healed":0.0,"max_hp_gain":0.0,"max_hp_loss":0.0,"gold_gain":0.0,"event_name":"Big Fish","player_choice":"Box","floor":4.0,"gold_loss":0.0,"damage_taken":0.0,"relics_obtained":["Darkstone Periapt"],"cards_obtained":["Regret"]},{"cards_removed":["hermit:Defend_Hermit"],"damage_healed":0.0,"max_hp_gain":0.0,"max_hp_loss":0.0,"gold_gain":0.0,"event_name":"Golden Wing","player_choice":"Card Removal","floor":11.0,"gold_loss":0.0,"damage_taken":7.0},{"damage_healed":0.0,"max_hp_gain":0.0,"max_hp_loss":0.0,"gold_gain":275.0,"event_name":"Golden Shrine","player_choice":"Desecrate","floor":20.0,"gold_loss":0.0,"damage_taken":0.0,"cards_obtained":["Regret"]},{"damage_healed":0.0,"max_hp_gain":0.0,"max_hp_loss":0.0,"gold_gain":99.0,"event_name":"Nest","player_choice":"Stole From Cult","floor":22.0,"gold_loss":0.0,"damage_taken":0.0},{"damage_healed":0.0,"max_hp_gain":0.0,"max_hp_loss":0.0,"gold_gain":0.0,"event_name":"Vampires","player_choice":"Ignored","floor":25.0,"gold_loss":0.0,"damage_taken":0.0},{"damage_healed":0.0,"max_hp_gain":0.0,"max_hp_loss":0.0,"gold_gain":0.0,"event_name":"Tomb of Lord Red Mask","player_choice":"Paid","floor":38.0,"gold_loss":44.0,"damage_taken":0.0,"relics_obtained":["Red Mask"]},{"damage_healed":22.0,"max_hp_gain":0.0,"max_hp_loss":0.0,"gold_gain":0.0,"event_name":"Winding Halls","player_choice":"Writhe","floor":44.0,"gold_loss":0.0,"damage_taken":0.0,"cards_obtained":["Writhe"]},{"damage_healed":0.0,"max_hp_gain":0.0,"max_hp_loss":0.0,"gold_gain":0.0,"event_name":"MindBloom","player_choice":"Fight","floor":46.0,"gold_loss":0.0,"damage_taken":0.0},{"damage_healed":0.0,"max_hp_gain":0.0,"max_hp_loss":0.0,"gold_gain":0.0,"event_name":"SensoryStone","player_choice":"Memory 1","floor":48.0,"gold_loss":0.0,"damage_taken":0.0}],"is_beta":false,"boss_relics":[{"not_picked":["Black Star","Sozu"],"picked":"Astrolabe"},{"not_picked":["Snecko Eye","Runic Dome"],"picked":"Busted Crown"}],"items_purged_floors":[5,28,31,53],"is_endless":false,"potions_floor_spawned":[3,7,10,18,27,29,30,40,46,47],"killed_by":"The Heart","ascension_level":0}}