{"host":"mi0eibewekhugwl1","time":1608635722,"event":{"mods":["AchievementEnabler","BaseMod","Colored Map","Colored Powertips","DeckTracker","Keyboard Shortcuts","Minty Spire (QoL Compilation)","Quick Restart","Rare Cards Sparkle","Relic Stats","StSLib","SuperFastMode","everything is the same but u backflip on backflip"],"gold_per_floor":[210,224,238,254,267,267,283,283,310,320,351,56,66,80,80,80,80],"floor_reached":16,"playtime":432,"items_purged":["Strike_R"],"score":216,"play_id":"2da5591d-b65d-44c8-aff8-952c1839f712","local_time":"20201222201522","is_ascension_mode":true,"campfire_choices":[{"data":"Searing Blow","floor":6,"key":"SMITH"},{"data":"Searing Blow+1","floor":8,"key":"SMITH"},{"data":"Searing Blow+2","floor":15,"key":"SMITH"}],"circlet_count":0,"master_deck":["AscendersBane","Strike_R","Strike_R","Strike_R","Strike_R","Defend_R","Defend_R","Defend_R","Defend_R+1","Bash","Searing Blow+3","Sword Boomerang","Pommel Strike","Cleave","Intimidate","Battle Trance+1","Second Wind+1","Armaments+1"],"relics":["Burning Blood","Tiny Chest","Toxic Egg 2","War Paint"],"acts_visited":["Exordium"],"potions_floor_usage":[5,11,16,16],"damage_taken":[{"damage":12,"enemies":"Jaw Worm","floor":1,"turns":4},{"damage":7,"enemies":"Cultist","floor":2,"turns":4},{"damage":4,"enemies":"Small Slimes","floor":3,"turns":3},{"damage":14,"enemies":"Blue Slaver","floor":4,"turns":5},{"damage":5,"enemies":"Lots of Slimes","floor":5,"turns":3},{"damage":15,"enemies":"3 Louse","floor":7,"turns":3},{"damage":0,"enemies":"2 Fungi Beasts","floor":10,"turns":3},{"damage":29,"enemies":"Lagavulin","floor":11,"turns":6},{"damage":0,"enemies":"Exordium Wildlife","floor":13,"turns":3},{"damage":5,"enemies":"Blue Slaver","floor":14,"turns":4},{"damage":38,"enemies":"Slime Boss","floor":16,"turns":10}],"seed_played":"7571554525474120995","potions_obtained":[{"floor":2,"key":"EssenceOfSteel"},{"floor":3,"key":"GamblersBrew"},{"floor":5,"key":"AttackPotion"}],"is_trial":false,"path_per_floor":["M","M","M","M","M","R","M","R","T","M","E","$","M","M","R","B"],"character_chosen":"IRONCLAD","items_purchased":["War Paint","Block Potion"],"campfire_rested":0,"item_purchase_floors":[12,12],"current_hp_per_floor":[62,61,63,55,56,56,47,47,47,53,30,30,36,37,37,0,0],"gold":80,"neow_bonus":"HUNDRED_GOLD","is_daily":false,"chose_seed":false,"campfire_upgraded":3,"win_rate":0.0,"timestamp":1608635722,"path_taken":["M","M","M","M","M","R","M","R","T","M","E","$","M","M","R","BOSS"],"items_purchased_type":["Relic","Potion"],"build_version":"2020-12-13","purchased_purges":1,"victory":false,"max_hp_per_floor":[75,75,75,75,75,75,75,75,75,75,75,75,75,75,75,75,75],"relic_stats":{"counters":[11,48],"Tiny Chest":0,"War Paint":["Battle Trance","Defend_R"],"obtain_stats":[{"Tiny Chest":9,"Toxic Egg 2":11,"War Paint":12,"Burning Blood":0},{"Tiny Chest":6,"Toxic Egg 2":8,"War Paint":8,"Burning Blood":0},{"Tiny Chest":22,"Toxic Egg 2":31,"War Paint":31,"Burning Blood":0}],"Burning Blood":60},"card_choices":[{"not_picked":["Thunderclap","Warcry"],"picked":"Searing Blow","floor":1},{"not_picked":["Anger","Intimidate"],"picked":"Sword Boomerang","floor":2},{"not_picked":["Shockwave","Limit Break"],"picked":"Pommel Strike","floor":3},{"not_picked":["Anger","Combust"],"picked":"Cleave","floor":4},{"not_picked":["Spot Weakness","Dropkick"],"picked":"Intimidate","floor":5},{"not_picked":["True Grit","Anger"],"picked":"Battle Trance","floor":7},{"not_picked":["Exhume","Havoc","Reckless Charge"],"picked":"SKIP","floor":10},{"not_picked":["Carnage","Double Tap+1"],"picked":"Second Wind+1","floor":11},{"not_picked":["Clash","Shrug It Off+1"],"picked":"Armaments+1","floor":13},{"not_picked":["Body Slam","Dropkick","Infernal Blade+1"],"picked":"SKIP","floor":14}],"player_experience":1698842,"relics_obtained":[{"floor":9,"key":"Tiny Chest"},{"floor":11,"key":"Toxic Egg 2"}],"event_choices":[],"is_beta":false,"boss_relics":[],"items_purged_floors":[12],"is_endless":false,"potions_floor_spawned":[2,3,5,7,10],"killed_by":"Slime Boss","ascension_level":20}}