{"host":"wkk5enod093i5auu","time":1608613368,"event":{"mods":["Act Like it!","BaseMod","Decade(王小明)","Gensokyo","Koishi","Marisa（F雨　魔理沙）","Minty Spire (QoL Compilation)","Remilia（蕾米莉亚）","Replay The Spire","Spicy Shops","StSLib","The Animator","The Hierophant","The Servant 0.9.4","Youmu（魂魄妖梦）","Yuyuko","【东方二次创作】八云紫mod"],"gold_per_floor":[114,114,114,131,149,183,198,209,209,244,257,290,15,41,41,138,138,150,150,166,176,55,55,71,71,71,99,116,144,159,190,190,287,287,305,305,355,374,34,34,63,77,77,377,51,84,102,131,206,103,103,103],"floor_reached":51,"playtime":2737,"items_purged":["Strike_P"],"score":1475,"play_id":"b7a70a78-d6d6-4c8e-8f1f-2064569fb0c5","local_time":"20201222130248","daily_mods":["Specialized","Vintage","Heirloom","Time Dilation","DeadlyEvents","Elite Swarm"],"is_ascension_mode":true,"campfire_choices":[{"floor":15,"key":"REST"},{"floor":23,"key":"REST"},{"floor":25,"key":"REST"},{"floor":32,"key":"REST"},{"floor":44,"key":"DIG"}],"circlet_count":0,"master_deck":["Strike_P","Strike_P","Strike_P","Defend_P","Defend_P","Defend_P","Eruption","Vigilance+1","Brilliance+1","Brilliance","Brilliance","Brilliance","Brilliance+1","Devotion","Devotion+1","Replay:LoomingThreat+1","animator:Curse_Dizziness","Judgement+1","Judgement","Establishment+1","EmptyFist","Replay:ManipulateFuture","MasterReality+1","Consecrate","LessonLearned","DeusExMachina+1","Replay:AllIn","Ragnarok+1","Replay:DivineShield+1","Brilliance+1","AbeCurse","Madness","Madness","WindmillStrike","Adaptation+1","EmptyMind","DeusExMachina","DevaForm+1","Alpha","Crescendo+1","DeusExMachina"],"relics":["PureWater","Replay:PocketPolymizer","Blue Doll","Replay:Multitool","The Courier","Replay:Purple Gloves","ReplayTheSpireMod:Ninjato","Replay:Wax Seal","Frozen Egg 2","Question Card","ReplayTheSpireMod:TigerMarble","Du-Vu Doll","ReplayTheSpireMod:CursedCoin","Membership Card","Onion Ring","Simple Rune","Gremlin Food","Dream Catcher","BranchBurnRelic","VioletLotus","Unceasing Top","Divine Protection","Pen Nib","ScarletDevilRocket","Nunchaku","Pet Ghost","StoneCalendar","Boot","Replay:Accelerometer","Potion Belt","Thread and Needle","Oddly Smooth Stone","Blood Vial","Gambling Chip","Abe\u0027s Treasure","Gremlin Horn","CatCart","MealTicket","Damaru","Turnip","Replay:Rubber Ducky","Lizard Tail","HornCleat","Bag of Marbles","Snack Pack","Toy Ornithopter","Replay:WaspNest","Old Coin","Quantum Egg","Medical Kit","Sundial","Whetstone","Yang","Chameleon Ring","Omamori","ChewingGum"],"acts_visited":["Exordium","TheCity","TheBeyond","Exordium"],"potions_floor_usage":[10,14,16,24,33,46,50,50,50,50],"damage_taken":[{"damage":0,"enemies":"2 Louse","floor":1,"turns":1},{"damage":4,"enemies":"Small Slimes","floor":4,"turns":2},{"damage":0,"enemies":"Cultist","floor":5,"turns":2},{"damage":10,"enemies":"Gremlin Nob","floor":6,"turns":3},{"damage":13,"enemies":"Blue Slaver","floor":7,"turns":2},{"damage":8,"enemies":"Lots of Slimes","floor":8,"turns":2},{"damage":0,"enemies":"Lagavulin","floor":10,"turns":2},{"damage":0,"enemies":"Exordium Thugs","floor":11,"turns":3},{"damage":6,"enemies":"Replay:BlueRogue","floor":12,"turns":2},{"damage":0,"enemies":"3 Sentries","floor":14,"turns":3},{"damage":4,"enemies":"Fading Forest","floor":16,"turns":7},{"damage":19,"enemies":"Shell Parasite","floor":18,"turns":2},{"damage":19,"enemies":"3 Byrds","floor":20,"turns":4},{"damage":16,"enemies":"Snake Plant","floor":21,"turns":2},{"damage":16,"enemies":"Cultist and Chosen","floor":24,"turns":3},{"damage":0,"enemies":"Book of Stabbing","floor":27,"turns":1},{"damage":3,"enemies":"Shelled Parasite and Fungi","floor":28,"turns":2},{"damage":0,"enemies":"Gremlin Leader","floor":29,"turns":2},{"damage":0,"enemies":"Snecko","floor":30,"turns":1},{"damage":28,"enemies":"Slavers","floor":31,"turns":3},{"damage":20,"enemies":"Pondfish","floor":33,"turns":4},{"damage":0,"enemies":"3 Shapes","floor":35,"turns":1},{"damage":0,"enemies":"Orin","floor":37,"turns":2},{"damage":0,"enemies":"Orb Walker","floor":38,"turns":1},{"damage":0,"enemies":"R_Hoarder","floor":41,"turns":1},{"damage":0,"enemies":"3 Darklings","floor":42,"turns":1},{"damage":5,"enemies":"Giant Head","floor":46,"turns":2},{"damage":0,"enemies":"Sphere and 2 Shapes","floor":47,"turns":1},{"damage":0,"enemies":"R_Hoarder","floor":48,"turns":1},{"damage":0,"enemies":"Donu and Deca","floor":50,"turns":2}],"seed_played":"3215190044872313299","potions_obtained":[{"floor":1,"key":"Swift Potion"},{"floor":3,"key":"Languid Potion"},{"floor":3,"key":"Adrenaline Potion"},{"floor":3,"key":"Block Potion"},{"floor":7,"key":"BlessingOfTheForge"},{"floor":11,"key":"LifebloodPotion"},{"floor":16,"key":"Toxic Potion"},{"floor":18,"key":"Strength Potion"},{"floor":20,"key":"Ambrosia"},{"floor":31,"key":"Ancient Potion"},{"floor":33,"key":"DuplicationPotion"},{"floor":40,"key":"SkillPotion"},{"floor":40,"key":"Doom Potion"},{"floor":46,"key":"SkillPotion"},{"floor":50,"key":"AttackPotion"}],"is_trial":true,"path_per_floor":["M","?","?","M","M","E","M","M","T","E","M","E","$","E","R","B",null,"M","?","M","M","$","R","M","R","T","E","M","E","M","E","R","B",null,"M","?","?","M","$","R","E","M","T","R","$","E","M","E","R","B",null],"character_chosen":"WATCHER","items_purchased":["ReplayTheSpireMod:CursedCoin","Membership Card","FollowUp","Onion Ring","Simple Rune","Judgement","Gremlin Food","Nunchaku","Pet Ghost","StoneCalendar","Damaru","Adaptation+1","Turnip","Replay:Rubber Ducky","Lizard Tail","HornCleat","Bag of Marbles","Quantum Egg","Medical Kit","Sundial","Whetstone"],"campfire_rested":4,"item_purchase_floors":[13,13,13,13,13,13,13,22,22,22,39,39,39,39,39,39,39,45,45,45,45],"current_hp_per_floor":[72,60,60,56,56,46,33,25,25,25,25,19,19,19,40,51,72,53,53,34,18,18,39,32,53,53,53,50,50,50,24,45,39,72,72,63,65,67,72,72,72,72,72,72,72,69,72,72,72,72,72,72],"gold":103,"neow_bonus":"","is_daily":false,"chose_seed":false,"campfire_upgraded":0,"win_rate":0.0,"timestamp":1608613368,"path_taken":["M","?","?","M","?","E","M","M","T","?","M","E","$","E","R","BOSS","M","?","M","M","$","R","M","R","T","E","M","?","M","E","R","BOSS","M","?","?","M","$","R","E","?","T","R","$","E","M","E","R","BOSS"],"items_purchased_type":["Relic","Relic","Card","Relic","Relic","Card","Relic","Relic","Relic","Relic","Relic","Card","Relic","Relic","Relic","Relic","Relic","Relic","Relic","Relic","Relic"],"build_version":"2020-12-13","purchased_purges":1,"victory":false,"max_hp_per_floor":[72,72,72,72,72,72,72,72,72,72,72,72,72,72,72,72,72,72,72,72,72,72,72,72,72,72,72,72,72,72,72,72,72,72,72,72,72,72,72,72,72,72,72,72,72,72,72,72,72,72,72,72],"card_choices":[{"not_picked":["Scrawl","Judgement"],"picked":"Devotion","floor":6},{"not_picked":["Vault","Blasphemy"],"picked":"Devotion+1","floor":10},{"not_picked":["Scrawl","SpiritShield","Replay:AllIn"],"picked":"Replay:LoomingThreat+1","floor":12},{"not_picked":["Replay:AllIn","DeusExMachina","Wish"],"picked":"Establishment+1","floor":14},{"not_picked":["Collect","SignatureMove","PathToVictory"],"picked":"Replay:ManipulateFuture","floor":15},{"not_picked":["Scrawl","Brilliance","Establishment+1"],"picked":"MasterReality+1","floor":16},{"not_picked":["CrushJoints","FlyingSleeves+1","Protect+1"],"picked":"Consecrate","floor":23},{"not_picked":["WindmillStrike","Protect","Replay:Anticipation"],"picked":"LikeWater+1","floor":25},{"not_picked":["ConjureBlade","Omniscience","Devotion+1"],"picked":"DeusExMachina","floor":27},{"not_picked":["LessonLearned","Blasphemy","Replay:LoomingThreat+1"],"picked":"Replay:AllIn","floor":29},{"not_picked":["Omniscience","Scrawl","Blasphemy"],"picked":"Ragnarok","floor":31},{"not_picked":["Protect","Nirvana+1","Worship+1"],"picked":"Replay:DivineShield","floor":32},{"not_picked":["LessonLearned","Blasphemy","Scrawl"],"picked":"Brilliance","floor":33},{"not_picked":["Conclude+1","Consecrate","Replay:AtTheReady+1"],"picked":"WindmillStrike","floor":37},{"not_picked":["Devotion+1","Blasphemy","Scrawl"],"picked":"DeusExMachina","floor":41},{"not_picked":["Wish","Judgement","Brilliance"],"picked":"DevaForm+1","floor":46},{"not_picked":["ConjureBlade","Scrawl","DeusExMachina"],"picked":"Alpha","floor":48},{"not_picked":["Prostrate","Vengeance","SignatureMove"],"picked":"Crescendo+1","floor":49},{"not_picked":["Vault","Blasphemy","Scrawl"],"picked":"DeusExMachina","floor":50}],"player_experience":123101,"relics_obtained":[{"floor":1,"key":"Blue Doll"},{"floor":4,"key":"The Courier"},{"floor":5,"key":"Dead Branch"},{"floor":6,"key":"Replay:Purple Gloves"},{"floor":7,"key":"ReplayTheSpireMod:Ninjato"},{"floor":8,"key":"Replay:Wax Seal"},{"floor":9,"key":"Frozen Egg 2"},{"floor":10,"key":"Question Card"},{"floor":11,"key":"ReplayTheSpireMod:TigerMarble"},{"floor":12,"key":"Du-Vu Doll"},{"floor":14,"key":"Dream Catcher"},{"floor":18,"key":"Unceasing Top"},{"floor":19,"key":"Divine Protection"},{"floor":20,"key":"Pen Nib"},{"floor":21,"key":"ScarletDevilRocket"},{"floor":24,"key":"Boot"},{"floor":26,"key":"Replay:Accelerometer"},{"floor":27,"key":"Potion Belt"},{"floor":28,"key":"Thread and Needle"},{"floor":29,"key":"Oddly Smooth Stone"},{"floor":30,"key":"Blood Vial"},{"floor":31,"key":"Gambling Chip"},{"floor":35,"key":"Gremlin Horn"},{"floor":37,"key":"CatCart"},{"floor":38,"key":"MealTicket"},{"floor":41,"key":"Snack Pack"},{"floor":42,"key":"Toy Ornithopter"},{"floor":43,"key":"Replay:WaspNest"},{"floor":44,"key":"Old Coin"},{"floor":46,"key":"Yang"},{"floor":47,"key":"Chameleon Ring"},{"floor":48,"key":"Omamori"}],"event_choices":[{"damage_healed":0,"gold_gain":0,"player_choice":"Success","damage_taken":12,"relics_obtained":["Replay:Multitool"],"max_hp_gain":0,"max_hp_loss":0,"event_name":"Scrap Ooze","floor":2,"gold_loss":0},{"damage_healed":0,"gold_gain":0,"player_choice":"Got Potions","damage_taken":0,"max_hp_gain":0,"max_hp_loss":0,"event_name":"Lab","floor":3,"gold_loss":0},{"damage_healed":0,"gold_gain":0,"player_choice":"Relic","damage_taken":0,"max_hp_gain":0,"max_hp_loss":0,"event_name":"Wheel of Change","floor":19,"gold_loss":0},{"damage_healed":0,"gold_gain":0,"player_choice":"Embrace Madness","damage_taken":9,"max_hp_gain":0,"max_hp_loss":0,"event_name":"Winding Halls","floor":36,"gold_loss":0,"cards_obtained":["Madness","Madness"]},{"damage_healed":0,"gold_gain":0,"player_choice":"Fight","damage_taken":0,"max_hp_gain":0,"max_hp_loss":0,"event_name":"OrinTheCat","floor":37,"gold_loss":0}],"is_beta":false,"boss_relics":[{"not_picked":["Replay:Bronze Core","Pandora\u0027s Box"],"picked":"VioletLotus"},{"not_picked":["Empty Cage","Honey Jar"],"picked":"Abe\u0027s Treasure"},{"not_picked":["Ring of Chaos","Busted Crown"],"picked":"ChewingGum"}],"items_purged_floors":[13],"is_endless":true,"potions_floor_spawned":[1,7,11,12,16,18,20,31,33,41,46,50],"ascension_level":2}}