{"host":"qwv9nni2x0umspiu","time":1608614851,"event":{"mods":["BaseMod","Downfall","Minty Spire (QoL Compilation)","Replay The Spire","StSLib","The Hierophant","Wandering Minibosses"],"gold_per_floor":[111,111,36,36,36,36,36,66,66,99,99,24,24,24,40,60,60,98,98,114,114,114,126,126,151,151,169,169,84,94,94,74,74],"floor_reached":32,"playtime":872,"items_purged":["hierophant:Strike_Hierophant"],"score":698,"play_id":"ba95d8cf-cd58-4adf-9e3b-d25365de9a90","local_time":"20201221212731","is_ascension_mode":true,"campfire_choices":[{"data":"hierophant:Punish","floor":9,"key":"SMITH"},{"data":"hierophant:SealAway","floor":13,"key":"SMITH"},{"data":"hierophant:Zeal","floor":17,"key":"SMITH"},{"data":"hierophant:DivineIntervention","floor":26,"key":"SMITH"},{"data":"hierophant:HammerAndAnvil","floor":31,"key":"SMITH"}],"circlet_count":0,"master_deck":["AscendersBane","hierophant:Strike_Hierophant","hierophant:Strike_Hierophant","hierophant:Punish+1","hierophant:Defend_Hierophant","hierophant:Defend_Hierophant","hierophant:Defend_Hierophant","hierophant:ChurchCoffers+1","hierophant:SealAway+1","hierophant:Zeal+1","hierophant:DivineIntervention+1","hierophant:Smite","hierophant:HammerAndAnvil","hierophant:Shelter","hierophant:HammerAndAnvil+1"],"relics":["hierophant:PropheticMaskRelic","NeowsBlessing","Art of War","Bottled Flame","FossilizedHelix","Cursed Key","Replay:Towering Pillar of Hats","Unceasing Top"],"acts_visited":["Exordium","TheCity"],"potions_floor_usage":[16,18,21,32],"damage_taken":[{"damage":0,"enemies":"Small Slimes","floor":1,"turns":1},{"damage":0,"enemies":"Gremlin Nob","floor":8,"turns":1},{"damage":0,"enemies":"Lagavulin","floor":10,"turns":1},{"damage":0,"enemies":"Jaw Worm","floor":15,"turns":1},{"damage":0,"enemies":"3 Sentries","floor":16,"turns":3},{"damage":12,"enemies":"Slime Boss","floor":18,"turns":4},{"damage":0,"enemies":"3 Byrds","floor":20,"turns":1},{"damage":11,"enemies":"Shell Parasite","floor":21,"turns":6},{"damage":0,"enemies":"Snecko","floor":23,"turns":3},{"damage":38,"enemies":"Replay:Snechameleon","floor":25,"turns":6},{"damage":0,"enemies":"3 Cultists","floor":27,"turns":2},{"damage":0,"enemies":"Shelled Parasite and Fungi","floor":30,"turns":2},{"damage":22,"enemies":"Snake Plant","floor":32,"turns":2}],"seed_played":"-3996396248036835448","potions_obtained":[{"floor":10,"key":"Fire Potion"},{"floor":16,"key":"Death Potion"},{"floor":18,"key":"Ancient Potion"},{"floor":20,"key":"ColorlessPotion"},{"floor":25,"key":"Milkshake"}],"is_trial":false,"path_per_floor":["M","?","?","?","?","PTL","PTL","E","R","E","T","$","R","$","M","E","R","B",null,"M","M","?","M","$","E","R","M","T","?","M","R","M"],"character_chosen":"HIEROPHANT","items_purchased":[],"campfire_rested":0,"item_purchase_floors":[],"current_hp_per_floor":[68,68,68,68,68,68,68,68,68,68,68,68,68,68,68,68,68,56,70,70,59,59,59,59,21,21,21,21,21,21,21,0,0],"gold":74,"neow_bonus":"THREE_ENEMY_KILL","is_daily":false,"chose_seed":false,"campfire_upgraded":5,"win_rate":0.0,"timestamp":1608614851,"path_taken":["M","?","?","?","?","PTL","PTL","E","R","E","T","$","R","$","M","E","R","BOSS","M","M","?","M","?","E","R","M","T","?","M","R","M"],"items_purchased_type":[],"build_version":"2020-12-13","purchased_purges":1,"victory":false,"max_hp_per_floor":[75,75,75,75,75,75,75,75,75,75,75,75,75,75,75,75,75,75,75,75,75,75,75,75,75,75,75,75,75,75,75,75,75],"card_choices":[{"not_picked":["hierophant:Refuge","hierophant:ThreeLashes"],"picked":"hierophant:SealAway","floor":1},{"not_picked":["hierophant:HolyVerse","hierophant:Remorse","hierophant:Repentance"],"picked":"SKIP","floor":8},{"not_picked":["hierophant:ArchangelShield","hierophant:MintersHammer"],"picked":"hierophant:Zeal","floor":10},{"not_picked":["hierophant:TollTheBells","hierophant:HolyVerse","hierophant:Empathy"],"picked":"SKIP","floor":15},{"not_picked":["hierophant:PassingBell","hierophant:LocustPlague","hierophant:DisplayOfPower"],"picked":"SKIP","floor":16},{"not_picked":["hierophant:Levitation","hierophant:DeathKnell"],"picked":"hierophant:DivineIntervention","floor":18},{"not_picked":["hierophant:PassingBell","hierophant:ThreeLashes"],"picked":"hierophant:Smite","floor":20},{"not_picked":["hierophant:RepressedViolence","hierophant:Zeal","hierophant:FlamingChariot"],"picked":"SKIP","floor":21},{"not_picked":["hierophant:Embezzle","hierophant:Shelter"],"picked":"hierophant:HammerAndAnvil","floor":23},{"not_picked":["hierophant:Kindle","hierophant:Repentance","hierophant:TollTheBells"],"picked":"SKIP","floor":25},{"not_picked":["hierophant:Kindle","hierophant:Repentance","hierophant:TollTheBells"],"picked":"SKIP","floor":25},{"not_picked":["hierophant:FlamingChariot","hierophant:OrnateBuckler"],"picked":"hierophant:Shelter","floor":27},{"not_picked":["hierophant:Shelter","hierophant:Purify+1"],"picked":"hierophant:HammerAndAnvil","floor":30}],"player_experience":1296024,"relics_obtained":[{"floor":8,"key":"Art of War"},{"floor":10,"key":"Bottled Flame"},{"floor":16,"key":"FossilizedHelix"},{"floor":25,"key":"Replay:Towering Pillar of Hats"}],"event_choices":[{"cards_removed":["hierophant:Strike_Hierophant"],"damage_healed":0,"gold_gain":0,"player_choice":"Card Removal","damage_taken":0,"max_hp_gain":0,"max_hp_loss":0,"event_name":"The Cleric","floor":3,"gold_loss":75},{"damage_healed":0,"gold_gain":0,"player_choice":"Ignored","damage_taken":0,"max_hp_gain":0,"max_hp_loss":0,"event_name":"Liars Game","floor":4,"gold_loss":0},{"damage_healed":0,"gold_gain":0,"player_choice":"Grow","damage_taken":0,"max_hp_gain":0,"max_hp_loss":0,"event_name":"Living Wall","floor":5,"gold_loss":0,"cards_upgraded":["hierophant:ChurchCoffers"]},{"damage_healed":0,"gold_gain":0,"player_choice":"Leave","damage_taken":0,"max_hp_gain":0,"max_hp_loss":0,"event_name":"FaceTrader","floor":22,"gold_loss":0},{"damage_healed":0,"gold_gain":0,"player_choice":"Obtained Relic","damage_taken":0,"relics_obtained":["Unceasing Top"],"max_hp_gain":0,"max_hp_loss":0,"event_name":"Addict","floor":29,"gold_loss":85}],"is_beta":false,"boss_relics":[{"not_picked":["Replay:Wanted Poster","Snecko Eye"],"picked":"Cursed Key"}],"items_purged_floors":[12],"is_endless":false,"potions_floor_spawned":[10,16,18,20,25],"killed_by":"Snake Plant","ascension_level":20}}