{"host":"n23juj4d9qam5hh1","time":1608621340,"event":{"mods":["BaseMod","Better Note","BetterRewards","Infinite Spire","Minty Spire (QoL Compilation)","Relic Stats","StSLib"],"gold_per_floor":[117,133,208,208,228,260,260,68,95,95,107,120,52,71,71,166,166,177,197,197,212,212,212],"floor_reached":22,"playtime":979,"items_purged":[],"score":232,"play_id":"253eeb35-d16d-4e34-b5e5-18ef18f2b1f4","local_time":"20201222021540","is_ascension_mode":true,"campfire_choices":[{"floor":7,"key":"REST"},{"data":"Blood for Blood","floor":15,"key":"SMITH"}],"circlet_count":0,"master_deck":["Strike_R","Strike_R","Strike_R","Strike_R","Strike_R","Defend_R","Defend_R+1","Defend_R","Defend_R","Bash","Feel No Pain","Ghostly Armor+1","Uppercut","Blood for Blood+1","Shrug It Off","Shrug It Off","Limit Break","Bludgeon","Juggernaut","infinitespire:OneForAll","Inflame+1","Cleave"],"relics":["Burning Blood","Strawberry","Anchor","Toy Ornithopter","infinitespire:Cupcake"],"acts_visited":["Exordium","TheCity"],"potions_floor_usage":[6,16,19],"damage_taken":[{"damage":8,"enemies":"Jaw Worm","floor":1,"turns":5},{"damage":1,"enemies":"Cultist","floor":2,"turns":4},{"damage":0,"enemies":"2 Louse","floor":5,"turns":3},{"damage":44,"enemies":"Gremlin Nob","floor":6,"turns":6},{"damage":9,"enemies":"2 Fungi Beasts","floor":11,"turns":4},{"damage":1,"enemies":"3 Louse","floor":12,"turns":5},{"damage":14,"enemies":"Large Slime","floor":14,"turns":11},{"damage":30,"enemies":"The Guardian","floor":16,"turns":14},{"damage":19,"enemies":"Chosen","floor":18,"turns":5},{"damage":5,"enemies":"2 Thieves","floor":19,"turns":5},{"damage":50,"enemies":"Sentry and Sphere","floor":21,"turns":8},{"damage":44,"enemies":"Shelled Parasite and Fungi","floor":22,"turns":8}],"seed_played":"-5118031643748685541","potions_obtained":[{"floor":1,"key":"ElixirPotion"},{"floor":5,"key":"SpeedPotion"},{"floor":14,"key":"LiquidBronze"},{"floor":16,"key":"LiquidMemories"},{"floor":21,"key":"Strength Potion"}],"is_trial":false,"path_per_floor":["M","M","?","?","M","E","R","$","T","$","M","M","$","M","R","B",null,"M","M","?","M","M"],"character_chosen":"IRONCLAD","items_purchased":["Blood for Blood","Anchor","Limit Break"],"campfire_rested":1,"item_purchase_floors":[8,8,13],"current_hp_per_floor":[86,88,77,59,65,34,62,62,62,62,59,64,64,56,56,37,95,82,88,88,44,0,0],"gold":212,"neow_bonus":"TEN_PERCENT_HP_BONUS","is_daily":false,"chose_seed":false,"campfire_upgraded":1,"win_rate":0.0,"timestamp":1608621340,"path_taken":["M","M","?","?","?","E","R","$","T","$","M","M","$","M","R","BOSS","M","M","?","M","?"],"items_purchased_type":["Card","Relic","Card"],"build_version":"2020-12-13","purchased_purges":0,"victory":false,"max_hp_per_floor":[88,88,88,88,88,95,95,95,95,95,95,95,95,95,95,95,95,95,95,95,95,95,95],"relic_stats":{"counters":[12,78],"obtain_stats":[{"Anchor":8,"Strawberry":6,"Burning Blood":0,"Toy Ornithopter":9,"infinitespire:Cupcake":17},{"Anchor":4,"Strawberry":4,"Burning Blood":0,"Toy Ornithopter":4,"infinitespire:Cupcake":8},{"Anchor":18,"Strawberry":18,"Burning Blood":0,"Toy Ornithopter":18,"infinitespire:Cupcake":52}],"Burning Blood":63,"Toy Ornithopter":10},"card_choices":[{"not_picked":["Sentinel","Anger"],"picked":"Feel No Pain","floor":1},{"not_picked":["Cleave","Entrench"],"picked":"Ghostly Armor","floor":2},{"not_picked":["Intimidate","Havoc","Iron Wave"],"picked":"SKIP","floor":5},{"not_picked":["Disarm","Clash"],"picked":"Uppercut","floor":6},{"not_picked":["Perfected Strike","Headbutt"],"picked":"Shrug It Off","floor":11},{"not_picked":["Thunderclap","Wild Strike"],"picked":"Shrug It Off","floor":12},{"not_picked":["Evolve","Second Wind"],"picked":"Bludgeon","floor":14},{"not_picked":["Double Tap","Fiend Fire"],"picked":"Juggernaut","floor":16},{"not_picked":["Pommel Strike","Sword Boomerang"],"picked":"infinitespire:OneForAll","floor":18},{"not_picked":["Flame Barrier","Clash"],"picked":"Inflame+1","floor":19},{"not_picked":["Burning Pact","Twin Strike"],"picked":"Cleave","floor":21}],"player_experience":188279,"relics_obtained":[{"floor":6,"key":"Strawberry"},{"floor":9,"key":"Toy Ornithopter"}],"event_choices":[{"damage_healed":0,"gold_gain":75,"player_choice":"Gather Gold","damage_taken":11,"max_hp_gain":0,"max_hp_loss":0,"event_name":"World of Goop","floor":3,"gold_loss":0},{"damage_healed":0,"gold_gain":0,"player_choice":"Entered Light","damage_taken":18,"max_hp_gain":0,"max_hp_loss":0,"event_name":"Shining Light","floor":4,"gold_loss":0,"cards_upgraded":["Defend_R","Ghostly Armor"]},{"damage_healed":0,"gold_gain":0,"player_choice":"0 cards matched","damage_taken":0,"max_hp_gain":0,"max_hp_loss":0,"event_name":"Match and Keep!","floor":20,"gold_loss":0,"cards_obtained":[]}],"is_beta":false,"boss_relics":[{"not_picked":["Calling Bell","SacredBark"],"picked":"infinitespire:Cupcake"}],"items_purged_floors":[],"is_endless":false,"potions_floor_spawned":[1,5,14,16,21],"killed_by":"Shelled Parasite and Fungi","ascension_level":2}}