{"host":"ffm36ba59us8r0su","time":1608675513,"event":{"mods":["AchievementEnabler","BaseMod","Curses Come First","DeckTracker","Minty Spire (QoL Compilation)","Relic Stats","StSLib"],"gold_per_floor":[116,391,404,415,415,447,447,458,531,531,531,531],"floor_reached":11,"playtime":512,"items_purged":[],"score":113,"play_id":"1a423f59-9c69-4fba-9e1e-57bf64de4152","local_time":"20201222141833","is_ascension_mode":true,"campfire_choices":[{"floor":7,"key":"REST"},{"data":"Regret","floor":10,"key":"PURGE"}],"circlet_count":0,"master_deck":["AscendersBane","Strike_B","Strike_B","Strike_B","Strike_B","Defend_B","Defend_B","Defend_B","Defend_B","Zap","Dualcast","Compile Driver","Hologram","Compile Driver","Doubt","Machine Learning","Redo","Zap","Glacier","Gash"],"relics":["Cracked Core","Pen Nib","Peace Pipe","Gremlin Horn"],"acts_visited":["Exordium"],"potions_floor_usage":[6,11],"damage_taken":[{"damage":1,"enemies":"2 Louse","floor":1,"turns":2},{"damage":4,"enemies":"Cultist","floor":3,"turns":3},{"damage":7,"enemies":"Small Slimes","floor":4,"turns":3},{"damage":51,"enemies":"3 Sentries","floor":6,"turns":8},{"damage":16,"enemies":"Exordium Wildlife","floor":8,"turns":3},{"damage":12,"enemies":"Lagavulin","floor":11,"turns":7}],"seed_played":"5632533767041980318","potions_obtained":[{"floor":3,"key":"DuplicationPotion"},{"floor":4,"key":"Ancient Potion"},{"floor":8,"key":"EssenceOfSteel"}],"is_trial":false,"path_per_floor":["M","?","M","M","?","E","R","M","T","R","E"],"character_chosen":"DEFECT","items_purchased":[],"campfire_rested":1,"item_purchase_floors":[],"current_hp_per_floor":[67,67,63,56,56,5,27,11,11,11,0,0],"gold":531,"neow_bonus":"RANDOM_COMMON_RELIC","is_daily":false,"chose_seed":false,"campfire_upgraded":0,"win_rate":0.0,"timestamp":1608675513,"path_taken":["M","?","?","M","?","E","R","M","T","R","E"],"items_purchased_type":[],"build_version":"2020-12-13","purchased_purges":0,"victory":false,"max_hp_per_floor":[75,75,75,75,75,75,75,75,75,75,75,75],"relic_stats":{"Peace Pipe":1,"Gremlin Horn":[0,0],"counters":[6,26],"Pen Nib":[2],"obtain_stats":[{"Peace Pipe":6,"Gremlin Horn":9,"Pen Nib":0,"Cracked Core":0},{"Peace Pipe":4,"Gremlin Horn":5,"Pen Nib":0,"Cracked Core":0},{"Peace Pipe":16,"Gremlin Horn":19,"Pen Nib":0,"Cracked Core":0}]},"card_choices":[{"not_picked":["Streamline","Go for the Eyes"],"picked":"Compile Driver","floor":1},{"not_picked":["Reprogram","Turbo"],"picked":"Hologram","floor":3},{"not_picked":["Barrage","Stack"],"picked":"Compile Driver","floor":4},{"not_picked":["Cold Snap","Leap"],"picked":"Glacier","floor":6},{"not_picked":["Lockon","Beam Cell"],"picked":"Gash","floor":8}],"player_experience":849276,"relics_obtained":[{"floor":6,"key":"Peace Pipe"},{"floor":9,"key":"Gremlin Horn"}],"event_choices":[{"damage_healed":0,"gold_gain":275,"player_choice":"Desecrate","damage_taken":0,"max_hp_gain":0,"max_hp_loss":0,"event_name":"Golden Shrine","floor":2,"gold_loss":0,"cards_obtained":["Regret"]},{"damage_healed":0,"gold_gain":0,"player_choice":"4 cards matched","damage_taken":0,"max_hp_gain":0,"max_hp_loss":0,"event_name":"Match and Keep!","floor":5,"gold_loss":0,"cards_obtained":["Doubt","Machine Learning","Redo","Zap"]}],"is_beta":false,"boss_relics":[],"items_purged_floors":[],"is_endless":false,"potions_floor_spawned":[3,4,8],"killed_by":"Lagavulin","ascension_level":11}}