{"host":"15ff3ltgpietarej","time":1608615171,"event":{"mods":["BaseMod","Downfall","Highlight Path","Minty Spire (QoL Compilation)","StSLib"],"gold_per_floor":[115,134,149,149,167,194,194,223,274,288,463,137,164,175,175,276,276,289,289,289,229,239,239,269,288,311,311,311],"floor_reached":27,"playtime":1155,"items_purged":["Doubt"],"score":348,"play_id":"d0f375c5-32ab-4d20-832d-5c430be15437","local_time":"20201222063251","is_ascension_mode":true,"campfire_choices":[{"floor":7,"key":"REST"},{"data":"Prostrate","floor":15,"key":"SMITH"},{"floor":23,"key":"REST"}],"circlet_count":0,"master_deck":["Strike_P","Strike_P","Strike_P","Defend_P","Defend_P","Defend_P","Eruption","Vigilance","Brilliance","Nirvana+1","FlyingSleeves","Protect","SandsOfTime","Prostrate+1","Protect","Scrawl","CarveReality+1","Alpha","Prostrate","Weave+1","Wireheading","DeceiveReality"],"relics":["PureWater","Ancient Tea Set","HornCleat","hexamod:BolsterEngine","Molten Egg 2","Smiling Mask","Empty Cage","Blood Vial","Potion Belt"],"acts_visited":["Exordium","TheCity"],"potions_floor_usage":[27,27],"damage_taken":[{"damage":0,"enemies":"2 Louse","floor":1,"turns":2},{"damage":3,"enemies":"Jaw Worm","floor":2,"turns":4},{"damage":0,"enemies":"Cultist","floor":3,"turns":2},{"damage":3,"enemies":"2 Fungi Beasts","floor":5,"turns":4},{"damage":30,"enemies":"Gremlin Nob","floor":6,"turns":5},{"damage":0,"enemies":"Lagavulin","floor":8,"turns":4},{"damage":1,"enemies":"Blue Slaver","floor":10,"turns":4},{"damage":0,"enemies":"Gremlin Nob","floor":13,"turns":3},{"damage":0,"enemies":"Looter","floor":14,"turns":2},{"damage":21,"enemies":"The Guardian","floor":16,"turns":10},{"damage":18,"enemies":"Shell Parasite","floor":18,"turns":6},{"damage":5,"enemies":"2 Thieves","floor":21,"turns":4},{"damage":28,"enemies":"Snecko","floor":22,"turns":6},{"damage":14,"enemies":"Gremlin Leader","floor":24,"turns":5},{"damage":12,"enemies":"Snake Plant","floor":25,"turns":3},{"damage":30,"enemies":"Slavers","floor":27,"turns":3}],"seed_played":"-5056266159461951448","potions_obtained":[{"floor":2,"key":"Ancient Potion"},{"floor":3,"key":"Energy Potion"},{"floor":5,"key":"SteroidPotion"},{"floor":10,"key":"Guardian:BlockOnCardUsePotion"},{"floor":22,"key":"Strength Potion"}],"is_trial":false,"path_per_floor":["M","M","M","?","M","E","R","E","T","M","?","$","E","M","R","B",null,"M","?","?","M","M","R","E","M","T","E"],"character_chosen":"WATCHER","items_purchased":["Molten Egg 2"],"campfire_rested":2,"item_purchase_floors":[12],"current_hp_per_floor":[72,69,69,69,66,36,57,57,57,56,56,56,56,56,56,35,72,54,54,59,54,26,47,33,23,23,0,0],"gold":311,"neow_bonus":"ONE_RANDOM_RARE_CARD","is_daily":false,"chose_seed":false,"campfire_upgraded":1,"win_rate":0.0,"timestamp":1608615171,"path_taken":["M","M","M","?","M","E","R","E","T","M","?","$","E","M","R","BOSS","M","?","?","M","M","R","E","M","T","E"],"items_purchased_type":["Relic"],"build_version":"2020-12-13","purchased_purges":1,"victory":false,"max_hp_per_floor":[72,72,72,72,72,72,72,72,72,72,72,72,72,72,72,72,72,72,72,72,72,72,72,72,72,72,72,72],"card_choices":[{"not_picked":["CrushJoints","Vengeance"],"picked":"FlurryOfBlows","floor":1},{"not_picked":["WaveOfTheHand","Study"],"picked":"Nirvana","floor":2},{"not_picked":["ThirdEye","Tantrum"],"picked":"FlyingSleeves","floor":3},{"not_picked":["Crescendo","Consecrate"],"picked":"Protect","floor":5},{"not_picked":["Consecrate","SpiritShield"],"picked":"SandsOfTime","floor":6},{"not_picked":["ReachHeaven","ThirdEye"],"picked":"Prostrate","floor":8},{"not_picked":["Meditate","Crescendo"],"picked":"Protect","floor":10},{"not_picked":["FearNoEvil+1","Halt","Scrawl"],"picked":"SKIP","floor":13},{"not_picked":["FearNoEvil+1","Halt","Scrawl"],"picked":"SKIP","floor":13},{"not_picked":["FearNoEvil+1","Halt"],"picked":"Scrawl","floor":13},{"not_picked":["ThirdEye","Consecrate+1"],"picked":"CarveReality+1","floor":14},{"not_picked":["Vault","Ragnarok+1"],"picked":"Alpha","floor":16},{"not_picked":["EmptyFist+1","Crescendo"],"picked":"Prostrate","floor":18},{"not_picked":["Evaluate+1","FearNoEvil+1"],"picked":"Weave+1","floor":21},{"not_picked":["Fasting2+1","Protect+1","CrushJoints+1"],"picked":"SKIP","floor":22},{"not_picked":["Sanctity+1","Crescendo+1"],"picked":"Wireheading","floor":24},{"not_picked":["PathToVictory","Collect"],"picked":"DeceiveReality","floor":25}],"player_experience":400951,"relics_obtained":[{"floor":6,"key":"Ancient Tea Set"},{"floor":8,"key":"HornCleat"},{"floor":9,"key":"hexamod:BolsterEngine"},{"floor":13,"key":"Smiling Mask"},{"floor":24,"key":"Blood Vial"},{"floor":26,"key":"Potion Belt"}],"event_choices":[{"damage_healed":0,"gold_gain":0,"player_choice":"Grow","damage_taken":0,"max_hp_gain":0,"max_hp_loss":0,"event_name":"Living Wall","floor":4,"gold_loss":0,"cards_upgraded":["Nirvana"]},{"damage_healed":0,"gold_gain":175,"player_choice":"AGREE","damage_taken":0,"max_hp_gain":0,"max_hp_loss":0,"event_name":"Liars Game","floor":11,"gold_loss":0,"cards_obtained":["Doubt"]},{"damage_healed":0,"gold_gain":0,"player_choice":"Ignored","damage_taken":0,"max_hp_gain":0,"max_hp_loss":0,"event_name":"Cursed Tome","floor":19,"gold_loss":0},{"cards_removed":["FlurryOfBlows"],"damage_healed":5,"gold_gain":0,"player_choice":"Offered Common","damage_taken":0,"max_hp_gain":0,"max_hp_loss":0,"event_name":"Bonfire Elementals","floor":20,"gold_loss":0},{"cards_removed":["FlurryOfBlows"],"damage_healed":5,"gold_gain":0,"player_choice":"Offered Special","damage_taken":0,"max_hp_gain":0,"max_hp_loss":0,"event_name":"Bonfire Elementals","floor":20,"gold_loss":0}],"is_beta":false,"boss_relics":[{"not_picked":["Velvet Choker","SacredBark"],"picked":"Empty Cage"}],"items_purged_floors":[12],"is_endless":false,"potions_floor_spawned":[2,3,5,10,16,18,22],"killed_by":"Slavers","ascension_level":3}}