{"host":"tj6tjcyqgbd0xj5u","time":1608603414,"event":{"mods":["Aspiration","BaseMod","Better Match","BetterRewards","Challenge The Spire","Conspire","Defuse TimeMaze Blight","Energized Spire","GifTheSpireLib","Gremlin Mod","Halation","Hubris","Infinite Spire","Minty Spire (QoL Compilation)","Replay The Spire","Reworked Bosses","Robot Space Explorer","Spikes Relics","StSLib","Stuff the Spire","The Gatherer","The Sage","vexMod"],"gold_per_floor":[109,109,34,34,50,83,83,103,103,116,116,116,131,146,146,248,248,267,281,281,294,306,336,336,356,356,372,372,372,471,471,471,471,471],"floor_reached":33,"playtime":1029,"items_purged":["Hallucinations","Strike_P"],"score":294,"play_id":"fe8351bc-6648-4a07-8c3a-77274e91080a","local_time":"20201221221654","is_ascension_mode":false,"campfire_choices":[{"data":"JustLucky","floor":7,"key":"SMITH"},{"data":"Eruption","floor":12,"key":"SMITH"},{"floor":15,"key":"REST"},{"data":"infinitespire:FinalStrike","floor":24,"key":"SMITH"},{"data":"Indignation","floor":29,"key":"SMITH"},{"floor":32,"key":"REST"}],"circlet_count":0,"master_deck":["Strike_P","Strike_P","Strike_P","Defend_P","Defend_P","Defend_P","Defend_P","Eruption+1","Vigilance","JustLucky+1","Meditate","FlurryOfBlows","SignatureMove","infinitespire:FinalStrike+1","EmptyFist","Indignation+1","Vault","PathToVictory+1","Replay:ManipulateFuture+1","CarveReality+1","Tantrum+1","EmptyFist","DeceiveReality+1","Halt","FlyingSleeves"],"relics":["PureWater","NeowsBlessing","Ring of Misfortune","Ring of Hypnosis","hubris:GlazedTorus","Mirror","Bottled Flame","hubris:FruitBowl","hubris:KleinBottle","SlaversCollar","vexMod:Cooldron","hubris:BlackHole","infinitespire:Broken Mirror","StuffTheSpire:ForceGauntlet","Rawhide"],"acts_visited":["Exordium","TheCity"],"potions_floor_usage":[13,14,16,19,22,23,25,33,33,33],"damage_taken":[{"damage":0,"enemies":"2 Louse","floor":1,"turns":1},{"damage":0,"enemies":"Jaw Worm","floor":5,"turns":1},{"damage":0,"enemies":"Gremlin Nob","floor":6,"turns":1},{"damage":0,"enemies":"Cultist","floor":8,"turns":2},{"damage":10,"enemies":"Lots of Slimes","floor":10,"turns":4},{"damage":0,"enemies":"Gremlin Gang","floor":13,"turns":2},{"damage":0,"enemies":"Blue Slaver","floor":14,"turns":2},{"damage":37,"enemies":"The Guardian","floor":16,"turns":7},{"damage":0,"enemies":"Chosen","floor":18,"turns":3},{"damage":6,"enemies":"2 Thieves","floor":19,"turns":3},{"damage":2,"enemies":"Sentry and Sphere","floor":21,"turns":4},{"damage":1,"enemies":"Shelled Parasite and Fungi","floor":22,"turns":4},{"damage":22,"enemies":"Gremlin Leader","floor":23,"turns":4},{"damage":26,"enemies":"3 Cultists","floor":25,"turns":4},{"damage":0,"enemies":"Cultist and Chosen","floor":27,"turns":3},{"damage":39,"enemies":"bossMod:newChamp","floor":33,"turns":7}],"seed_played":"7339435340904527449","potions_obtained":[{"floor":5,"key":"BottledMiracle"},{"floor":10,"key":"Reflective Coating"},{"floor":13,"key":"SkillPotion"},{"floor":16,"key":"FearPotion"},{"floor":18,"key":"Block Potion"},{"floor":19,"key":"Weak Potion"},{"floor":25,"key":"EntropicBrew"}],"is_trial":false,"path_per_floor":["M","?","$","?","M","E","R","M","T","M","$","R","M","M","R","B",null,"M","M","AVR","M","M","E","R","M","T","M","?","R","?","T","R","B"],"character_chosen":"WATCHER","items_purchased":["hubris:FruitBowl","hubris:KleinBottle"],"campfire_rested":2,"item_purchase_floors":[11,11],"current_hp_per_floor":[72,72,72,72,72,72,72,72,72,62,24,24,24,24,45,8,72,72,66,66,64,63,41,41,15,15,15,15,15,15,15,36,0,0],"gold":471,"neow_bonus":"THREE_ENEMY_KILL","is_daily":false,"chose_seed":false,"campfire_upgraded":4,"win_rate":0.0,"timestamp":1608603414,"path_taken":["M","?","$","?","M","E","R","M","T","?","?","R","M","?","R","BOSS","M","M","AVR","M","M","E","R","M","T","M","?","R","?","?","R","BOSS"],"items_purchased_type":["Relic","Relic"],"build_version":"2020-12-13","purchased_purges":2,"victory":false,"max_hp_per_floor":[72,72,72,72,72,72,72,72,72,72,72,72,72,72,72,72,72,72,72,72,72,72,72,72,72,72,72,72,72,72,72,72,72,72],"card_choices":[{"not_picked":["InnerPeace","DeceiveReality"],"picked":"PathToVictory","floor":1},{"not_picked":["ClearTheMind","EmptyBody"],"picked":"JustLucky","floor":5},{"not_picked":["LikeWater","WaveOfTheHand"],"picked":"Meditate","floor":6},{"not_picked":["Replay:BluntJabs","Swivel"],"picked":"FlurryOfBlows","floor":8},{"not_picked":["Replay:Cycle","EmptyBody"],"picked":"SignatureMove","floor":10},{"not_picked":["ReplayTheSpireMod:Echoes of Time","hubris:InfiniteBlow"],"picked":"infinitespire:FinalStrike","floor":11},{"not_picked":["Crescendo","EmptyBody"],"picked":"EmptyFist","floor":13},{"not_picked":["TalkToTheHand","EmptyFist"],"picked":"Indignation","floor":14},{"not_picked":["Ragnarok","ConjureBlade"],"picked":"Vault","floor":16},{"not_picked":["SignatureMove","Study+1"],"picked":"PathToVictory+1","floor":18},{"not_picked":["Crescendo","PathToVictory"],"picked":"Replay:ManipulateFuture+1","floor":19},{"not_picked":["ClearTheMind","Judgement"],"picked":"CarveReality+1","floor":21},{"not_picked":["ThirdEye","Replay:BluntJabs"],"picked":"Tantrum+1","floor":22},{"not_picked":["CrushJoints","JustLucky"],"picked":"EmptyFist","floor":23},{"not_picked":["Replay:BluntJabs","FlurryOfBlows"],"picked":"DeceiveReality+1","floor":25},{"not_picked":["Sanctity","Replay:DivineShield"],"picked":"Halt","floor":27}],"player_experience":52685,"relics_obtained":[{"floor":2,"key":"Ring of Misfortune"},{"floor":2,"key":"Ring of Hypnosis"},{"floor":6,"key":"Mirror"},{"floor":9,"key":"Bottled Flame"},{"floor":23,"key":"infinitespire:Broken Mirror"},{"floor":26,"key":"StuffTheSpire:ForceGauntlet"},{"floor":31,"key":"Rawhide"}],"event_choices":[{"cards_removed":["PathToVictory"],"damage_healed":0,"gold_gain":0,"player_choice":"Gave Card","damage_taken":0,"relics_obtained":["hubris:GlazedTorus"],"max_hp_gain":0,"max_hp_loss":0,"event_name":"WeMeetAgain","floor":4,"gold_loss":0},{"damage_healed":0,"gold_gain":99,"player_choice":"Stole From Cult","damage_taken":0,"max_hp_gain":0,"max_hp_loss":0,"event_name":"Nest","floor":30,"gold_loss":0}],"is_beta":false,"boss_relics":[{"not_picked":["vexMod:EndlessSickness","vexMod:TanglingVine"],"picked":"SlaversCollar"}],"items_purged_floors":[3,20],"is_endless":false,"potions_floor_spawned":[5,10,13,16,18,19,25],"killed_by":"bossMod:newChamp","ascension_level":0}}