{"host":"ye7dkdlypz0ka1od","time":1608605679,"event":{"mods":["Act Like it!","Aspiration","BaseMod","Better Third Choice","Gensokyo","Hallownest","Infinite Spire","Minty Spire (QoL Compilation)","Replay The Spire","StSLib","The Dragon Tamer","The Runesmith"],"gold_per_floor":[112,122,135,135,155,185,185,198,198,198,72,72,82,102,102,207,207,218,329,349,366,117,117,117,117,117,117,136,161,161,181,181,280,280,296,206,222,241,241,241,255,255,255,255,255,275,275,292,310,0,0,97,97,110,120,120,120,0,0,20,20,43,46,46,46,11,14,14,104,104,99,109,109,110,105,105,105,105,132,116,116,116,116,106,106,164,164,177,177,1176,1176,1163,1163,1163],"floor_reached":92,"playtime":5027,"items_purged":["DTMod:Strike","DTMod:Strike"],"score":1427,"play_id":"077c22be-2445-4dc0-abbc-766fc042a575","local_time":"20201221215439","is_ascension_mode":false,"metric_token":787,"campfire_choices":[{"data":"DTMod:Prediction","floor":7,"key":"SMITH"},{"data":"DTMod:Training","floor":10,"key":"SMITH"},{"floor":23,"key":"REST"},{"data":"DTMod:EchoTactic","floor":25,"key":"SMITH"},{"data":"ReplayTheSpireMod:Trickstab","floor":30,"key":"SMITH"},{"data":"DTMod:PurifyingFlame","floor":40,"key":"SMITH"},{"floor":42,"key":"REST"},{"floor":47,"key":"REST"},{"floor":51,"key":"REST"},{"data":"Enlightenment","floor":59,"key":"SMITH"},{"data":"DTMod:Training","floor":61,"key":"SMITH"},{"data":"DTMod:GearUp","floor":68,"key":"SMITH"},{"data":"infinitespire:UltimateForm","floor":76,"key":"SMITH"},{"floor":85,"key":"REST"}],"dtmod_dragon_data":[0,58,2,0,4,0],"circlet_count":0,"master_deck":["DTMod:DoubleHit","DTMod:TargetDefense","DTMod:TargetDefense","DTMod:TargetDefense","DTMod:SwitchingTactic","DTMod:PurifyingFlame+1","DTMod:DragonDance+1","DTMod:Cover","DTMod:Training+1","DTMod:Prediction+1","DTMod:BalancedStrike","DTMod:ForkedFire+1","DTMod:InvisibleFlame","DTMod:EchoTactic+1","DTMod:CleansingStrike","DTMod:MagicField+1","DTMod:QuickFly","DTMod:HeatWave","DTMod:FlameSlash+1","DTMod:Astonish+1","DTMod:OpeningTactic","DTMod:WarmUp","DTMod:MagicField+1","Parasite","DTMod:Conduct+1","DTMod:GearUp+1","DTMod:Training+1","Blade Dance","Atom Bomb+1","aspiration:Lunge+1","Enlightenment+1","DTMod:BuildUp+1","infinitespire:UltimateForm+1","CurseOfTheBell","DTMod:ResonanceForm","Madness","Madness","Normality","Normality"],"relics":["DTMod:MagicStone","Bag of Preparation","Onion Ring","ReplayTheSpireMod:Lightbulb","Juzu Bracelet","infinitespire:FocusingShard","Blue Doll","ReplayTheSpireMod:DimensionalGlitch","infinitespire:Satchel","Molten Egg 2","Red Mask","Odd Mushroom","Toy Ornithopter","ReplayFunnel","Replay:Grab Bag","Busted Crown","Philosopher\u0027s Stone","Calling Bell","SlaversCollar","ReplayTheSpireMod:TigerMarble","infinitespire:EmpoweringShard","StoneCalendar","aspiration:RitualStick","PreservedInsect","Nloth\u0027s Gift","infinitespire:EvilPickle","aspiration:IroncladSkillbook"],"acts_visited":["Exordium","TheCity","TheBeyond","Exordium","TheCity","TheBeyond"],"potions_floor_usage":[16,86],"damage_taken":[{"damage":0,"enemies":"2 Louse","floor":1,"turns":2},{"damage":0,"enemies":"Cultist","floor":2,"turns":4},{"damage":6,"enemies":"Jaw Worm","floor":3,"turns":4},{"damage":0,"enemies":"Red Slaver","floor":5,"turns":4},{"damage":4,"enemies":"Lagavulin","floor":6,"turns":7},{"damage":0,"enemies":"2 Fungi Beasts","floor":8,"turns":4},{"damage":0,"enemies":"Exordium Thugs","floor":13,"turns":2},{"damage":0,"enemies":"Looter","floor":14,"turns":2},{"damage":0,"enemies":"Slime Boss","floor":16,"turns":4},{"damage":0,"enemies":"Spheric Guardian","floor":18,"turns":4},{"damage":0,"enemies":"Chosen","floor":20,"turns":6},{"damage":25,"enemies":"Snake Plant","floor":21,"turns":5},{"damage":0,"enemies":"Centurion and Healer","floor":28,"turns":5},{"damage":0,"enemies":"Nightmare","floor":29,"turns":8},{"damage":0,"enemies":"Sentry and Sphere","floor":31,"turns":5},{"damage":37,"enemies":"Champ","floor":33,"turns":18},{"damage":0,"enemies":"Orb Walker","floor":35,"turns":2},{"damage":1,"enemies":"3 Shapes","floor":37,"turns":3},{"damage":8,"enemies":"Transient","floor":38,"turns":5},{"damage":34,"enemies":"Sphere and 2 Shapes","floor":41,"turns":6},{"damage":0,"enemies":"Writhing Mass","floor":46,"turns":6},{"damage":0,"enemies":"Maw","floor":48,"turns":7},{"damage":0,"enemies":"Jaw Worm Horde","floor":49,"turns":4},{"damage":0,"enemies":"Replay:Hell Engine","floor":52,"turns":11},{"damage":0,"enemies":"Small Slimes","floor":54,"turns":1},{"damage":0,"enemies":"2 Louse","floor":55,"turns":1},{"damage":22,"enemies":"The Mushroom Lair","floor":60,"turns":3},{"damage":0,"enemies":"Jaw Worm","floor":63,"turns":1},{"damage":0,"enemies":"Blue Slaver","floor":67,"turns":2},{"damage":0,"enemies":"Slime Boss","floor":69,"turns":3},{"damage":0,"enemies":"2 Thieves","floor":71,"turns":3},{"damage":0,"enemies":"Spheric Guardian","floor":72,"turns":1},{"damage":0,"enemies":"Chosen and Byrds","floor":74,"turns":4},{"damage":19,"enemies":"Snecko","floor":75,"turns":4},{"damage":0,"enemies":"Cultist and Chosen","floor":80,"turns":5},{"damage":0,"enemies":"Snake Plant","floor":83,"turns":2},{"damage":11,"enemies":"Chosen and Byrds","floor":84,"turns":5},{"damage":0,"enemies":"Pondfish","floor":86,"turns":8},{"damage":0,"enemies":"3 Darklings","floor":88,"turns":4},{"damage":63,"enemies":"infinitespire:Three Voidlings","floor":92,"turns":2}],"seed_played":"1694562618462815276","potions_obtained":[{"floor":1,"key":"Regen Potion"},{"floor":2,"key":"PowerPotion"},{"floor":6,"key":"Energy Potion"},{"floor":16,"key":"LiquidBronze"}],"is_trial":false,"path_per_floor":["M","M","M","?","M","E","R","M","T","R","$","?","M","M","R","B",null,"M","?","M","M","$","R","$","R","T","?","M","NM","R","M","R","B",null,"M","?","M","M","T","R","M","R","T","PTL","PTL","M","R","M","M","?","R","B",null,"M","M","?","$","?","R","?","R","T","M","AVR","T","?","M","R","B",null,"M","M","$","M","M","R","?","?","T","M","?","?","M","M","R","B",null,"M","?","?","?","?"],"character_chosen":"THE_DT","items_purchased":["DTMod:ForkedFire+1","Juzu Bracelet"],"campfire_rested":5,"item_purchase_floors":[11,22],"current_hp_per_floor":[49,49,43,39,39,35,35,35,35,35,35,35,35,35,49,49,49,49,49,49,24,24,38,38,38,38,38,45,49,49,49,49,12,49,49,49,48,41,41,41,11,25,25,25,25,29,43,47,49,49,49,49,49,49,49,49,49,55,55,33,33,33,37,37,37,50,54,54,55,55,55,55,55,55,36,36,19,19,19,23,23,23,27,20,36,43,55,55,48,48,48,0,0,0],"gold":1163,"neow_bonus":"TEN_PERCENT_HP_BONUS","is_daily":false,"chose_seed":false,"campfire_upgraded":9,"win_rate":0.0,"timestamp":1608605679,"path_taken":["M","M","M","?","M","E","R","M","T","R","?","?","M","M","R","BOSS","M","?","M","?","$","R","?","R","T","?","M","NM","R","M","R","BOSS","M","?","M","M","?","R","M","R","T","PTL","PTL","M","R","M","M","?","R","BOSS","M","M","?","$","?","R","?","R","T","M","AVR","?","?","M","R","BOSS","M","M","$","M","M","R","?","?","T","M","?","?","M","M","R","BOSS","M","?","?","?","?"],"items_purchased_type":["Card","Relic"],"build_version":"2020-12-13","purchased_purges":2,"victory":false,"max_hp_per_floor":[49,49,49,49,49,49,49,49,49,49,49,49,49,49,49,49,49,49,49,49,49,49,49,49,49,49,49,49,49,49,49,49,49,49,49,49,49,49,49,49,49,49,49,49,49,49,49,49,49,49,49,49,49,49,49,49,49,55,55,55,55,55,55,55,55,55,55,55,55,55,55,55,55,55,55,55,55,55,55,55,55,55,55,55,55,55,55,55,55,55,55,55,55,55],"card_choices":[{"not_picked":["DTMod:Punisher","DTMod:Adaptation"],"picked":"DTMod:PurifyingFlame","floor":1},{"not_picked":["DTMod:Weaken","DTMod:StarRain"],"picked":"DTMod:DragonDance","floor":2},{"not_picked":["DTMod:FlameSlash","DTMod:Threaten"],"picked":"DTMod:Cover","floor":3},{"not_picked":["DTMod:BurningEnergy","DTMod:SneakAttack"],"picked":"DTMod:Training","floor":5},{"not_picked":["DTMod:TauntingStrike","DTMod:Observe"],"picked":"DTMod:Prediction","floor":6},{"not_picked":["DTMod:Weaken","DTMod:MaximumCharge"],"picked":"DTMod:BalancedStrike","floor":8},{"not_picked":["DTMod:Punisher","DTMod:BizarreTactic","DTMod:TagTeam"],"picked":"SKIP","floor":13},{"not_picked":["DTMod:Weaken","DTMod:CrossStep","DTMod:LastStand"],"picked":"SKIP","floor":14},{"not_picked":["DTMod:Prediction","DTMod:StunTrap"],"picked":"DTMod:EchoTactic","floor":16},{"not_picked":["DTMod:GhostSkin","DTMod:Threaten+1"],"picked":"DTMod:CleansingStrike","floor":18},{"not_picked":["DTMod:Weaken","DTMod:InvisibleFlame"],"picked":"DTMod:MagicField+1","floor":19},{"not_picked":["DTMod:RunningTactic","DTMod:Hide"],"picked":"DTMod:QuickFly","floor":19},{"not_picked":["DTMod:ForkedFire","DTMod:BurningEnergy"],"picked":"DTMod:RecklessFlurry","floor":20},{"not_picked":["DTMod:Feint+1","DTMod:Cover","DTMod:DarkBreath"],"picked":"SKIP","floor":21},{"not_picked":["DTMod:MasterPlan","DTMod:DarkBreath"],"picked":"DTMod:FlameSlash+1","floor":28},{"not_picked":["DTMod:Threaten","DTMod:CleansingStrike","DTMod:Haste"],"picked":"SKIP","floor":29},{"not_picked":["DTMod:Observe","DTMod:RecklessFlurry"],"picked":"DTMod:Astonish","floor":31},{"not_picked":["DTMod:Harmonize","DTMod:FierySynthesis"],"picked":"DTMod:OpeningTactic","floor":33},{"not_picked":["DTMod:MasterPlan+1","DTMod:Astonish"],"picked":"DTMod:WarmUp","floor":35},{"not_picked":["DTMod:DeepFocus+1","DTMod:QuickFly","DTMod:BlazingStrike"],"picked":"SKIP","floor":37},{"not_picked":["DTMod:QuickFly","DTMod:Weaken+1","DTMod:Punisher"],"picked":"SKIP","floor":38},{"not_picked":["DTMod:BlazingStrike","DTMod:Cover+1"],"picked":"DTMod:MagicField+1","floor":41},{"not_picked":["DTMod:Astonish+1","DTMod:MasterPlan+1","DTMod:DarkBreath+1"],"picked":"SKIP","floor":46},{"not_picked":["DTMod:Training","DTMod:ComboAttack+1"],"picked":"DTMod:Conduct+1","floor":48},{"not_picked":["DTMod:Overwhelm+1","DTMod:RecklessFlurry+1","DTMod:Weaken"],"picked":"SKIP","floor":49},{"not_picked":["DTMod:OpeningTactic+1","DTMod:Harmonize"],"picked":"DTMod:GearUp","floor":52},{"not_picked":["DTMod:WarmUp","Dagger Spray+1","DTMod:Threaten","Bane+1"],"picked":"SKIP","floor":54},{"not_picked":["DTMod:DarkBreath+1","Deflect","Skewer+1"],"picked":"DTMod:Training","floor":55},{"not_picked":["DTMod:MagiciansMark+1","DTMod:InvisibleFlame","DTMod:TagTeam"],"picked":"DTMod:BuildUp+1","floor":63},{"not_picked":["DTMod:FlameSlash+1","Flying Knee+1","DTMod:ComboAttack+1","DTMod:InvisibleFlame"],"picked":"SKIP","floor":67},{"not_picked":["infinitespire:Oblivion","ReplayTheSpireMod:??????????????????????"],"picked":"infinitespire:UltimateForm","floor":69},{"not_picked":["All Out Attack+1","Infinite Blades"],"picked":"SKIP","floor":71},{"not_picked":["Flying Knee+1","DTMod:DarkBreath+1"],"picked":"SKIP","floor":72},{"not_picked":["DTMod:Threaten","Dagger Spray+1"],"picked":"SKIP","floor":74},{"not_picked":["DTMod:BurningEnergy","Calculated Gamble+1"],"picked":"SKIP","floor":75},{"not_picked":["Footwork","DTMod:FlameSlash+1"],"picked":"SKIP","floor":80},{"not_picked":["Prepared"],"picked":"SKIP","floor":83},{"not_picked":[],"picked":"DTMod:ResonanceForm","floor":84},{"not_picked":["Twin Strike+1","DTMod:DarkBreath+1"],"picked":"SKIP","floor":88}],"player_experience":1301487,"relics_obtained":[{"floor":6,"key":"Bag of Preparation"},{"floor":9,"key":"Onion Ring"},{"floor":19,"key":"ReplayTheSpireMod:Lightbulb"},{"floor":26,"key":"infinitespire:FocusingShard"},{"floor":29,"key":"Blue Doll"},{"floor":39,"key":"infinitespire:Satchel"},{"floor":43,"key":"Molten Egg 2"},{"floor":60,"key":"Odd Mushroom"},{"floor":62,"key":"Toy Ornithopter"},{"floor":65,"key":"ReplayFunnel"},{"floor":70,"key":"ReplayTheSpireMod:TigerMarble"},{"floor":70,"key":"infinitespire:EmpoweringShard"},{"floor":70,"key":"StoneCalendar"},{"floor":79,"key":"PreservedInsect"}],"event_choices":[{"damage_healed":0,"gold_gain":0,"player_choice":"Damaged","damage_taken":4,"max_hp_gain":0,"max_hp_loss":0,"event_name":"Wheel of Change","floor":4,"gold_loss":0},{"damage_healed":0,"gold_gain":0,"cards_transformed":["DTMod:Strike"],"player_choice":"Transformed","damage_taken":0,"max_hp_gain":0,"max_hp_loss":0,"event_name":"Transmorgrifier","floor":12,"gold_loss":0,"cards_obtained":["DTMod:InvisibleFlame"]},{"damage_healed":0,"gold_gain":0,"player_choice":"2 cards matched","damage_taken":0,"max_hp_gain":0,"max_hp_loss":0,"event_name":"Match and Keep!","floor":27,"gold_loss":0,"cards_obtained":["ReplayTheSpireMod:Trickstab","DTMod:HeatWave"]},{"cards_removed":["DTMod:Strike"],"damage_healed":0,"gold_gain":0,"player_choice":"Upgrade and Remove","damage_taken":0,"max_hp_gain":0,"max_hp_loss":0,"event_name":"Designer","floor":36,"gold_loss":90,"cards_upgraded":["DTMod:RecklessFlurry"]},{"damage_healed":0,"gold_gain":0,"player_choice":"Paid","damage_taken":0,"relics_obtained":["Red Mask"],"max_hp_gain":0,"max_hp_loss":0,"event_name":"Tomb of Lord Red Mask","floor":50,"gold_loss":310},{"damage_healed":0,"gold_gain":0,"player_choice":"RENOUNCE","damage_taken":120,"max_hp_gain":0,"max_hp_loss":0,"event_name":"betterThird:BetterSerpent","floor":58,"gold_loss":120,"cards_obtained":["Enlightenment"]},{"damage_healed":0,"gold_gain":0,"player_choice":"Fought Mushrooms","damage_taken":0,"max_hp_gain":0,"max_hp_loss":0,"event_name":"Mushrooms","floor":60,"gold_loss":0},{"damage_healed":13,"gold_gain":0,"player_choice":"Healed","damage_taken":0,"max_hp_gain":0,"max_hp_loss":0,"event_name":"The Cleric","floor":66,"gold_loss":35},{"damage_healed":0,"gold_gain":0,"player_choice":"Serpent","damage_taken":0,"max_hp_gain":0,"max_hp_loss":0,"event_name":"BanditSerpent","floor":81,"gold_loss":0},{"damage_healed":0,"gold_gain":0,"player_choice":"Traded Relic","damage_taken":0,"relics_obtained":["Nloth\u0027s Gift"],"max_hp_gain":0,"max_hp_loss":0,"event_name":"N\u0027loth","floor":82,"relics_lost":["aspiration:SilentSkillbook"],"gold_loss":0},{"damage_healed":0,"gold_gain":0,"player_choice":"Embrace Madness","damage_taken":7,"max_hp_gain":0,"max_hp_loss":0,"event_name":"Winding Halls","floor":89,"gold_loss":0,"cards_obtained":["Madness","Madness"]},{"damage_healed":0,"gold_gain":999,"player_choice":"Gold","damage_taken":0,"max_hp_gain":0,"max_hp_loss":0,"event_name":"MindBloom","floor":90,"gold_loss":0,"cards_obtained":["Normality","Normality"]},{"damage_healed":0,"gold_gain":0,"player_choice":"0 cards matched","damage_taken":0,"max_hp_gain":0,"max_hp_loss":0,"event_name":"Match and Keep!","floor":91,"gold_loss":0,"cards_obtained":[]}],"is_beta":false,"boss_relics":[{"not_picked":["Black Star","Replay:Drink Me"],"picked":"DTMod:MagicStone"},{"not_picked":["Runesmith:UraniumAnvil","Runic Dome"],"picked":"ReplayTheSpireMod:DimensionalGlitch"},{"not_picked":["Coffee Dripper","aspiration:RunicSpoon"],"picked":"aspiration:SilentSkillbook"},{"not_picked":["Runic Dome","SacredBark"],"picked":"Replay:Grab Bag"},{"not_picked":["Velvet Choker","Painkiller Herb"],"picked":"Busted Crown"},{"not_picked":["Replay:Wanted Poster","ChewingGum"],"picked":"Philosopher\u0027s Stone"},{"not_picked":["Runic Pyramid","Replay:Drink Me"],"picked":"Calling Bell"},{"not_picked":["aspiration:RunicSpoon","Empty Cage"],"picked":"SlaversCollar"},{"not_picked":["aspiration:DefectSkillbook","aspiration:FutureDiary"],"picked":"aspiration:IroncladSkillbook"}],"items_purged_floors":[11,22],"is_endless":true,"potions_floor_spawned":[1,2,6,16,18,28,29,33,35,37,49,52,55,60,63,71,74,83],"killed_by":"infinitespire:Three Voidlings","ascension_level":0}}