{"host":"7khtwbkyze7y134w","time":1608628944,"event":{"mods":["AchievementEnabler","BaseMod","Colored Map","Colored Powertips","Highlight Path","Minty Spire (QoL Compilation)","Relic Stats","StSLib","SuperFastMode"],"gold_per_floor":[114,134,152,165,165,189,209,225,250,266,279,279,47,67,67,192,192,216,236,252,252,271,271,314,314,340,340,356,379,423,448,448,571,571,594,609,609,269,282,315,1,67,67,86,86,86,107,143,143,143],"floor_reached":51,"playtime":1872,"items_purged":["Strike_B","Defend_B"],"score":824,"play_id":"b2e9329a-a7bd-4f78-845b-d88f1f0451b8","local_time":"20201222092224","is_ascension_mode":false,"campfire_choices":[{"data":"All For One","floor":15,"key":"SMITH"},{"floor":23,"key":"REST"},{"floor":25,"key":"REST"},{"floor":32,"key":"REST"},{"data":"1","floor":46,"key":"LIFT"},{"data":"2","floor":49,"key":"LIFT"}],"circlet_count":0,"master_deck":["Defend_B","Defend_B+1","Zap","Dualcast","Hologram","Go for the Eyes+1","Streamline+1","Auto Shields","Go for the Eyes","All For One+1","Streamline","Gash","FTL","Seek+1","Gash","Self Repair+1","Bite","Bite","Bite","Bite","Bite","Beam Cell","Gash+1","All For One+1","Reboot","Hologram","Lockon+1","FTL+1"],"relics":["Cracked Core","NeowsBlessing","Golden Idol","Orrery","Fusion Hammer","War Paint","Lantern","MutagenicStrength","Molten Egg 2","Busted Crown","Ornamental Fan","Whetstone","Gremlin Horn","Girya","Bottled Lightning","MealTicket"],"acts_visited":["Exordium","TheCity","TheBeyond"],"potions_floor_usage":[16,18,20,30,50,50],"damage_taken":[{"damage":0.0,"enemies":"2 Louse","floor":1.0,"turns":1.0},{"damage":0.0,"enemies":"Small Slimes","floor":2.0,"turns":1.0},{"damage":0.0,"enemies":"Cultist","floor":3.0,"turns":1.0},{"damage":0.0,"enemies":"Looter","floor":4.0,"turns":4.0},{"damage":12,"enemies":"Large Slime","floor":6,"turns":4},{"damage":3,"enemies":"2 Fungi Beasts","floor":7,"turns":4},{"damage":2,"enemies":"Looter","floor":8,"turns":3},{"damage":0,"enemies":"Large Slime","floor":10,"turns":5},{"damage":18,"enemies":"Gremlin Gang","floor":11,"turns":4},{"damage":0,"enemies":"Looter","floor":14,"turns":2},{"damage":12,"enemies":"Hexaghost","floor":16,"turns":6},{"damage":12,"enemies":"3 Byrds","floor":18,"turns":6},{"damage":0,"enemies":"Chosen","floor":19,"turns":3},{"damage":17,"enemies":"Centurion and Healer","floor":20,"turns":5},{"damage":5,"enemies":"Cultist and Chosen","floor":22,"turns":4},{"damage":40,"enemies":"Gremlin Leader","floor":24,"turns":7},{"damage":10,"enemies":"Sentry and Sphere","floor":28,"turns":3},{"damage":20,"enemies":"3 Cultists","floor":29,"turns":5},{"damage":5,"enemies":"Slavers","floor":30,"turns":2},{"damage":31,"enemies":"Snake Plant","floor":31,"turns":3},{"damage":68,"enemies":"Champ","floor":33,"turns":9},{"damage":16,"enemies":"3 Shapes","floor":35,"turns":3},{"damage":5,"enemies":"Orb Walker","floor":36,"turns":2},{"damage":0,"enemies":"Sphere and 2 Shapes","floor":39,"turns":3},{"damage":3,"enemies":"Nemesis","floor":40,"turns":3},{"damage":21,"enemies":"2 Orb Walkers","floor":42,"turns":2},{"damage":4,"enemies":"Writhing Mass","floor":44,"turns":4},{"damage":5,"enemies":"4 Shapes","floor":47,"turns":2},{"damage":0,"enemies":"Reptomancer","floor":48,"turns":4},{"damage":88,"enemies":"Awakened One","floor":50,"turns":9}],"seed_played":"-2857724248447047163","potions_obtained":[{"floor":4.0,"key":"Regen Potion"},{"floor":6,"key":"Block Potion"},{"floor":7,"key":"DuplicationPotion"},{"floor":8,"key":"FairyPotion"},{"floor":16,"key":"Block Potion"},{"floor":20,"key":"Dexterity Potion"},{"floor":22,"key":"DuplicationPotion"},{"floor":31,"key":"Regen Potion"},{"floor":40,"key":"SteroidPotion"}],"is_trial":false,"path_per_floor":["M","M","M","M","?","M","M","M","T","M","M","?","$","M","R","B",null,"M","M","M","?","M","R","E","R","T","?","M","M","E","M","R","B",null,"M","M","?","$","M","E","$","?","T","M","?","R","M","E","R","B",null],"character_chosen":"DEFECT","items_purchased":["Orrery","Ornamental Fan","Gremlin Horn","Hologram"],"campfire_rested":3,"item_purchase_floors":[13,38,41,41],"current_hp_per_floor":[75,75,75,75,57,45,42,40,40,42,26,26,26,28,28,18,75,63,65,50,50,59,75,53,75,75,75,75,73,72,54,75,31,75,69,75,75,75,75,75,75,64,64,66,66,66,67,75,75,26],"gold":143,"neow_bonus":"THREE_ENEMY_KILL","is_daily":false,"chose_seed":false,"campfire_upgraded":1,"win_rate":0.0,"timestamp":1608628944,"path_taken":["M","M","M","M","?","M","M","M","T","M","M","?","$","M","R","BOSS","M","M","?","?","M","R","E","R","T","?","M","M","E","M","R","BOSS","M","M","?","$","M","E","$","?","T","M","?","R","?","E","R","BOSS"],"items_purchased_type":["Relic","Relic","Relic","Card"],"build_version":"2020-12-13","purchased_purges":2,"victory":true,"max_hp_per_floor":[75,75,75,75,75,75,75,75,75,75,75,75,75,75,75,75,75,75,75,75,75,75,75,75,75,75,75,75,75,75,75,75,75,75,75,75,75,75,75,75,75,75,75,75,75,75,75,75,75,75],"relic_stats":{"Busted Crown":16,"Gremlin Horn":[11,11],"counters":[30,114],"Golden Idol":189,"Ornamental Fan":[188],"MealTicket":0,"Whetstone":["Go for the Eyes","Gash"],"War Paint":["Seek","Defend_B"],"obtain_stats":[{"Girya":42,"Lantern":26,"NeowsBlessing":0,"Gremlin Horn":41,"Golden Idol":5,"Whetstone":40,"War Paint":24,"Blood Vial":9,"Busted Crown":34,"Ornamental Fan":38,"MutagenicStrength":27,"Orrery":13,"Molten Egg 2":30,"MealTicket":48,"Fusion Hammer":17,"Bottled Lightning":43,"Cracked Core":0},{"Girya":26,"Lantern":16,"NeowsBlessing":0,"Gremlin Horn":25,"Golden Idol":4,"Whetstone":25,"War Paint":16,"Blood Vial":7,"Busted Crown":21,"Ornamental Fan":23,"MutagenicStrength":16,"Orrery":9,"Molten Egg 2":19,"MealTicket":29,"Fusion Hammer":11,"Bottled Lightning":26,"Cracked Core":0},{"Girya":95,"Lantern":60,"NeowsBlessing":0,"Gremlin Horn":93,"Golden Idol":7,"Whetstone":93,"War Paint":60,"Blood Vial":18,"Busted Crown":82,"Ornamental Fan":87,"MutagenicStrength":60,"Orrery":27,"Molten Egg 2":70,"MealTicket":105,"Fusion Hammer":35,"Bottled Lightning":95,"Cracked Core":0}]},"card_choices":[{"not_picked":["Steam","Barrage"],"picked":"Hologram","floor":1.0},{"not_picked":["Redo","Hologram"],"picked":"Go for the Eyes","floor":2.0},{"not_picked":["Rip and Tear","Compile Driver","Sweeping Beam"],"picked":"SKIP","floor":3.0},{"not_picked":["Creative AI","Tempest"],"picked":"Streamline","floor":4.0},{"not_picked":["Barrage","Compile Driver"],"picked":"Auto Shields","floor":6},{"not_picked":["Auto Shields","Redo","Sweeping Beam"],"picked":"SKIP","floor":7},{"not_picked":["Consume","Steam","Ball Lightning"],"picked":"SKIP","floor":8},{"not_picked":["Stack","Rip and Tear","Compile Driver"],"picked":"SKIP","floor":10},{"not_picked":["Compile Driver","Blizzard"],"picked":"Go for the Eyes","floor":11},{"not_picked":["Sweeping Beam","Stack"],"picked":"All For One","floor":13},{"not_picked":["Leap","Barrage"],"picked":"Streamline","floor":13},{"not_picked":["Steam Power","Barrage"],"picked":"Gash","floor":13},{"not_picked":["Hologram","Ball Lightning"],"picked":"FTL","floor":14},{"not_picked":["Machine Learning","Reboot"],"picked":"Seek","floor":16},{"not_picked":["Hello World","Coolheaded+1"],"picked":"Gash","floor":18},{"not_picked":["Compile Driver","Streamline","Steam Power"],"picked":"SKIP","floor":19},{"not_picked":["Streamline","Force Field","Self Repair+1"],"picked":"SKIP","floor":20},{"not_picked":["Streamline","Force Field"],"picked":"Self Repair+1","floor":20},{"not_picked":["BootSequence+1","Barrage"],"picked":"Beam Cell","floor":22},{"not_picked":["Streamline","Blizzard"],"picked":"Gash","floor":24},{"not_picked":["Tempest","Reprogram","Stack+1"],"picked":"SKIP","floor":28},{"not_picked":["Streamline","Ball Lightning","Redo+1"],"picked":"SKIP","floor":29},{"not_picked":["Barrage+1","Steam"],"picked":"All For One+1","floor":30},{"not_picked":["Genetic Algorithm+1","Loop","Static Discharge+1"],"picked":"SKIP","floor":31},{"not_picked":["Buffer","Amplify"],"picked":"Reboot","floor":33},{"not_picked":["Coolheaded"],"picked":"SKIP","floor":35},{"not_picked":["Stack"],"picked":"SKIP","floor":36},{"not_picked":["Barrage+1"],"picked":"SKIP","floor":39},{"not_picked":["Steam+1"],"picked":"SKIP","floor":40},{"not_picked":["Coolheaded"],"picked":"SKIP","floor":44},{"not_picked":["Double Energy+1"],"picked":"SKIP","floor":47},{"not_picked":[],"picked":"FTL+1","floor":48}],"player_experience":980,"relics_obtained":[{"floor":9,"key":"Blood Vial"},{"floor":24,"key":"War Paint"},{"floor":26,"key":"Lantern"},{"floor":30,"key":"Molten Egg 2"},{"floor":40,"key":"Whetstone"},{"floor":42,"key":"Girya"},{"floor":43,"key":"Bottled Lightning"},{"floor":48,"key":"MealTicket"}],"event_choices":[{"damage_healed":0.0,"max_hp_gain":0.0,"max_hp_loss":0.0,"gold_gain":0.0,"event_name":"Golden Idol","player_choice":"Take Damage","floor":5.0,"gold_loss":0.0,"damage_taken":18.0,"relics_obtained":["Golden Idol"]},{"damage_healed":0,"gold_gain":0,"player_choice":"Forge","damage_taken":0,"max_hp_gain":0,"max_hp_loss":0,"event_name":"Accursed Blacksmith","floor":12,"gold_loss":0,"cards_upgraded":["Streamline"]},{"damage_healed":0,"gold_gain":0,"player_choice":"Became a vampire (Vial)","damage_taken":0,"max_hp_gain":0,"max_hp_loss":0,"event_name":"Vampires","floor":21,"relics_lost":["Blood Vial"],"gold_loss":0,"cards_obtained":["Bite","Bite","Bite","Bite","Bite"]},{"damage_healed":0,"gold_gain":0,"player_choice":"Inject Mutagens","damage_taken":0,"relics_obtained":["MutagenicStrength"],"max_hp_gain":0,"max_hp_loss":0,"event_name":"Drug Dealer","floor":27,"gold_loss":0},{"damage_healed":0,"gold_gain":0,"player_choice":"Ignored","damage_taken":0,"max_hp_gain":0,"max_hp_loss":0,"event_name":"Tomb of Lord Red Mask","floor":37,"gold_loss":0},{"damage_healed":0,"gold_gain":0,"player_choice":"Fight","damage_taken":0,"max_hp_gain":0,"max_hp_loss":0,"event_name":"Mysterious Sphere","floor":42,"gold_loss":0},{"damage_healed":0,"gold_gain":0,"cards_transformed":["Defend_B"],"player_choice":"Transformed","damage_taken":0,"max_hp_gain":0,"max_hp_loss":0,"event_name":"Transmorgrifier","floor":45,"gold_loss":0,"cards_obtained":["Lockon"]}],"is_beta":false,"boss_relics":[{"not_picked":["FrozenCore","Nuclear Battery"],"picked":"Fusion Hammer"},{"not_picked":["Velvet Choker","Runic Pyramid"],"picked":"Busted Crown"}],"items_purged_floors":[13,38],"is_endless":false,"potions_floor_spawned":[4,6,7,8,16,20,22,28,29,31,40,42,44],"ascension_level":0}}