{"host":"a271difpu8igxb07","time":1608642616,"event":{"mods":["2.2 Compatiblity","AchievementEnabler","Act Like it!","Ascension Reborn","Aspiration","BaseMod","Bestiary","Better Note","Better Third Choice","BetterRewards","Challenge The Spire","Colored Map","Colored Powertips","Conspire","Custom Start","Dota2Spire","Downfall","Energized Spire","Halation","Hermit","Highlight Path","Hubris","Infinite Spire","Minty Spire (QoL Compilation)","Quick Restart","READ ME - Guardian Mod","Retaliation","StSLib","The Blue Laboratory","The Construct","The Cursed","The Factory","The Jungle","vexMod"],"gold_per_floor":[121,121,99,119,119,149,149,184,281,281,294,314,314,330,330,444,444,479,479,479,429,100,100,100,100,156,203,216,216,264,286,286,409,409,455,455,455,455,455,455,497,497,497,497,534,557,557,577,577,588],"floor_reached":51,"playtime":2446,"items_purged":[],"score":698,"play_id":"b9e423e0-30a0-4381-ad42-a4ead0e5808b","local_time":"20201222201016","is_ascension_mode":true,"campfire_choices":[{"floor":7,"key":"RECALL"},{"data":"Zap","floor":10,"key":"SMITH"},{"data":"Turbo","floor":13,"key":"SMITH"},{"data":"Machine Learning","floor":15,"key":"SMITH"},{"data":"Amplify","floor":23,"key":"SMITH"},{"floor":29,"key":"REST"},{"floor":32,"key":"REST"},{"floor":40,"key":"REST"},{"data":"infinitespire:UltimateForm","floor":42,"key":"SMITH"},{"data":"Electrodynamics","floor":44,"key":"SMITH"},{"floor":49,"key":"REST"}],"circlet_count":0,"master_deck":["Strike_B+1","Strike_B+1","Strike_B+1","Strike_B+1","Defend_B+1","Defend_B+1","Defend_B+1","Defend_B+1","Zap+1","Dualcast+1","Rip and Tear","Buffer","Zap+1","Leap","hubris:Ukulele","Rebound","Go for the Eyes","Sweeping Beam","Turbo+1","Machine Learning+1","Amplify+1","Lockon","Demon Form","conspire:SpireCoStock","Static Discharge+1","infinitespire:UltimateForm+1","Cold Snap+1","Consume","Cold Snap","Cold Snap","Electrodynamics+1","Chill+1","expansioncontent:DashGenerateEvil","Thinking Ahead","Apotheosis","White Noise+1","Steam Power","Double Energy+1","Redo"],"relics":["Cracked Core","Potion Belt","hubris:Icosahedron","hubris:BallOfYels","HornCleat","Kunai","Dota2Spire:Mjollnir","energizedSpire:SpiderWeb","Pen Nib","Nuclear Battery","hubris:MysteriousPyramids","vexMod:PlasmaPancake","vexMod:MemoryStick","Bronze Scales","hubris:Spice","SlaversCollar","Darkstone Periapt","aspiration:FrozenJewel","StoneCalendar","Omamori"],"acts_visited":["Exordium","TheCity","TheBeyond"],"potions_floor_usage":[50,50,50],"damage_taken":[{"damage":0,"enemies":"2 Louse","floor":1,"turns":2},{"damage":0,"enemies":"Cultist","floor":4,"turns":2},{"damage":4,"enemies":"Lagavulin","floor":6,"turns":5},{"damage":5,"enemies":"3 Sentries","floor":8,"turns":5},{"damage":0,"enemies":"conspire:RoseBush","floor":11,"turns":2},{"damage":0,"enemies":"Exordium Wildlife","floor":12,"turns":3},{"damage":4,"enemies":"conspire:2 RoseBushes","floor":14,"turns":3},{"damage":26,"enemies":"The Guardian","floor":16,"turns":7},{"damage":5,"enemies":"2 Thieves","floor":18,"turns":4},{"damage":29,"enemies":"Gremlin Leader","floor":27,"turns":5},{"damage":10,"enemies":"Chosen","floor":28,"turns":4},{"damage":0,"enemies":"conspire:HollyBat","floor":30,"turns":6},{"damage":9,"enemies":"Cultist and Chosen","floor":31,"turns":5},{"damage":20,"enemies":"hubris:MusketHawk","floor":33,"turns":7},{"damage":25,"enemies":"3 Darklings","floor":35,"turns":3},{"damage":9,"enemies":"Orb Walker","floor":41,"turns":3},{"damage":9,"enemies":"Sphere and 2 Shapes","floor":45,"turns":3},{"damage":35,"enemies":"Spire Growth","floor":46,"turns":4},{"damage":0,"enemies":"Jaw Worm Horde","floor":48,"turns":1},{"damage":57,"enemies":"conspire:OrnateMirror","floor":50,"turns":7}],"seed_played":"3717739060881070183","potions_obtained":[{"floor":1,"key":"Explosive Potion"},{"floor":11,"key":"blueLaboratory:EnragingPotion"},{"floor":14,"key":"Slimebound:ThreeZeroPotion"},{"floor":16,"key":"blueLaboratory:BottleOfRum"},{"floor":27,"key":"Guardian:BlockOnCardUsePotion"},{"floor":45,"key":"FocusPotion"}],"is_trial":false,"path_per_floor":["M","?","$","M","?","E","R","E","T","R","M","M","R","M","R","B",null,"M","AVR","?","?","$","R","?","?","T","E","M","R","M","M","R","B",null,"M","?","?","?","AVR","R","M","R","T","R","M","M","T","M","R","B",null],"character_chosen":"DEFECT","items_purchased":["Leap","Static Discharge","hubris:MysteriousPyramids"],"campfire_rested":4,"item_purchase_floors":[3,22,22],"current_hp_per_floor":[75,75,75,75,75,71,71,66,66,66,66,66,66,62,62,36,65,60,60,60,60,60,60,60,41,47,18,8,32,32,23,47,35,76,51,60,60,50,58,87,78,78,78,78,69,34,34,34,58,1],"gold":588,"neow_bonus":"RANDOM_COMMON_RELIC","is_daily":false,"chose_seed":false,"campfire_upgraded":6,"win_rate":0.0,"timestamp":1608642616,"path_taken":["M","?","$","?","?","E","R","E","T","R","M","M","R","M","R","BOSS","M","AVR","?","?","$","R","?","?","T","E","?","R","M","M","R","BOSS","M","?","?","?","AVR","R","M","R","T","R","M","M","?","?","R","BOSS"],"items_purchased_type":["Card","Card","Relic"],"build_version":"2020-12-13","purchased_purges":0,"victory":true,"max_hp_per_floor":[75,75,75,75,75,75,75,75,75,75,75,75,75,75,75,75,75,75,75,75,75,75,75,75,75,81,81,81,81,81,81,81,89,89,89,89,89,89,97,97,97,97,97,97,97,97,89,81,81,81],"card_choices":[{"not_picked":["Rebound","conspire:Rain+1"],"picked":"Rip and Tear","floor":1},{"not_picked":["Gash","Undo+1"],"picked":"hubris:Ukulele","floor":4},{"not_picked":["Hologram+1","Gash"],"picked":"Rebound","floor":6},{"not_picked":["Steam","Stack+1"],"picked":"Go for the Eyes","floor":8},{"not_picked":["Go for the Eyes","BootSequence+1"],"picked":"Sweeping Beam","floor":11},{"not_picked":["Conserve Battery+1","Streamline"],"picked":"Turbo","floor":12},{"not_picked":["Compile Driver","Stack"],"picked":"Machine Learning","floor":14},{"not_picked":["Seek","Hyperbeam"],"picked":"Amplify","floor":16},{"not_picked":["Compile Driver+1","Streamline+1"],"picked":"Lockon","floor":18},{"not_picked":["infinitespire:DeathsTouch","infinitespire:FutureSight"],"picked":"infinitespire:UltimateForm","floor":25},{"not_picked":["Steam+1","Rebound"],"picked":"Cold Snap+1","floor":27},{"not_picked":["Reboot","Cold Snap"],"picked":"Consume","floor":28},{"not_picked":["Rebound","Hologram+1"],"picked":"Cold Snap","floor":30},{"not_picked":["Gash+1","Consume+1"],"picked":"Cold Snap","floor":31},{"not_picked":["All For One","Buffer"],"picked":"Electrodynamics","floor":33},{"not_picked":["Stack+1","Barrage+1"],"picked":"Chill+1","floor":35},{"not_picked":["expansioncontent:HyperBeam","Deep Breath"],"picked":"expansioncontent:DashGenerateEvil","floor":38},{"not_picked":["expansioncontent:Chronoboost","expansioncontent:BronzeBeam"],"picked":"Thinking Ahead","floor":38},{"not_picked":["DDmod:PotionAddictCard","Dramatic Entrance"],"picked":"Apotheosis","floor":38},{"not_picked":["hubris:PowerSurge+1","Aggregate+1"],"picked":"White Noise+1","floor":41},{"not_picked":["Force Field","Coolheaded+1"],"picked":"Steam Power","floor":45},{"not_picked":["Go for the Eyes","hubris:Ukulele"],"picked":"Double Energy+1","floor":46},{"not_picked":["Gash+1","Steam+1"],"picked":"Redo","floor":48}],"player_experience":85663,"relics_obtained":[{"floor":6,"key":"hubris:BallOfYels"},{"floor":8,"key":"HornCleat"},{"floor":9,"key":"Kunai"},{"floor":16,"key":"Dota2Spire:Mjollnir"},{"floor":26,"key":"vexMod:PlasmaPancake"},{"floor":26,"key":"vexMod:MemoryStick"},{"floor":27,"key":"Bronze Scales"},{"floor":33,"key":"hubris:Spice"},{"floor":43,"key":"aspiration:FrozenJewel"},{"floor":43,"key":"StoneCalendar"},{"floor":47,"key":"hubris:Spice"},{"floor":47,"key":"Omamori"},{"floor":48,"key":"hubris:Spice"}],"event_choices":[{"damage_healed":0,"gold_gain":0,"player_choice":"2 cards matched","damage_taken":0,"max_hp_gain":0,"max_hp_loss":0,"event_name":"Match and Keep!","floor":2,"gold_loss":0,"cards_obtained":["Buffer","Zap"]},{"cards_removed":["Amplify"],"damage_healed":0,"gold_gain":0,"player_choice":"Take \u0026 Give","damage_taken":0,"max_hp_gain":0,"max_hp_loss":0,"event_name":"betterNote:BetterNote","floor":20,"gold_loss":0,"cards_obtained":["Demon Form"]},{"damage_healed":0,"gold_gain":0,"player_choice":"Invest 1","damage_taken":0,"max_hp_gain":0,"max_hp_loss":0,"event_name":"conspire:Investor","floor":21,"gold_loss":0},{"damage_healed":0,"gold_gain":0,"player_choice":"Ignored","damage_taken":0,"max_hp_gain":0,"max_hp_loss":0,"event_name":"Ghosts","floor":24,"gold_loss":0},{"damage_healed":0,"gold_gain":0,"player_choice":"Memory 3","damage_taken":10,"max_hp_gain":0,"max_hp_loss":0,"event_name":"SensoryStone","floor":38,"gold_loss":0}],"is_beta":false,"boss_relics":[{"not_picked":["Philosopher\u0027s Stone","halation:LoveArrow"],"picked":"energizedSpire:SpiderWeb"},{"not_picked":["vexMod:DeviousBotling","Astrolabe"],"picked":"SlaversCollar"}],"items_purged_floors":[],"is_endless":false,"potions_floor_spawned":[1,11,14,16,27,28,45,48],"ascension_level":0}}