{"host":"y8lj6eu4rxnc2qvr","time":1608665166,"event":{"mods":["BaseMod","Downfall","Minty Spire (QoL Compilation)","StSLib"],"gold_per_floor":[99,99,99,99,9,21,47,66,66,3,18,18,18,18,32,32,32,32],"floor_reached":16,"playtime":910,"items_purged":["hexamod:GhostOfSpireFuture"],"score":88,"play_id":"21e338ef-3797-45c0-a8f2-227773a0a15c","local_time":"20201222142606","is_ascension_mode":false,"campfire_choices":[{"data":"hexamod:Sear","floor":1,"key":"SMITH"},{"floor":13,"key":"REST"}],"circlet_count":0,"master_deck":["hexamod:Strike","hexamod:Strike+1","hexamod:Strike","hexamod:Strike+1","hexamod:Defend","hexamod:Defend","hexamod:Defend","hexamod:Defend","hexamod:Sear+1","hexamod:Float","hexamod:BacktrackSmack","hexamod:GhostOfSpirePast","hexamod:HauntingEcho+1","hexamod:ShieldOfDarkness","hexamod:FourthSeal","Regret","hexamod:Firestarter","hexamod:RainOfEmbers+1","hexamod:HeatMetal","hexamod:GhostShield"],"relics":["hexamod:SpiritBrand","downfall:HeartsMalice","Strawberry","CaptainsWheel"],"acts_visited":["Exordium"],"potions_floor_usage":[10,16,16],"damage_taken":[{"damage":0,"enemies":"Cultist","floor":2,"turns":1},{"damage":0,"enemies":"2 Louse","floor":3,"turns":1},{"damage":0,"enemies":"Jaw Worm","floor":4,"turns":1},{"damage":0,"enemies":"downfall:FleeingMerchant","floor":5,"turns":4},{"damage":18,"enemies":"Lots of Slimes","floor":6,"turns":4},{"damage":1,"enemies":"Blue Slaver","floor":8,"turns":3},{"damage":2,"enemies":"downfall:FleeingMerchant","floor":10,"turns":4},{"damage":17,"enemies":"2 Fungi Beasts","floor":11,"turns":4},{"damage":41,"enemies":"Gremlin Gang","floor":15,"turns":5},{"damage":11,"enemies":"downfall:Silent","floor":16,"turns":2}],"seed_played":"-5017966541630331659","potions_obtained":[{"floor":6,"key":"SpeedPotion"},{"floor":8,"key":"AttackPotion"},{"floor":10,"key":"LiquidMemories"},{"floor":11,"key":"Slimebound:ThreeZeroPotion"}],"is_trial":false,"path_per_floor":["R","M","M","M","$","M","T","M","?","$","M","?","R","?","M","B"],"character_chosen":"THE_SPIRIT","items_purchased":["hexamod:RainOfEmbers"],"campfire_rested":1,"item_purchase_floors":[10],"current_hp_per_floor":[70,70,70,70,70,52,59,58,58,56,39,27,50,50,9,0,0,0],"gold":32,"neow_bonus":"THREE_ENEMY_KILL","is_daily":false,"chose_seed":false,"campfire_upgraded":1,"win_rate":0.0,"timestamp":1608665166,"path_taken":["R","M","?","M","$","M","T","M","?","$","M","?","R","?","M","BOSS"],"items_purchased_type":["Card"],"build_version":"2020-12-13","purchased_purges":1,"victory":false,"max_hp_per_floor":[70,70,70,70,70,70,77,77,77,77,77,77,77,77,77,77,77,77],"card_choices":[{"not_picked":["hexamod:GhostLash","hexamod:NightmareGuise"],"picked":"hexamod:BacktrackSmack","floor":2},{"not_picked":["hexamod:RetreatToShadows","hexamod:NecessarySacrifice"],"picked":"hexamod:GhostOfSpirePast","floor":3},{"not_picked":["hexamod:Rewind","hexamod:GhostOfSpirePresent"],"picked":"hexamod:GhostOfSpireFuture","floor":4},{"not_picked":["hexamod:NecessarySacrifice","hexamod:Hexaguard"],"picked":"hexamod:HauntingEcho","floor":5},{"not_picked":["hexamod:GhostShield","hexamod:SpectersWail"],"picked":"hexamod:ShieldOfDarkness","floor":6},{"not_picked":["hexamod:EtherealExpedition","hexamod:GhostOfSpirePast"],"picked":"hexamod:FourthSeal","floor":8},{"not_picked":["hexamod:FastForward","hexamod:SkipABeat"],"picked":"hexamod:Firestarter","floor":10},{"not_picked":["hexamod:Incineration","hexamod:SwordOfDarkness"],"picked":"hexamod:HeatMetal","floor":11},{"not_picked":["hexamod:NightmareGuise","hexamod:CrushingStance"],"picked":"hexamod:GhostShield","floor":15}],"player_experience":41220,"relics_obtained":[{"floor":7,"key":"Strawberry"}],"event_choices":[{"damage_healed":0,"gold_gain":0,"player_choice":"Success","damage_taken":12,"relics_obtained":["CaptainsWheel"],"max_hp_gain":0,"max_hp_loss":0,"event_name":"Scrap Ooze","floor":12,"gold_loss":0},{"damage_healed":0,"gold_gain":0,"player_choice":"Grow","damage_taken":0,"max_hp_gain":0,"max_hp_loss":0,"event_name":"Living Wall","floor":14,"gold_loss":0,"cards_upgraded":["hexamod:RainOfEmbers"]}],"is_beta":false,"boss_relics":[],"items_purged_floors":[5],"is_endless":false,"potions_floor_spawned":[6,8,15],"killed_by":"downfall:Silent","ascension_level":0}}