{"host":"fxrgx7wt2cpkbhka","time":1608613986,"event":{"mods":["AchievementEnabler","BaseMod","Colored Powertips","Minty Spire (QoL Compilation)","Permanent Neow","Slay-I","StSLib","Waifu the Spire"],"gold_per_floor":[109,284,234,14,32,32,32,32,32,52,63,91,16,47,47,146,146,163,183,98,197,126,126,126],"floor_reached":23,"playtime":842,"items_purged":["Shame"],"score":315,"play_id":"4b39c9d6-0108-450f-b5c7-1adf570b9e52","local_time":"20201221211306","is_ascension_mode":true,"campfire_choices":[{"data":"Metallicize","floor":6,"key":"SMITH"},{"data":"Bash","floor":8,"key":"SMITH"},{"data":"Metallicize","floor":15,"key":"SMITH"}],"circlet_count":0,"master_deck":["AscendersBane","Strike_R","Strike_R","Strike_R","Strike_R","Strike_R","Defend_R","Defend_R","Defend_R","Defend_R","Bash+1","Metallicize+1","Flex","Rampage","Armaments","Metallicize+1","Inflame","Impervious","Dropkick+1","True Grit+1","Metallicize"],"relics":["Burning Blood","Calipers","Anchor","Pear","Gremlin Horn","Smiling Mask","Sundial","Sozu","Centennial Puzzle"],"acts_visited":["Exordium","TheCity"],"potions_floor_usage":[12],"damage_taken":[{"damage":3,"enemies":"Cultist","floor":1,"turns":3},{"damage":8,"enemies":"Small Slimes","floor":5,"turns":5},{"damage":0,"enemies":"2 Louse","floor":10,"turns":2},{"damage":4,"enemies":"Blue Slaver","floor":11,"turns":7},{"damage":25,"enemies":"3 Sentries","floor":12,"turns":12},{"damage":23,"enemies":"Gremlin Nob","floor":14,"turns":5},{"damage":36,"enemies":"Slime Boss","floor":16,"turns":10},{"damage":1,"enemies":"Shell Parasite","floor":18,"turns":6},{"damage":8,"enemies":"Spheric Guardian","floor":19,"turns":5},{"damage":81,"enemies":"Book of Stabbing","floor":23,"turns":8}],"seed_played":"718275387828648556","potions_obtained":[{"floor":5,"key":"Dexterity Potion"},{"floor":11,"key":"Dexterity Potion"},{"floor":12,"key":"Ancient Potion"}],"is_trial":false,"path_per_floor":["M","?","?","$","M","R","?","R","T","M","M","E","$","E","R","B",null,"M","M","?","?","$","E"],"character_chosen":"IRONCLAD","items_purchased":["Anchor","Metallicize","Metallicize"],"campfire_rested":0,"item_purchase_floors":[4,13,22],"current_hp_per_floor":[75,75,75,75,73,73,83,83,83,89,90,71,71,54,54,24,74,79,77,77,77,77,0,0],"gold":126,"neow_bonus":"ONE_RARE_RELIC","is_daily":false,"chose_seed":false,"campfire_upgraded":3,"win_rate":0.0,"timestamp":1608613986,"path_taken":["M","?","?","$","M","R","?","R","T","M","?","E","$","E","R","BOSS","M","?","?","?","$","E"],"items_purchased_type":["Relic","Card","Card"],"build_version":"2020-12-13","purchased_purges":1,"victory":false,"max_hp_per_floor":[80,80,80,80,80,80,90,90,90,90,90,90,90,90,90,90,90,90,90,90,90,90,90,90],"card_choices":[{"not_picked":["Warcry","Perfected Strike"],"picked":"Metallicize","floor":1},{"not_picked":["Second Wind","Intimidate"],"picked":"Flex","floor":5},{"not_picked":["Headbutt","Warcry","Thunderclap"],"picked":"SKIP","floor":10},{"not_picked":["Warcry","Second Wind"],"picked":"Rampage","floor":11},{"not_picked":["Sever Soul","Pommel Strike"],"picked":"Armaments","floor":12},{"not_picked":["Dark Embrace","Pommel Strike"],"picked":"Inflame","floor":14},{"not_picked":["Corruption","Offering"],"picked":"Impervious","floor":16},{"not_picked":["Shrug It Off","Dual Wield"],"picked":"Dropkick+1","floor":18},{"not_picked":["Heavy Blade","Sword Boomerang"],"picked":"True Grit+1","floor":19}],"player_experience":666419,"relics_obtained":[{"floor":9,"key":"Gremlin Horn"},{"floor":12,"key":"Smiling Mask"},{"floor":14,"key":"Sundial"}],"event_choices":[{"damage_healed":0,"gold_gain":175,"player_choice":"AGREE","damage_taken":0,"max_hp_gain":0,"max_hp_loss":0,"event_name":"Liars Game","floor":2,"gold_loss":0,"cards_obtained":["Doubt"]},{"cards_removed":["Doubt"],"damage_healed":0,"gold_gain":0,"player_choice":"Card Removal","damage_taken":0,"max_hp_gain":0,"max_hp_loss":0,"event_name":"The Cleric","floor":3,"gold_loss":50},{"damage_healed":0,"gold_gain":0,"player_choice":"Gave Potion","damage_taken":0,"relics_obtained":["Pear"],"max_hp_gain":0,"max_hp_loss":0,"event_name":"WeMeetAgain","floor":7,"gold_loss":0},{"damage_healed":0,"gold_gain":0,"player_choice":"Obtained Relic","damage_taken":0,"relics_obtained":["Centennial Puzzle"],"max_hp_gain":0,"max_hp_loss":0,"event_name":"Addict","floor":20,"gold_loss":85},{"damage_healed":0,"gold_gain":99,"player_choice":"Stole From Cult","damage_taken":0,"max_hp_gain":0,"max_hp_loss":0,"event_name":"Nest","floor":21,"gold_loss":0}],"is_beta":false,"boss_relics":[{"not_picked":["Tiny House","Philosopher\u0027s Stone"],"picked":"Sozu"}],"items_purged_floors":[4],"is_endless":false,"potions_floor_spawned":[5,11,12,19],"killed_by":"Book of Stabbing","ascension_level":12}}