{"host":"8e3sp1tozjyrh64l","time":1608605352,"event":{"mods":["BaseMod","Better Altar","Better Match","Better Sensory Stone","Better Silent Start","Better Skull","Better Third Choice","BetterRewards","Defuse TimeMaze Blight","Infinite Spire","Minty Spire (QoL Compilation)","Permanent Neow","Rare Cards Sparkle","Relic Sorter","Replay The Spire","Shop Mod","Spicy Shops","StSLib","SuperFastMode"],"gold_per_floor":[117,117,133,133,133,133,159,159,241,272,289,289,319,329,329,434,434,446,304,579,70,70,70],"floor_reached":22,"playtime":599,"items_purged":[],"score":235,"play_id":"804ca04c-b0b6-4276-b19e-f0186ee1ca09","local_time":"20201221194912","is_ascension_mode":true,"campfire_choices":[{"data":"Neutralize","floor":6,"key":"SMITH"},{"data":"Cloak And Dagger","floor":8,"key":"SMITH"},{"data":"Accuracy","floor":15,"key":"SMITH"}],"circlet_count":0,"master_deck":["Strike_G+1","Strike_G+1","Strike_G","Strike_G","Defend_G","Defend_G","Defend_G","Defend_G+1","Survivor+1","Neutralize+1","Hidden Blade+1","Cloak And Dagger+1","Accuracy+1","Cloak And Dagger+1","Regret"],"relics":["infinitespire:DarkRift","infinitespire:Magic Flask","Guide Book","Ring of the Snake","Tiny Chest","Toy Ornithopter","Bottled Flame","ReplayFunnel","Nunchaku","MerchantsRug","Singing Bowl","TwistedFunnel","Blood Vial","Strawberry"],"acts_visited":["Exordium","TheCity"],"potions_floor_usage":[10],"damage_taken":[{"damage":0,"enemies":"Jaw Worm","floor":1,"turns":4},{"damage":0,"enemies":"Cultist","floor":3,"turns":5},{"damage":35,"enemies":"Lagavulin","floor":7,"turns":11},{"damage":13,"enemies":"Gremlin Nob","floor":10,"turns":5},{"damage":3,"enemies":"2 Louse","floor":11,"turns":3},{"damage":13,"enemies":"Lagavulin","floor":13,"turns":5},{"damage":0,"enemies":"2 Fungi Beasts","floor":14,"turns":3},{"damage":5,"enemies":"The Guardian","floor":16,"turns":10},{"damage":0,"enemies":"Spheric Guardian","floor":18,"turns":3},{"damage":0,"enemies":"3 Byrds","floor":22,"turns":2}],"seed_played":"533789731868058868","potions_obtained":[{"floor":3,"key":"Elixir"},{"floor":10,"key":"Adrenaline Potion"},{"floor":11,"key":"Flashbang"},{"floor":16,"key":"DistilledChaos"}],"is_trial":false,"path_per_floor":["M","?","M","?","?","R","E","R","T","E","M","?","E","M","R","B",null,"M","$","?","$","M"],"character_chosen":"THE_SILENT","items_purchased":["Quantum Egg","Ornamental Fan","Medical Kit","MerchantsRug","Die Die Die","Block Potion","SpeedPotion","infinitespire:Chaos","Replay:Baseball","MerchantsRug","Singing Bowl","TwistedFunnel","Blood Vial","Strawberry"],"campfire_rested":0,"item_purchase_floors":[0,0,0,0,0,0,0,19,19,21,21,21,21,21],"current_hp_per_floor":[38,80,80,80,80,80,45,45,45,32,29,29,16,16,16,11,80,80,80,80,87,87,87],"gold":70,"neow_bonus":"","is_daily":false,"chose_seed":false,"campfire_upgraded":3,"win_rate":0.0,"timestamp":1608605352,"path_taken":["M","?","?","?","?","R","E","R","T","E","M","?","E","M","R","BOSS","M","?","?","$","M"],"items_purchased_type":["Relic","Relic","Relic","Relic","Card","Potion","Potion","Relic","Relic","Relic","Relic","Relic","Relic","Relic"],"build_version":"2020-12-13","purchased_purges":0,"victory":false,"max_hp_per_floor":[70,80,80,80,80,80,80,80,80,80,80,80,80,80,80,80,80,80,80,80,87,87,87],"card_choices":[{"not_picked":["Acrobatics","Outmaneuver"],"picked":"Hidden Blade","floor":1},{"not_picked":["Dagger Spray","Dodge and Roll","Dash"],"picked":"SKIP","floor":3},{"not_picked":["Dagger Throw","All Out Attack"],"picked":"Cloak And Dagger","floor":7},{"not_picked":["Calculated Gamble","Predator","Hidden Blade"],"picked":"SKIP","floor":10},{"not_picked":["Backflip","ReplayTheSpireMod:The Works","Deflect"],"picked":"SKIP","floor":11},{"not_picked":["Acrobatics","Tactician"],"picked":"Accuracy","floor":13},{"not_picked":["Flying Knee","Bane","Hidden Blade"],"picked":"SKIP","floor":14},{"not_picked":["Predator+1","Flying Knee+1"],"picked":"Cloak And Dagger+1","floor":18}],"player_experience":893102,"relics_obtained":[{"floor":7,"key":"Replay:WaspNest"},{"floor":9,"key":"Sundial"},{"floor":10,"key":"Golden Egg"},{"floor":13,"key":"War Paint"}],"event_choices":[{"cards_removed":["Die Die Die"],"damage_healed":32,"gold_gain":0,"player_choice":"Offered Rare","damage_taken":0,"max_hp_gain":10,"max_hp_loss":0,"event_name":"Bonfire Elementals","floor":2,"gold_loss":0},{"damage_healed":0,"gold_gain":1,"player_choice":"1","damage_taken":0,"max_hp_gain":0,"max_hp_loss":0,"event_name":"betterStone:BetterStone","floor":4,"gold_loss":0},{"damage_healed":0,"gold_gain":0,"player_choice":"Forge","damage_taken":0,"max_hp_gain":0,"max_hp_loss":0,"event_name":"Accursed Blacksmith","floor":12,"gold_loss":0,"cards_upgraded":["Hidden Blade"]},{"damage_healed":0,"gold_gain":275,"player_choice":"Desecrate","damage_taken":0,"max_hp_gain":0,"max_hp_loss":0,"event_name":"Golden Shrine","floor":20,"gold_loss":0,"cards_obtained":["Regret"]}],"is_beta":false,"boss_relics":[{"not_picked":["Velvet Choker","Fusion Hammer"],"picked":"Cursed Key"}],"items_purged_floors":[],"is_endless":false,"potions_floor_spawned":[3,10,11,14,16],"killed_by":"3 Byrds","ascension_level":1}}