{"host":"1c52r9kaxdyo25eq","time":1608671842,"event":{"mods":["AchievementEnabler","BaseMod","Minty Spire (QoL Compilation)","Rare Cards Sparkle","SuperFastMode","everything is the same but u backflip on backflip"],"gold_per_floor":[113,127,147,147,147,177,177,210,236,236,206,216,216,91,91,189,189,209,223,223,96,116,116,148,148,148,148,148,148,148],"floor_reached":29,"playtime":580,"items_purged":["Strike_R","Strike_R"],"score":336,"play_id":"6fca2e6d-18f9-48a3-8b30-2501d4bee4d6","local_time":"20201223061722","is_ascension_mode":true,"campfire_choices":[{"data":"Hemokinesis","floor":7.0,"key":"SMITH"},{"floor":10.0,"key":"REST"},{"data":"Body Slam","floor":13.0,"key":"SMITH"},{"data":"Second Wind","floor":15.0,"key":"SMITH"},{"data":"Dark Embrace","floor":23,"key":"SMITH"},{"floor":25,"key":"REST"},{"data":"Feed","floor":28,"key":"SMITH"}],"circlet_count":0,"master_deck":["Strike_R","Strike_R","Defend_R","Defend_R","Defend_R","Defend_R+1","Bash+1","Body Slam+1","Pommel Strike","Hemokinesis+1","Rupture","Second Wind+1","Feed+1","Dark Embrace+1"],"relics":["Burning Blood","Regal Pillow","Smiling Mask","Dream Catcher","Runic Pyramid","Pantograph","Paper Frog","Ancient Tea Set"],"acts_visited":["Exordium","TheCity"],"potions_floor_usage":[24,24],"damage_taken":[{"damage":3.0,"enemies":"2 Louse","floor":1.0,"turns":4.0},{"damage":0.0,"enemies":"Small Slimes","floor":2.0,"turns":3.0},{"damage":1.0,"enemies":"Cultist","floor":3.0,"turns":3.0},{"damage":39.0,"enemies":"Lagavulin","floor":6.0,"turns":5.0},{"damage":28.0,"enemies":"Gremlin Nob","floor":8.0,"turns":4.0},{"damage":7.0,"enemies":"Exordium Thugs","floor":12.0,"turns":4.0},{"damage":30.0,"enemies":"Slime Boss","floor":16.0,"turns":9.0},{"damage":15,"enemies":"Spheric Guardian","floor":18,"turns":5},{"damage":16,"enemies":"Shell Parasite","floor":19,"turns":4},{"damage":17,"enemies":"Centurion and Healer","floor":22,"turns":5},{"damage":40,"enemies":"Gremlin Leader","floor":24,"turns":6},{"damage":12,"enemies":"Snecko","floor":29,"turns":4}],"seed_played":"-2688655567650428141","potions_obtained":[{"floor":2.0,"key":"DistilledChaos"},{"floor":3.0,"key":"Dexterity Potion"},{"floor":11.0,"key":"LiquidBronze"},{"floor":11.0,"key":"Fire Potion"},{"floor":19,"key":"Dexterity Potion"}],"is_trial":false,"path_per_floor":["M","M","M","?","?","E","R","E","T","R","?","M","R","$","R","B",null,"M","M","T","$","M","R","E","R","T","?","R","M"],"character_chosen":"IRONCLAD","items_purchased":["Second Wind","Dark Embrace"],"campfire_rested":2,"item_purchase_floors":[14,21],"current_hp_per_floor":[75,80,80,85,68,35,35,13,13,53,53,52,52,52,52,28,71,65,58,58,58,50,50,16,59,59,59,59,47,47],"gold":148,"neow_bonus":"THREE_CARDS","is_daily":false,"chose_seed":false,"campfire_upgraded":5,"win_rate":0.0,"timestamp":1608671842,"path_taken":["M","M","M","?","?","E","R","E","T","R","?","?","R","?","R","BOSS","M","M","?","$","?","R","E","R","T","?","R","M"],"items_purchased_type":["Card","Card"],"build_version":"2020-12-13","purchased_purges":2,"victory":false,"max_hp_per_floor":[80,80,80,85,85,85,85,85,85,85,85,85,85,85,85,85,85,88,91,91,91,94,94,94,94,94,94,94,94,94],"card_choices":[{"not_picked":["Intimidate","Ghostly Armor"],"picked":"Body Slam","floor":0.0},{"not_picked":["Warcry","Flex","Anger"],"picked":"SKIP","floor":1.0},{"not_picked":["Intimidate","Havoc"],"picked":"Pommel Strike","floor":2.0},{"not_picked":["Havoc","Dropkick"],"picked":"Hemokinesis","floor":3.0},{"not_picked":["Rampage","Pommel Strike","Cleave"],"picked":"SKIP","floor":6.0},{"not_picked":["Wild Strike","Fire Breathing","Warcry"],"picked":"SKIP","floor":8.0},{"not_picked":["Combust","Second Wind"],"picked":"Rupture","floor":10.0},{"not_picked":["Flex","Twin Strike","Anger"],"picked":"SKIP","floor":12.0},{"not_picked":["Corruption","Brutality"],"picked":"Feed","floor":16.0},{"not_picked":["Pommel Strike","Perfected Strike","Armaments"],"picked":"SKIP","floor":18},{"not_picked":["Twin Strike","Sword Boomerang","Sever Soul"],"picked":"SKIP","floor":19},{"not_picked":["Carnage","Anger+1","Body Slam"],"picked":"SKIP","floor":22},{"not_picked":["Twin Strike","Warcry","Fiend Fire"],"picked":"SKIP","floor":24}],"player_experience":510340,"relics_obtained":[{"floor":6.0,"key":"Regal Pillow"},{"floor":8.0,"key":"Smiling Mask"},{"floor":9.0,"key":"Dream Catcher"},{"floor":20,"key":"Pantograph"},{"floor":24,"key":"Paper Frog"},{"floor":26,"key":"Ancient Tea Set"}],"event_choices":[{"damage_healed":0.0,"max_hp_gain":5.0,"max_hp_loss":0.0,"gold_gain":0.0,"event_name":"Big Fish","player_choice":"Donut","floor":4.0,"gold_loss":0.0,"damage_taken":0.0},{"damage_healed":0.0,"max_hp_gain":0.0,"max_hp_loss":0.0,"gold_gain":0.0,"event_name":"Shining Light","player_choice":"Entered Light","floor":5.0,"gold_loss":0.0,"damage_taken":17.0,"cards_upgraded":["Bash","Defend_R"]},{"damage_healed":0.0,"max_hp_gain":0.0,"max_hp_loss":0.0,"gold_gain":0.0,"event_name":"The Woman in Blue","player_choice":"Bought 2 Potions","floor":11.0,"gold_loss":0.0,"damage_taken":0.0},{"cards_removed":["Strike_R"],"damage_healed":0,"gold_gain":0,"player_choice":"Elegance","damage_taken":0,"max_hp_gain":0,"max_hp_loss":0,"event_name":"Back to Basics","floor":27,"gold_loss":0}],"is_beta":false,"boss_relics":[{"not_picked":["SacredBark","Black Star"],"picked":"Runic Pyramid"}],"items_purged_floors":[14,21],"is_endless":false,"potions_floor_spawned":[2,3,12,19],"killed_by":"Snecko","ascension_level":7}}