{"host":"dntw6kil9p09eemm","time":1608606009,"event":{"mods":["Alarm Clock","Aspiration","BaseMod","Colored Powertips","Downfall","Hermit","Hubris","Minty Spire (QoL Compilation)","Permanent Neow","Replay The Spire","Reworked Bosses","Shop Mod","Spicy Shops","StSLib","The Runesmith"],"gold_per_floor":[114,214,234,253,148,163,163,178,178,190,18,18,31,43,43,146,146,163,99,99,99,119,119,135,165,189,203,32,32,32,32],"floor_reached":29,"playtime":1957,"items_purged":["hexamod:Defend"],"score":239,"play_id":"b5fa8e12-b628-4904-b951-da3877551ef2","local_time":"20201222120009","is_ascension_mode":false,"campfire_choices":[{"data":"hexamod:Float","floor":7.0,"key":"SMITH"},{"data":"hexamod:FastForward","floor":12.0,"key":"SMITH"},{"data":"hexamod:Strike","floor":15,"key":"PURGE"},{"floor":23,"key":"REST"}],"circlet_count":0,"master_deck":["hexamod:Strike","hexamod:Strike","hexamod:Strike","hexamod:Defend","hexamod:Defend","hexamod:Defend","hexamod:Sear","hexamod:Float+1","hexamod:BurningTouch","hexamod:ThermalTransfer","hexamod:BurningTouch","hexamod:PhantomFireball","hexamod:FastForward+1","hexamod:StepThrough","hexamod:VolcanoVisage","hexamod:GhostOfSpireFuture","hexamod:ApocalypticArmor","hexamod:SoulSteal","hexamod:HexaLevel","hexamod:StepThrough"],"relics":["hexamod:SpiritBrand","MerchantsRug","Ice Cream","hexamod:BolsterEngine","Black Star","hubris:FunFungus","hexamod:MatchstickCase","Mummified Hand"],"acts_visited":["Exordium","TheCity"],"potions_floor_usage":[25],"damage_taken":[{"damage":0.0,"enemies":"Small Slimes","floor":1.0,"turns":4.0},{"damage":0.0,"enemies":"Cultist","floor":3.0,"turns":3.0},{"damage":0.0,"enemies":"2 Louse","floor":4.0,"turns":2.0},{"damage":1.0,"enemies":"2 Fungi Beasts","floor":6.0,"turns":4.0},{"damage":0.0,"enemies":"3 Louse","floor":8.0,"turns":3.0},{"damage":1.0,"enemies":"Blue Slaver","floor":10.0,"turns":3.0},{"damage":0,"enemies":"Large Slime","floor":13,"turns":3},{"damage":1,"enemies":"2 Fungi Beasts","floor":14,"turns":3},{"damage":33,"enemies":"Hexaghost","floor":16,"turns":8},{"damage":8,"enemies":"Spheric Guardian","floor":18,"turns":5},{"damage":32,"enemies":"3 Byrds","floor":22,"turns":5},{"damage":10,"enemies":"3 Cultists","floor":24,"turns":6},{"damage":18,"enemies":"Book of Stabbing","floor":25,"turns":6},{"damage":21,"enemies":"Sentry and Sphere","floor":27,"turns":6},{"damage":9,"enemies":"Colosseum Slavers","floor":29,"turns":1}],"seed_played":"-2335763025925748869","potions_obtained":[{"floor":1.0,"key":"Adrenaline Potion"},{"floor":4.0,"key":"Elixir"},{"floor":6.0,"key":"AttackPotion"},{"floor":10.0,"key":"FearPotion"},{"floor":13,"key":"Strength Potion"},{"floor":24,"key":"Weak Potion"},{"floor":25,"key":"Languid Potion"},{"floor":27,"key":"CultistPotion"}],"is_trial":false,"path_per_floor":["M","?","M","M","$","M","R","M","T","M","$","R","M","M","R","B",null,"M","$","?","?","M","R","M","E","T","M","$","?"],"character_chosen":"THE_SPIRIT","items_purchased":["MerchantsRug","hexamod:BolsterEngine","hubris:FunFungus","hexamod:MatchstickCase","Mummified Hand"],"campfire_rested":1,"item_purchase_floors":[5,11,19,28,28],"current_hp_per_floor":[70,70,70,70,70,69,69,69,69,68,68,68,68,67,67,34,70,62,62,62,62,30,51,41,26,26,8,8,0,0,0],"gold":32,"neow_bonus":"RANDOM_COMMON_RELIC","is_daily":false,"chose_seed":false,"campfire_upgraded":2,"win_rate":0.0,"timestamp":1608606009,"path_taken":["M","?","M","M","$","?","R","M","T","M","$","R","M","M","R","BOSS","M","$","?","?","M","R","M","E","T","M","$","?"],"items_purchased_type":["Relic","Relic","Relic","Relic","Relic"],"build_version":"2020-12-13","purchased_purges":1,"victory":false,"max_hp_per_floor":[70,70,70,70,70,70,70,70,70,70,70,70,70,70,70,70,70,70,70,70,70,70,70,70,72,72,72,72,72,72,72],"card_choices":[{"not_picked":["hexamod:InspiringFlames","hexamod:BacktrackSmack"],"picked":"hexamod:BurningTouch","floor":1.0},{"not_picked":["hexamod:RainOfEmbers","hexamod:NightmareStrike"],"picked":"hexamod:ThermalTransfer","floor":3.0},{"not_picked":["hexamod:AdvancingGuard","hexamod:Rewind"],"picked":"hexamod:BurningTouch","floor":4.0},{"not_picked":["hexamod:PowerFromBeyond","hexamod:EtherealExpedition"],"picked":"hexamod:PhantomFireball","floor":6.0},{"not_picked":["hexamod:SuperheatedStrike","hexamod:NightmareStrike"],"picked":"hexamod:FastForward","floor":8.0},{"not_picked":["hexamod:SpectersWail","hexamod:GhostOfSpirePast"],"picked":"hexamod:StepThrough","floor":10.0},{"not_picked":["hexamod:NecessarySacrifice","hexamod:SpectersWail"],"picked":"hexamod:VolcanoVisage","floor":13},{"not_picked":["hexamod:GhostOfSpirePresent","hexamod:NightmareGuise"],"picked":"hexamod:GhostOfSpireFuture","floor":14},{"not_picked":["hexamod:Toasty","hexamod:UnlimitedPower"],"picked":"hexamod:ApocalypticArmor","floor":16},{"not_picked":["hexamod:Hexaguard","hexamod:InspiringFlames","hexamod:SpectersWail"],"picked":"SKIP","floor":18},{"not_picked":["hexamod:ShieldOfDarkness+1","hexamod:Again"],"picked":"hexamod:SoulSteal","floor":22},{"not_picked":["hexamod:BacktrackSmack","hexamod:InspiringFlames+1"],"picked":"hexamod:HexaLevel","floor":24},{"not_picked":["hexamod:Hexaguard+1","hexamod:BurningTouch","hexamod:HexaLevel"],"picked":"Singing Bowl","floor":25},{"not_picked":["hexamod:RainOfEmbers","hexamod:BurningTouch"],"picked":"hexamod:StepThrough","floor":27}],"player_experience":424584,"relics_obtained":[{"floor":9.0,"key":"Ice Cream"},{"floor":25,"key":"hubris:TinFlute"},{"floor":25,"key":"Singing Bowl"},{"floor":26,"key":"Toy Ornithopter"}],"event_choices":[{"damage_healed":0.0,"max_hp_gain":0.0,"max_hp_loss":0.0,"gold_gain":100.0,"event_name":"Golden Shrine","player_choice":"Pray","floor":2.0,"gold_loss":0.0,"damage_taken":0.0},{"damage_healed":0,"gold_gain":0,"player_choice":"Ignored","damage_taken":0,"max_hp_gain":0,"max_hp_loss":0,"event_name":"The Mausoleum","floor":20,"gold_loss":0},{"damage_healed":0,"gold_gain":0,"player_choice":"Fight","damage_taken":0,"max_hp_gain":0,"max_hp_loss":0,"event_name":"Colosseum","floor":29,"gold_loss":0}],"is_beta":false,"boss_relics":[{"not_picked":["ChewingGum","aspiration:SecretTechniqueScroll"],"picked":"Black Star"}],"items_purged_floors":[11],"is_endless":false,"potions_floor_spawned":[1,4,6,10,13,24,25,27],"killed_by":"Colosseum Slavers","ascension_level":0}}