{"host":"95z455tvs39jqwbd","time":1608607520,"event":{"mods":["2.2 Compatiblity","Abigail Mod","AchievementEnabler","Act Like it!","Aspiration","Astrologer","BaseMod","Bestiary","Better Match","Better Third Choice","BetterRewards","Challenge The Spire","Colored Map","Conspire","Curses Come First","Custom Start","DeckTracker","Defuse TimeMaze Blight","Downfall","Duelist Mod","Ekko","Elementarium","Friendly Minions","GifTheSpireLib","Grow up Mod","Halation","Hallownest","Hermit","Hero for Fun","Hubris","Infinite Spire","JesterMod","Jorbs\u0027s Wanderer Trilogy","Kiyohime????","Luminous","Marisa????????","Mimic Mod","Minty Spire (QoL Compilation)","Pale of the Ancients","Permanent Neow","READ ME - Guardian Mod","Rare Cards Sparkle","Remove Card Discount Mod","Replay The Spire","Shade Mod","Spikes Relics","StSLib","Stuff the Spire","SuperFastMode","The Administrix","The Awakened One except there are too many feathers","The Construct","The Cursed","The Death Knight","The Disciple","The Exalted","The Factory","The Forsaken","The Hayseed","The Hierophant","The Judge","The Jungle","The Marked","The Mystic","The Necromancer","The Runesmith","The Servant 0.9.4","TheArtist","TheBandit","TheSwordswoman","Treasure Hunter","Uncapped","Unceasing Turn Reminder","Waifu the Spire","Yuyuko","vexMod"],"gold_per_floor":[99,118,135,135,145,70,70,82,7,20,20,20,3,30,40,136,136,61,81,181,193,209,229,259,273,286,301,314,332,332,345,362,462,462,462,479,492,6,6,20,20,20,7,55,69,69,80,80,99,99,99,134,16,16,16],"floor_reached":56,"playtime":2713,"items_purged":["TH:TreasureMap"],"score":1286,"play_id":"08b91868-228c-4c15-ae84-01c05ac43452","local_time":"20201222042520","is_ascension_mode":false,"campfire_choices":[{"floor":1,"key":"RECALL"},{"data":"Slimebound:SplitBruiser","floor":6,"key":"SMITH"},{"data":"Slimebound:SplitBruiser","floor":9,"key":"SMITH"},{"floor":18,"key":"DIG"},{"floor":30,"key":"REST"},{"data":"Slimebound:GoopSpray","floor":35,"key":"SMITH"},{"data":"ReplayTheSpireMod:Book of Names","floor":42,"key":"SMITH"},{"floor":54,"key":"REST"}],"circlet_count":0,"master_deck":["Slimebound:Strike_Slimebound+1","Slimebound:Strike_Slimebound+1","Slimebound:Tackle+1","Slimebound:Defend_Slimebound","Slimebound:Defend_Slimebound","Slimebound:Defend_Slimebound","Slimebound:Defend_Slimebound","Slimebound:Split","Slimebound:CorrosiveSpit","Slimebound:SplitMire","Slimebound:SplitBruiser","Slimebound:SplitBruiser+1","Slimebound:SplitBruiser+1","Slimebound:LeechEnergy+1","Slimebound:SplitAcid","TH:EnergyPotion","Slimebound:AcidTongue","Slimebound:SplitBruiser","TH:CursedSword","Slimebound:Overexert","Slimebound:LevelUp+1","Slimebound:SplitLeeching","Slimebound:SplitAcid","Slimebound:Equalize","Slimebound:OozeBath","Slimebound:RejuvenatingLick","Slimebound:SplitBruiser","Slimebound:Equalize+1","Slimebound:FinishingTackle","Slimebound:SplitLeeching","Slimebound:LevelUp+1","Slimebound:GoopSpray+1","Slimebound:ItLooksTasty","TH:ArmorSpikes","Slimebound:WasteNot","Slimebound:DisruptingSlam+1","Slimebound:Replication","ReplayTheSpireMod:Book of Names+1","Parasite","Slimebound:SamplingLick","TH:ElvenBoots","Slimebound:MinionMaster","Metamorphosis","Slimebound:Replication","Slimebound:AcidTongue","Slimebound:Overexert","Slimebound:LeadByExample","TH:ArmorSpikes","Slimebound:SplitMire+1","Slimebound:WasteNot","Slimebound:WasteNot"],"relics":["Slimebound:AbsorbEndCombat","downfall:HeartBlessingRed","downfall:HeartBlessingBlue","BlackRope","hubris:BlackHole","downfall:HeartBlessingGreen","Boot","Potion Belt","Singing Bowl","halation:PinkAlligatorPlush","ReplayTheSpireMod:Lightbulb","Slimebound:AggressiveSlimeRelic","Lee\u0027s Waffle","aspiration:VileToxins"],"acts_visited":["Exordium","TheCity","TheBeyond","TheEnding"],"potions_floor_usage":[13,16,25,25,25,25,43,50,50,50,50,50],"damage_taken":[{"damage":4,"enemies":"2 Louse","floor":2,"turns":3},{"damage":9,"enemies":"conspire:RoseBush","floor":3,"turns":2},{"damage":8,"enemies":"Small Slimes","floor":5,"turns":3},{"damage":20,"enemies":"Gremlin Gang","floor":8,"turns":4},{"damage":21,"enemies":"3 Louse","floor":10,"turns":3},{"damage":25,"enemies":"downfall:FleeingMerchant","floor":13,"turns":4},{"damage":45,"enemies":"Lagavulin","floor":14,"turns":5},{"damage":43,"enemies":"Large Slime","floor":15,"turns":3},{"damage":81,"enemies":"downfall:Watcher","floor":16,"turns":7},{"damage":25,"enemies":"3 Byrds","floor":19,"turns":3},{"damage":49,"enemies":"downfall:LadyInBlue","floor":20,"turns":5},{"damage":11,"enemies":"Spheric Guardian","floor":21,"turns":3},{"damage":24,"enemies":"Snake Plant","floor":22,"turns":2},{"damage":57,"enemies":"Centurion and Healer","floor":23,"turns":4},{"damage":45,"enemies":"conspire:HollyBat","floor":24,"turns":4},{"damage":166,"enemies":"conspire:HollyBat","floor":25,"turns":18},{"damage":55,"enemies":"Sentry and Sphere","floor":26,"turns":4},{"damage":22,"enemies":"Snake Plant","floor":27,"turns":2},{"damage":22,"enemies":"3 Cultists","floor":28,"turns":3},{"damage":62,"enemies":"conspire:HollyBat","floor":29,"turns":5},{"damage":20,"enemies":"Snake Plant","floor":31,"turns":3},{"damage":59,"enemies":"Sentry and Sphere","floor":32,"turns":4},{"damage":116,"enemies":"downfall:Ironclad","floor":33,"turns":6},{"damage":25,"enemies":"3 Shapes","floor":36,"turns":3},{"damage":32,"enemies":"3 Darklings","floor":37,"turns":3},{"damage":79,"enemies":"Writhing Mass","floor":40,"turns":5},{"damage":89,"enemies":"downfall:FleeingMerchant","floor":43,"turns":4},{"damage":62,"enemies":"Maw","floor":45,"turns":3},{"damage":40,"enemies":"Jaw Worm Horde","floor":47,"turns":3},{"damage":24,"enemies":"Sphere and 2 Shapes","floor":49,"turns":2},{"damage":62,"enemies":"downfall:Silent","floor":50,"turns":4},{"damage":120,"enemies":"downfall:CharBossMerchant","floor":52,"turns":5},{"damage":373,"enemies":"downfall:NeowBoss","floor":55,"turns":22}],"seed_played":"1044670741294132022","potions_obtained":[{"floor":3,"key":"Elixir"},{"floor":5,"key":"Doom Potion"},{"floor":15,"key":"LiquidMemories"},{"floor":19,"key":"Flashbang"},{"floor":20,"key":"LiquidBronze"},{"floor":20,"key":"SmokeBomb"},{"floor":20,"key":"Death Potion"},{"floor":25,"key":"DuplicationPotion"},{"floor":26,"key":"LiquidBronze"},{"floor":31,"key":"SteroidPotion"},{"floor":37,"key":"Explosive Potion"},{"floor":39,"key":"Death Potion"},{"floor":44,"key":"EssenceOfSteel"},{"floor":44,"key":"champ:CounterPotion"},{"floor":44,"key":"PowerPotion"},{"floor":45,"key":"LiquidBronze"},{"floor":52,"key":"SmokeBomb"}],"is_trial":false,"path_per_floor":["R_BF","M","M","?","M","R","T","M","R","M","?","?","$","E","M","B",null,"R_BF","M","?","M","M","M","MIM","M","M","M","M","M","R","M","M","B",null,"R","M","M","?","?","M","T","R","$","?","M","?","M","AVR","M","B",null,"E","$","R","B",null],"character_chosen":"SLIMEBOUND","items_purchased":["Slimebound:AggressiveSlimeRelic","Metamorphosis","Slimebound:WasteNot"],"campfire_rested":2,"item_purchase_floors":[43,43,53],"current_hp_per_floor":[80,90,100,110,120,130,140,150,170,171,181,200,209,203,198,167,250,260,257,250,257,259,252,257,155,138,146,160,146,267,279,268,214,420,430,431,438,448,458,423,433,443,434,444,440,450,450,567,573,557,597,543,553,627,396],"gold":16,"neow_bonus":"RANDOM_COMMON_RELIC","is_daily":false,"chose_seed":false,"campfire_upgraded":4,"win_rate":0.0,"timestamp":1608607520,"path_taken":["R_BF","M","M","?","M","R","T","M","R","M","?","?","$","E","M","BOSS","R_BF","M","?","M","M","M","MIM","M","M","M","?","M","R","M","M","BOSS","R","M","M","?","?","?","T","R","$","?","M","?","M","AVR","M","BOSS","E","$","R","BOSS"],"items_purchased_type":["Relic","Card","Card"],"build_version":"2020-12-13","purchased_purges":1,"victory":true,"max_hp_per_floor":[80,90,100,110,120,130,140,150,170,180,190,200,210,220,230,240,250,260,270,280,290,300,310,320,330,340,350,360,370,380,390,400,410,420,430,440,450,460,470,480,490,500,510,520,530,540,550,567,577,587,597,607,617,627,647],"card_choices":[{"not_picked":["Slimebound:SplitLeeching","Slimebound:LeechEnergy"],"picked":"Slimebound:SplitMire","floor":2},{"not_picked":["Slimebound:GrowthPunch","Slimebound:ViciousTackle"],"picked":"Slimebound:SplitBruiser","floor":3},{"not_picked":["Slimebound:Schlurp","Slimebound:LeechEnergy"],"picked":"Slimebound:SplitBruiser","floor":5},{"not_picked":["TH:ElvenBoots"],"picked":"TH:TreasureMap","floor":7},{"not_picked":["Slimebound:FormOfPuddle","Slimebound:SamplingLick"],"picked":"Slimebound:SplitBruiser","floor":8},{"not_picked":["Slimebound:ComboTackle","Slimebound:SelfFormingGoo"],"picked":"Slimebound:LeechEnergy","floor":10},{"not_picked":["Slimebound:SplitBruiser","Slimebound:FlameTackle"],"picked":"Slimebound:SplitAcid","floor":13},{"not_picked":["TH:Mimic"],"picked":"TH:EnergyPotion","floor":14},{"not_picked":["Slimebound:BestDefense","Slimebound:SplitBruiser"],"picked":"Slimebound:AcidTongue","floor":14},{"not_picked":["Slimebound:Prepare","Slimebound:MegaLick"],"picked":"Slimebound:SplitBruiser","floor":15},{"not_picked":["TH:Mimic"],"picked":"TH:CursedSword","floor":16},{"not_picked":["Slimebound:OozeBath","Slimebound:DuplicatedForm"],"picked":"Slimebound:Overexert","floor":16},{"not_picked":["Slimebound:ViciousTackle","Slimebound:SplitLeeching"],"picked":"Slimebound:LevelUp+1","floor":19},{"not_picked":["Slimebound:SamplingLick","Slimebound:RollThrough"],"picked":"Slimebound:SplitLeeching","floor":20},{"not_picked":["Slimebound:SlimeSpikes","Slimebound:SlimeTap"],"picked":"Slimebound:SplitAcid","floor":21},{"not_picked":["Slimebound:ViciousTackle+1","Slimebound:RainOfGoop"],"picked":"Slimebound:Equalize","floor":22},{"not_picked":["Slimebound:Replication","Slimebound:RainOfGoop"],"picked":"Slimebound:OozeBath","floor":23},{"not_picked":["Slimebound:LeechingTouch","Slimebound:Chomp"],"picked":"Slimebound:RejuvenatingLick","floor":24},{"not_picked":["Slimebound:FirmFortitude","Slimebound:Equalize+1"],"picked":"Slimebound:SplitBruiser","floor":25},{"not_picked":["Slimebound:Grow+1","Slimebound:ItLooksTasty+1"],"picked":"Slimebound:Equalize+1","floor":26},{"not_picked":["Slimebound:GrowthPunch+1","Slimebound:ComboTackle"],"picked":"Slimebound:FinishingTackle","floor":27},{"not_picked":["Slimebound:ComboTackle","Slimebound:GrowthPunch+1"],"picked":"Slimebound:SplitLeeching","floor":28},{"not_picked":["Slimebound:SplitMire","Slimebound:RollThrough"],"picked":"Slimebound:LevelUp+1","floor":29},{"not_picked":["Slimebound:TongueLash","Slimebound:RollThrough"],"picked":"Slimebound:GoopSpray","floor":31},{"not_picked":["Slimebound:ComboTackle+1","Slimebound:ViciousTackle"],"picked":"Slimebound:ItLooksTasty","floor":32},{"not_picked":["TH:Mimic"],"picked":"TH:ArmorSpikes","floor":33},{"not_picked":["Slimebound:LeechLife","Slimebound:PrepareCrush"],"picked":"Slimebound:WasteNot","floor":33},{"not_picked":["Slimebound:PressTheAttack","Slimebound:SamplingLick+1"],"picked":"Slimebound:DisruptingSlam+1","floor":36},{"not_picked":["Slimebound:Equalize+1","Slimebound:SplitMire"],"picked":"Slimebound:Replication","floor":37},{"not_picked":["infinitespire:Oblivion","infinitespire:Gouge"],"picked":"ReplayTheSpireMod:Book of Names","floor":38},{"not_picked":["Slimebound:RollThrough+1","Slimebound:SplitLeeching+1"],"picked":"Slimebound:SamplingLick","floor":40},{"not_picked":["TH:TreasureMap"],"picked":"TH:ElvenBoots","floor":41},{"not_picked":["Slimebound:FormOfPuddle+1","Slimebound:SplitMire+1"],"picked":"Slimebound:MinionMaster","floor":43},{"not_picked":["Slimebound:SamplingLick","Slimebound:ComboTackle+1"],"picked":"Slimebound:Replication","floor":44},{"not_picked":["Slimebound:BestDefense+1","Slimebound:Equalize"],"picked":"Slimebound:AcidTongue","floor":45},{"not_picked":["Slimebound:FinishingTackle+1","Slimebound:SlimeBrawl+1"],"picked":"Slimebound:Overexert","floor":47},{"not_picked":["Slimebound:FinishingTackle","Slimebound:RollThrough"],"picked":"Slimebound:LeadByExample","floor":49},{"not_picked":["TH:TreasureMap"],"picked":"TH:ArmorSpikes","floor":52},{"not_picked":["Slimebound:SplitAcid+1","Slimebound:SplitLeeching"],"picked":"Slimebound:SplitMire+1","floor":52}],"player_experience":157298,"relics_obtained":[{"floor":14,"key":"BlackRope"},{"floor":18,"key":"Boot"},{"floor":20,"key":"Potion Belt"},{"floor":24,"key":"Singing Bowl"},{"floor":41,"key":"ReplayTheSpireMod:Lightbulb"},{"floor":52,"key":"aspiration:VileToxins"}],"event_choices":[{"damage_healed":0,"gold_gain":0,"player_choice":"Got Potions","damage_taken":0,"max_hp_gain":0,"max_hp_loss":0,"event_name":"Lab","floor":39,"gold_loss":0},{"cards_removed":["Slimebound:Strike_Slimebound"],"damage_healed":0,"gold_gain":0,"player_choice":"Removed Attack","damage_taken":0,"max_hp_gain":0,"max_hp_loss":0,"event_name":"Falling","floor":46,"gold_loss":0}],"is_beta":false,"boss_relics":[{"not_picked":["ReplayTheSpireMod:DimensionalGlitch","Honey Jar"],"picked":"hubris:BlackHole"},{"not_picked":["vexMod:ImprovementManual","vexMod:DeviousBotling"],"picked":"halation:PinkAlligatorPlush"}],"items_purged_floors":[13],"is_endless":false,"potions_floor_spawned":[3,5,15,19,22,25,26,31,37,45,47,49,52],"ascension_level":0}}