{"host":"442ay2jxamvm52hx","time":1608680080,"event":{"mods":["AchievementEnabler","BaseMod","Better Note","Better Third Choice","Downfall","Googly Eyes","Minty Spire (QoL Compilation)","Quick Restart","Replay The Spire","Spicy Shops","StSLib"],"gold_per_floor":[119,69,86,5,5,5,32,32,32,47,57,57,8,19,19,118,118,136,148,148,88,105,105,117,117,117],"floor_reached":25,"playtime":1350,"items_purged":[],"score":253,"play_id":"aeed9eb9-f729-4db1-a3f3-8c677a92fdf7","local_time":"20201222183440","is_ascension_mode":false,"campfire_choices":[{"data":"Bash","floor":6,"key":"SMITH"},{"data":"True Grit","floor":8,"key":"SMITH"},{"data":"ReplayTheSpireMod:Limb From Limb","floor":12,"key":"SMITH"},{"floor":15,"key":"DIG"},{"floor":23,"key":"REST"}],"circlet_count":0,"master_deck":["Strike_R","Strike_R","Defend_R","Defend_R","Defend_R","Defend_R","Bash+1","Armaments+1","Thunderclap","Feel No Pain","True Grit+1","ReplayTheSpireMod:Limb From Limb+1","Iron Wave","Shrug It Off","Offering","Dark Embrace","Spot Weakness","Evolve","Pommel Strike","Cleave"],"relics":["Burning Blood","NeowsBlessing","PreservedInsect","Replay:Ringing Soul","Replay:Arrowhead","Black Star"],"acts_visited":["Exordium","TheCity"],"potions_floor_usage":[25,25,25],"damage_taken":[{"damage":0,"enemies":"Jaw Worm","floor":1,"turns":1},{"damage":0,"enemies":"Cultist","floor":3,"turns":1},{"damage":0,"enemies":"3 Sentries","floor":7,"turns":2},{"damage":2,"enemies":"Small Slimes","floor":10,"turns":4},{"damage":11,"enemies":"3 Louse","floor":11,"turns":5},{"damage":14,"enemies":"Gremlin Gang","floor":14,"turns":6},{"damage":17,"enemies":"Slime Boss","floor":16,"turns":9},{"damage":43,"enemies":"3 Byrds","floor":18,"turns":8},{"damage":6,"enemies":"Chosen","floor":19,"turns":5},{"damage":32,"enemies":"Centurion and Healer","floor":22,"turns":12},{"damage":47,"enemies":"Snake Plant","floor":24,"turns":6},{"damage":51,"enemies":"Book of Stabbing","floor":25,"turns":6}],"seed_played":"7111366822354312927","potions_obtained":[{"floor":1,"key":"Adrenaline Potion"},{"floor":11,"key":"LifebloodPotion"},{"floor":14,"key":"Block Potion"},{"floor":16,"key":"EssenceOfSteel"},{"floor":22,"key":"HeartOfIron"}],"is_trial":false,"path_per_floor":["M","?","M","$","?","R","E","R","T","M","M","R","$","M","R","B",null,"M","M","?","?","M","R","M","E"],"character_chosen":"IRONCLAD","items_purchased":["Feel No Pain","BloodPotion"],"campfire_rested":1,"item_purchase_floors":[4,13],"current_hp_per_floor":[80,80,80,80,80,80,80,80,80,83,81,81,81,76,76,68,92,58,61,61,64,41,72,31,0,0],"gold":117,"neow_bonus":"THREE_ENEMY_KILL","is_daily":false,"chose_seed":false,"campfire_upgraded":3,"win_rate":0.0,"timestamp":1608680080,"path_taken":["M","?","M","$","?","R","E","R","T","M","M","R","$","M","R","BOSS","M","?","?","?","?","R","M","E"],"items_purchased_type":["Card","Potion"],"build_version":"2020-12-13","purchased_purges":0,"victory":false,"max_hp_per_floor":[80,80,80,80,80,80,80,80,80,83,86,86,86,89,89,92,92,95,98,98,101,104,104,104,104,104],"card_choices":[{"not_picked":["Dual Wield","Life Link"],"picked":"Armaments","floor":1},{"not_picked":["Perfected Strike","Warcry"],"picked":"Thunderclap","floor":3},{"not_picked":["Evolve","ReplayTheSpireMod:Strike From Hell"],"picked":"True Grit","floor":7},{"not_picked":["Twin Strike","Run Through"],"picked":"ReplayTheSpireMod:Limb From Limb","floor":10},{"not_picked":["Carnage","Run Through"],"picked":"Iron Wave","floor":11},{"not_picked":["Searing Blow","ReplayTheSpireMod:LeadingStrike"],"picked":"Shrug It Off","floor":14},{"not_picked":["Hemogenesis","Demonic Infusion"],"picked":"Offering","floor":16},{"not_picked":["ReplayTheSpireMod:Limb From Limb","Life Link"],"picked":"Dark Embrace","floor":18},{"not_picked":["Run Through+1","Rage"],"picked":"Spot Weakness","floor":19},{"not_picked":["Feel No Pain","ReplayTheSpireMod:LeadingStrike+1"],"picked":"Cleave","floor":22},{"not_picked":["Run Through+1","Sword Boomerang+1","Blood for Blood"],"picked":"SKIP","floor":24}],"player_experience":42928,"relics_obtained":[{"floor":7,"key":"PreservedInsect"},{"floor":9,"key":"Replay:Ringing Soul"},{"floor":15,"key":"Replay:Arrowhead"}],"event_choices":[{"cards_removed":["Strike_R"],"damage_healed":0,"gold_gain":0,"player_choice":"Card Removal","damage_taken":0,"max_hp_gain":0,"max_hp_loss":0,"event_name":"The Cleric","floor":2,"gold_loss":50},{"damage_healed":0,"gold_gain":0,"player_choice":"Upgraded","damage_taken":0,"max_hp_gain":0,"max_hp_loss":0,"event_name":"Upgrade Shrine","floor":5,"gold_loss":0,"cards_upgraded":["Armaments"]},{"damage_healed":0,"gold_gain":0,"player_choice":"Got Potions","damage_taken":0,"max_hp_gain":0,"max_hp_loss":0,"event_name":"Lab","floor":20,"gold_loss":0},{"damage_healed":0,"gold_gain":0,"cards_transformed":["Strike_R","Strike_R"],"player_choice":"Transformed Cards","damage_taken":0,"max_hp_gain":0,"max_hp_loss":0,"event_name":"Designer","floor":21,"gold_loss":60,"cards_obtained":["Evolve","Pommel Strike"]}],"is_beta":false,"boss_relics":[{"not_picked":["Electric Blood","Replay:Bronze Core"],"picked":"Black Star"}],"items_purged_floors":[],"is_endless":false,"potions_floor_spawned":[1,11,14,16,18,22],"killed_by":"Book of Stabbing","ascension_level":0}}