{"host":"nwn35qnkx0z3pgqg","time":1608679319,"event":{"mods":["BaseMod","BetterRewards","Colored Powertips","Downfall","Duelist Mod","Gremlin Mod","Hubris","Marisa????????","Minty Spire (QoL Compilation)","Replay The Spire","Shop Mod","StSLib","SuperFastMode","The Animator","The Poker Player","The Senshi","Waifu the Spire"],"gold_per_floor":[99,115,215,215,231,9,35,35,45,71,87,87,99,3,21,117,117,117,130,149,149,175,175,175,175,210,17,29,44,44,64,75,171,171,171,33,33,30,30,50,104,129,147,162,177,191,191,54,54,54,54],"floor_reached":49,"playtime":2649,"items_purged":[],"score":579,"play_id":"a9883be9-18f7-4c05-bdc8-1148b5be7df0","local_time":"20201223095159","is_ascension_mode":false,"campfire_choices":[{"floor":1.0,"key":"DIG"},{"data":"Slimebound:LivingWall","floor":4.0,"key":"SMITH"},{"data":"Slimebound:Gluttony","floor":8.0,"key":"SMITH"},{"floor":18.0,"key":"RECALL"},{"data":"Slimebound:CorrosiveSpit","floor":25.0,"key":"SMITH"},{"data":"Slimebound:Equalize","floor":35.0,"key":"SMITH"},{"data":"Slimebound:Schlurp","floor":47,"key":"SMITH"}],"circlet_count":0,"master_deck":["Slimebound:Strike_Slimebound","Slimebound:Strike_Slimebound","Slimebound:Strike_Slimebound","Slimebound:Tackle","Slimebound:Defend_Slimebound","Slimebound:Defend_Slimebound","Slimebound:Defend_Slimebound","Slimebound:Defend_Slimebound","Slimebound:Split","Slimebound:CorrosiveSpit+1","Slimebound:LivingWall+1","Slimebound:SamplingLick","Slimebound:Gluttony+1","Slimebound:FinishingTackle","Slimebound:Schlurp","Slimebound:Gluttony+1","Slimebound:RollThrough","Slimebound:TongueLash","Slimebound:LevelUp","Slimebound:SpikyOuterGoop","Slimebound:Schlurp","Slimebound:DouseInSlime","Slimebound:SamplingLick+1","Slimebound:SamplingLick","Slimebound:SplitMire","Slimebound:PressTheAttack+1","Slimebound:LeechingTouch","Slimebound:LeechEnergy","Slimebound:Equalize+1","Slimebound:LeechEnergy","Slimebound:HauntingLick","Slimebound:Nibble+1","Slimebound:OozeBath+1","Slimebound:SamplingLick+1","Slimebound:Nibble","Slimebound:Schlurp+1","Slimebound:ItLooksTasty","Slimebound:Nibble+1","Slimebound:MinionMaster+1","Slimebound:FlameTackle+1","Slimebound:SplitMire+1","Slimebound:Schlurp+1","Slimebound:SplitMire+1","Blind","Slimebound:SpikyOuterGoop"],"relics":["Slimebound:AbsorbEndCombat","hubris:MysteriousPyramids","Tiny Chest","Anchor","InkBottle","hubris:Towel","hubris:PeanutButter","Iron Hammer","Quantum Egg","Membership Card","hubris:Backtick","theDuelist:MillenniumArmor","Orichalcum","hubris:Potato","hubris:GlazedTorus","ReplayFunnel","Simple Rune","BranchBurnRelic","Guide Book"],"acts_visited":["Exordium","TheCity","TheBeyond"],"potions_floor_usage":[],"damage_taken":[{"damage":4.0,"enemies":"Jaw Worm","floor":2.0,"turns":6.0},{"damage":5.0,"enemies":"Cultist","floor":5.0,"turns":4.0},{"damage":4.0,"enemies":"downfall:FleeingMerchant","floor":6.0,"turns":4.0},{"damage":10.0,"enemies":"2 Louse","floor":9.0,"turns":3.0},{"damage":39.0,"enemies":"3 Sentries","floor":10.0,"turns":14.0},{"damage":7.0,"enemies":"Large Slime","floor":11.0,"turns":6.0},{"damage":26.0,"enemies":"Exordium Wildlife","floor":13.0,"turns":4.0},{"damage":14.0,"enemies":"downfall:FleeingMerchant","floor":14.0,"turns":4.0},{"damage":8.0,"enemies":"Exordium Thugs","floor":15.0,"turns":6.0},{"damage":24.0,"enemies":"downfall:Watcher","floor":16.0,"turns":12.0},{"damage":28.0,"enemies":"Shell Parasite","floor":19.0,"turns":8.0},{"damage":41.0,"enemies":"3 Byrds","floor":20.0,"turns":6.0},{"damage":24.0,"enemies":"theDuelist:KaibaA2","floor":22.0,"turns":6.0},{"damage":40.0,"enemies":"Replay:Snechameleon","floor":26.0,"turns":7.0},{"damage":6.0,"enemies":"downfall:FleeingMerchant","floor":27.0,"turns":4.0},{"damage":28.0,"enemies":"Sentry and Sphere","floor":28.0,"turns":5.0},{"damage":32.0,"enemies":"Cultist and Chosen","floor":29.0,"turns":7.0},{"damage":14.0,"enemies":"Snake Plant","floor":31.0,"turns":4.0},{"damage":24.0,"enemies":"Shelled Parasite and Fungi","floor":32.0,"turns":5.0},{"damage":96.0,"enemies":"downfall:Silent","floor":33.0,"turns":9.0},{"damage":0.0,"enemies":"downfall:FleeingMerchant","floor":36.0,"turns":4.0},{"damage":8.0,"enemies":"downfall:FleeingMerchant","floor":38.0,"turns":4.0},{"damage":15,"enemies":"Giant Head","floor":40,"turns":7},{"damage":0,"enemies":"Orb Walker","floor":43,"turns":3},{"damage":0,"enemies":"3 Shapes","floor":44,"turns":4},{"damage":4,"enemies":"Sphere and 2 Shapes","floor":45,"turns":5},{"damage":0,"enemies":"Spire Growth","floor":46,"turns":4},{"damage":76,"enemies":"4 Shapes","floor":49,"turns":3}],"seed_played":"5028034710752894877","potions_obtained":[{"floor":2.0,"key":"Strength Potion"},{"floor":9.0,"key":"LifebloodPotion"},{"floor":11.0,"key":"GamblersBrew"},{"floor":16.0,"key":"ColorlessPotion"},{"floor":22.0,"key":"SkillPotion"},{"floor":26.0,"key":"Slimebound:SlimedPotion"},{"floor":45,"key":"SkillPotion"}],"is_trial":false,"path_per_floor":["R","M","?","R","M","$","T","R","M","E","M","?","M","$","M","B",null,"R","M","M","?","E","T","T","R","E","$","M","M","?","M","M","B",null,"R","$","T","$","?","E","T","T","M","M","M","M","R","?","M"],"character_chosen":"SLIMEBOUND","items_purchased":["Slimebound:FinishingTackle","Tiny Chest","Slimebound:SpikyOuterGoop","Membership Card","Slimebound:LeechEnergy","Orichalcum","Slimebound:Nibble","Slimebound:Schlurp","hubris:GlazedTorus","Slimebound:ItLooksTasty","Dead Branch","Slimebound:Nibble","Blind","Slimebound:SpikyOuterGoop","Guide Book"],"campfire_rested":0,"item_purchase_floors":[6,6,14,27,27,36,36,36,38,38,38,38,48,48,48],"current_hp_per_floor":[66,66,66,66,66,66,66,66,66,66,66,66,56,66,66,66,66,66,58,45,45,57,57,57,57,47,61,55,56,44,52,62,23,71,71,71,71,67,67,60,60,60,71,71,71,71,71,71,0,0,0],"gold":54,"neow_bonus":"TEN_PERCENT_HP_BONUS","is_daily":false,"chose_seed":false,"campfire_upgraded":5,"win_rate":0.0,"timestamp":1608679319,"path_taken":["R","M","?","R","M","$","T","R","M","E","?","?","M","$","M","BOSS","R","M","M","?","E","?","T","R","E","?","M","?","?","M","M","BOSS","R","$","?","?","?","E","T","?","M","M","?","M","R","?","M"],"items_purchased_type":["Card","Relic","Card","Relic","Card","Relic","Card","Card","Relic","Card","Relic","Card","Card","Card","Relic"],"build_version":"2020-12-13","purchased_purges":0,"victory":false,"max_hp_per_floor":[66,66,66,66,66,66,66,66,66,66,66,66,66,66,66,66,66,66,66,66,66,66,66,66,66,66,66,66,66,71,71,71,71,71,71,71,71,71,71,71,71,71,71,71,71,71,71,71,71,71,71],"card_choices":[{"not_picked":["Slimebound:PressTheAttack","Slimebound:Equalize"],"picked":"Slimebound:LivingWall","floor":2.0},{"not_picked":["Slimebound:LeechEnergy","Slimebound:SplitLeeching"],"picked":"Slimebound:SamplingLick","floor":5.0},{"not_picked":["Slimebound:SamplingLick","Slimebound:Prepare"],"picked":"Slimebound:Gluttony","floor":6.0},{"not_picked":["Slimebound:SlimeSpikes","Slimebound:SplitAcid"],"picked":"Slimebound:Schlurp","floor":9.0},{"not_picked":["Slimebound:AcidTongue","Slimebound:ComboTackle"],"picked":"Slimebound:Gluttony","floor":10.0},{"not_picked":["Slimebound:FinishingTackle","Slimebound:ForwardTackle"],"picked":"Slimebound:RollThrough","floor":11.0},{"not_picked":["Slimebound:Dissolve","Slimebound:SplitBruiser"],"picked":"Slimebound:TongueLash","floor":13.0},{"not_picked":["Slimebound:ViciousTackle","Slimebound:RollThrough"],"picked":"Slimebound:LevelUp","floor":14.0},{"not_picked":["Slimebound:SlimeBarrage","Slimebound:SplitAcid"],"picked":"Slimebound:Schlurp","floor":15.0},{"not_picked":["Slimebound:Overexert","Slimebound:DuplicatedForm"],"picked":"Slimebound:DouseInSlime","floor":16.0},{"not_picked":["Slimebound:LeechingTouch","Slimebound:SplitMire"],"picked":"Slimebound:SamplingLick+1","floor":19.0},{"not_picked":["Slimebound:DisruptingSlam+1","Slimebound:RollThrough+1"],"picked":"Slimebound:SamplingLick","floor":20.0},{"not_picked":["Slimebound:GoopSpray","Slimebound:SplitBruiser+1"],"picked":"Slimebound:SplitMire","floor":22.0},{"not_picked":["Slimebound:FinishingTackle","Slimebound:ItLooksTasty"],"picked":"Slimebound:PressTheAttack+1","floor":26.0},{"not_picked":["Slimebound:DouseInSlime","Slimebound:FlameTackle"],"picked":"Slimebound:LeechingTouch","floor":27.0},{"not_picked":["Slimebound:Grow","Slimebound:SamplingLick+1"],"picked":"Slimebound:Equalize","floor":28.0},{"not_picked":["Slimebound:FinishingTackle+1","Slimebound:RollThrough"],"picked":"Slimebound:LeechEnergy","floor":29.0},{"not_picked":["Slimebound:SplitAcid+1","Slimebound:ViciousTackle"],"picked":"Slimebound:HauntingLick","floor":31.0},{"not_picked":["Slimebound:ComboTackle+1","Slimebound:SplitAcid"],"picked":"Slimebound:Nibble+1","floor":32.0},{"not_picked":["Slimebound:LeechLife","Slimebound:MassRepurpose"],"picked":"Slimebound:OozeBath","floor":33.0},{"not_picked":["Slimebound:FinishingTackle+1","Slimebound:FirmFortitude"],"picked":"Slimebound:SamplingLick+1","floor":36.0},{"not_picked":["Slimebound:Dissolve","Slimebound:LeadByExample"],"picked":"Slimebound:MinionMaster","floor":40},{"not_picked":["Slimebound:SplitLeeching+1","Slimebound:ViciousTackle+1"],"picked":"Slimebound:FlameTackle+1","floor":43},{"not_picked":["Slimebound:GoopTackle","Slimebound:FinishingTackle"],"picked":"Slimebound:SplitMire+1","floor":44},{"not_picked":["Slimebound:SplitLeeching+1","Slimebound:SplitBruiser+1"],"picked":"Slimebound:Schlurp+1","floor":45},{"not_picked":["Slimebound:FinishingTackle+1","Slimebound:SlimeBarrage+1"],"picked":"Slimebound:SplitMire+1","floor":46}],"player_experience":118590,"relics_obtained":[{"floor":1.0,"key":"hubris:MysteriousPyramids"},{"floor":7.0,"key":"Anchor"},{"floor":10.0,"key":"InkBottle"},{"floor":22.0,"key":"hubris:PeanutButter"},{"floor":24.0,"key":"Iron Hammer"},{"floor":26.0,"key":"Quantum Egg"},{"floor":37.0,"key":"hubris:Potato"},{"floor":41,"key":"ReplayFunnel"},{"floor":42,"key":"Simple Rune"}],"event_choices":[{"damage_healed":0.0,"max_hp_gain":0.0,"max_hp_loss":0.0,"gold_gain":0.0,"event_name":"Living Wall","player_choice":"Grow","floor":12.0,"gold_loss":0.0,"damage_taken":0.0,"cards_upgraded":["Slimebound:Gluttony"]}],"is_beta":false,"boss_relics":[{"not_picked":["Replay:Bronze Core","Coffee Dripper","hubris:BlackHole"]},{"not_picked":["Sozu","hubris:Stopwatch"],"picked":"hubris:Backtick"}],"items_purged_floors":[],"is_endless":false,"potions_floor_spawned":[2,9,11,16,22,26,31,32,45,46],"killed_by":"4 Shapes","ascension_level":0}}