{"host":"s41rn2jhghpwfrvz","time":1608663095,"event":{"mods":["BaseMod","Minty Spire (QoL Compilation)","Quick Restart","Relic Stats","SuperFastMode"],"gold_per_floor":[119,119,130,130,140,169,186,186,268,302,54,71,102,2,2,73,73,83,83,94,112,124,153,171,171,171,202,202,215,245,120,120,192,192,205,258,258,258,258,290,32,67,146,146,177,177,196,227,227,227,227,227,227,47,81,81],"floor_reached":57,"playtime":2231,"items_purged":["Armaments","Warcry","Go for the Eyes","Disarm","PiercingWail"],"score":3992,"play_id":"5798e3ad-b137-4662-a155-3a13b05bbabc","local_time":"20201222205135","daily_mods":["SealedDeck","Diverse","Elite Swarm"],"is_ascension_mode":true,"campfire_choices":[{"data":"Turbo","floor":8.0,"key":"SMITH"},{"data":"Pommel Strike","floor":15.0,"key":"SMITH"},{"data":"Scrawl","floor":25,"key":"SMITH"},{"data":"Perseverance","floor":32,"key":"SMITH"},{"data":"Deep Breath","floor":44,"key":"SMITH"},{"floor":46,"key":"RECALL"},{"data":"Undo","floor":49,"key":"SMITH"},{"data":"Master of Strategy","floor":53,"key":"SMITH"}],"circlet_count":0,"master_deck":["AscendersBane","Perseverance+1","Undo+1","Turbo+1","Pommel Strike+1","Body Slam+1","Establishment","Scrawl+1","Evolve","Deep Breath+1","Master of Strategy+1","Adrenaline"],"relics":["Burning Blood","CaptainsWheel","Bag of Marbles","Matryoshka","Lantern","ClockworkSouvenir","Magic Flower","Black Star","Omamori","Mummified Hand","Nunchaku","Torii","StrikeDummy","Blood Vial","Paper Frog","Ancient Tea Set","Cursed Key","TungstenRod","The Courier","Charon\u0027s Ashes","Medical Kit","Girya","Unceasing Top","Juzu Bracelet","Boot","Smiling Mask","Oddly Smooth Stone","Bag of Preparation","Pocketwatch","Happy Flower"],"acts_visited":["Exordium","TheCity","TheBeyond","TheEnding"],"potions_floor_usage":[16,19,19,19,24,33,56,56],"damage_taken":[{"damage":0.0,"enemies":"2 Louse","floor":1.0,"turns":3.0},{"damage":0.0,"enemies":"Cultist","floor":3.0,"turns":3.0},{"damage":0.0,"enemies":"Jaw Worm","floor":5.0,"turns":4.0},{"damage":0.0,"enemies":"Lagavulin","floor":6.0,"turns":6.0},{"damage":3.0,"enemies":"Looter","floor":7.0,"turns":3.0},{"damage":7.0,"enemies":"3 Sentries","floor":10.0,"turns":6.0},{"damage":5.0,"enemies":"Lots of Slimes","floor":12.0,"turns":4.0},{"damage":0.0,"enemies":"Gremlin Nob","floor":13.0,"turns":3.0},{"damage":85,"enemies":"Hexaghost","floor":16,"turns":15},{"damage":0,"enemies":"Chosen","floor":18,"turns":4},{"damage":0,"enemies":"Shell Parasite","floor":20,"turns":3},{"damage":0,"enemies":"Chosen and Byrds","floor":21,"turns":5},{"damage":0,"enemies":"Centurion and Healer","floor":22,"turns":6},{"damage":0,"enemies":"Book of Stabbing","floor":23,"turns":5},{"damage":3,"enemies":"Shelled Parasite and Fungi","floor":24,"turns":6},{"damage":0,"enemies":"Slavers","floor":27,"turns":6},{"damage":0,"enemies":"Snake Plant","floor":29,"turns":4},{"damage":0,"enemies":"Gremlin Leader","floor":30,"turns":7},{"damage":48,"enemies":"Collector","floor":33,"turns":12},{"damage":7,"enemies":"3 Darklings","floor":35,"turns":7},{"damage":0,"enemies":"2 Orb Walkers","floor":36,"turns":4},{"damage":0,"enemies":"Reptomancer","floor":40,"turns":3},{"damage":0,"enemies":"Nemesis","floor":42,"turns":3},{"damage":0,"enemies":"Giant Head","floor":45,"turns":2},{"damage":0,"enemies":"3 Shapes","floor":47,"turns":1},{"damage":0,"enemies":"Nemesis","floor":48,"turns":1},{"damage":0,"enemies":"Donu and Deca","floor":50,"turns":2},{"damage":0,"enemies":"Time Eater","floor":51,"turns":4},{"damage":0,"enemies":"Shield and Spear","floor":55,"turns":1},{"damage":0,"enemies":"The Heart","floor":56,"turns":5}],"seed_played":"-8017245677415417482","potions_obtained":[{"floor":5.0,"key":"Fire Potion"},{"floor":7.0,"key":"Explosive Potion"},{"floor":13.0,"key":"BloodPotion"},{"floor":16,"key":"Fruit Juice"},{"floor":19,"key":"EntropicBrew"},{"floor":19,"key":"EntropicBrew"},{"floor":24,"key":"Fruit Juice"},{"floor":29,"key":"GamblersBrew"},{"floor":30,"key":"HeartOfIron"},{"floor":35,"key":"Dexterity Potion"},{"floor":45,"key":"Ancient Potion"},{"floor":55,"key":"SpeedPotion"}],"is_trial":true,"path_per_floor":["M","?","M","?","M","E","M","R","T","E","$","M","E","$","R","B",null,"M","?","M","M","M","E","M","R","T","E","$","M","E","$","R","B",null,"M","?","?","?","?","E","$","E","T","R","E","R","M","E","R","B","B",null,"R","$","E","B",null],"character_chosen":"IRONCLAD","items_purchased":["ClockworkSouvenir","Medical Kit","Bag of Preparation"],"campfire_rested":0,"item_purchase_floors":[11,41,54],"current_hp_per_floor":[74,74,75,49,55,61,64,64,64,63,63,64,70,70,70,17,61,70,75,80,80,80,80,85,85,85,85,85,85,85,85,85,46,75,80,85,85,76,76,81,81,81,81,81,81,81,81,81,81,81,81,81,81,81,81,81],"gold":81,"neow_bonus":"","is_daily":false,"chose_seed":false,"campfire_upgraded":7,"win_rate":0.0,"timestamp":1608663095,"path_taken":["M","?","?","?","M","E","M","R","T","E","$","M","E","$","R","BOSS","M","?","?","?","M","E","M","R","T","E","$","M","E","?","R","BOSS","M","?","?","?","?","E","$","E","T","R","E","R","M","E","R","BOSS","BOSS","R","$","E","BOSS"],"items_purchased_type":["Relic","Relic","Relic"],"build_version":"2020-12-13","purchased_purges":5,"victory":true,"max_hp_per_floor":[75,75,75,75,75,75,75,75,75,75,75,75,75,75,75,75,75,75,80,80,80,80,80,85,85,85,85,85,85,85,85,85,85,85,85,85,85,85,81,81,81,81,81,81,81,81,81,81,81,81,81,81,81,81,81,81],"relic_stats":{"Torii":8,"Happy Flower":[1],"counters":[30,138],"Magic Flower":[23],"Charon\u0027s Ashes":[214],"Juzu Bracelet":0,"Bag of Preparation":[4],"Cursed Key":1,"Medical Kit":[16],"Boot":[0],"Smiling Mask":90,"Burning Blood":91,"Blood Vial":9,"Nunchaku":[20],"Mummified Hand":[39],"Black Star":8,"obtain_stats":[{"Lantern":10,"Torii":26,"Magic Flower":13,"Juzu Bracelet":43,"Bag of Preparation":54,"Ancient Tea Set":30,"Cursed Key":34,"Boot":45,"Smiling Mask":48,"Burning Blood":0,"ClockworkSouvenir":11,"Blood Vial":27,"Nunchaku":26,"Matryoshka":9,"Mummified Hand":23,"Paper Frog":30,"Girya":42,"Happy Flower":55,"Oddly Smooth Stone":48,"The Courier":40,"Charon\u0027s Ashes":40,"Omamori":23,"Medical Kit":41,"CaptainsWheel":4,"Bag of Marbles":6,"Black Star":17,"StrikeDummy":27,"TungstenRod":36,"Unceasing Top":42,"Pocketwatch":55},{"Lantern":6,"Torii":15,"Magic Flower":8,"Juzu Bracelet":23,"Bag of Preparation":28,"Ancient Tea Set":18,"Cursed Key":19,"Boot":24,"Smiling Mask":26,"Burning Blood":0,"ClockworkSouvenir":6,"Blood Vial":16,"Nunchaku":15,"Matryoshka":5,"Mummified Hand":14,"Paper Frog":18,"Girya":23,"Happy Flower":29,"Oddly Smooth Stone":26,"The Courier":22,"Charon\u0027s Ashes":22,"Omamori":14,"Medical Kit":22,"CaptainsWheel":2,"Bag of Marbles":4,"Black Star":9,"StrikeDummy":16,"TungstenRod":21,"Unceasing Top":23,"Pocketwatch":29},{"Lantern":25,"Torii":76,"Magic Flower":32,"Juzu Bracelet":122,"Bag of Preparation":132,"Ancient Tea Set":93,"Cursed Key":105,"Boot":124,"Smiling Mask":126,"Burning Blood":0,"ClockworkSouvenir":25,"Blood Vial":82,"Nunchaku":76,"Matryoshka":19,"Mummified Hand":70,"Paper Frog":93,"Girya":122,"Happy Flower":133,"Oddly Smooth Stone":126,"The Courier":119,"Charon\u0027s Ashes":119,"Omamori":70,"Medical Kit":119,"CaptainsWheel":6,"Bag of Marbles":16,"Black Star":47,"StrikeDummy":82,"TungstenRod":116,"Unceasing Top":122,"Pocketwatch":133}],"TungstenRod":4,"Unceasing Top":[0],"Pocketwatch":[0]},"card_choices":[{"not_picked":["Slice","Dark Embrace","Flex"],"picked":"SKIP","floor":1.0},{"not_picked":["Wireheading","Coolheaded","Demon Form"],"picked":"SKIP","floor":3.0},{"not_picked":["Quick Slash","Deflect","Skewer"],"picked":"SKIP","floor":5.0},{"not_picked":["Scrawl","Juggernaut"],"picked":"Establishment","floor":6.0},{"not_picked":["Havoc","Bouncing Flask","Pommel Strike"],"picked":"SKIP","floor":7.0},{"not_picked":["Reaper","ConjureBlade","Juggernaut"],"picked":"SKIP","floor":10.0},{"not_picked":["Searing Blow","Hologram","Clothesline"],"picked":"SKIP","floor":12.0},{"not_picked":["Malaise","ConjureBlade","Demon Form"],"picked":"SKIP","floor":13.0},{"not_picked":["Seek","LessonLearned"],"picked":"Scrawl","floor":16},{"not_picked":["Pommel Strike","Sword Boomerang","Twin Strike"],"picked":"SKIP","floor":18},{"not_picked":["Crippling Poison","Leap"],"picked":"Evolve","floor":20},{"not_picked":["Wild Strike","CrushJoints","FTL"],"picked":"SKIP","floor":21},{"not_picked":["Wallop+1","Perfected Strike","PathToVictory"],"picked":"SKIP","floor":22},{"not_picked":["After Image","Unload","Die Die Die"],"picked":"SKIP","floor":23},{"not_picked":["Prepared","Rupture","Wallop+1"],"picked":"SKIP","floor":24},{"not_picked":["Omniscience","Malaise","Buffer"],"picked":"SKIP","floor":27},{"not_picked":["Omniscience","Malaise","Buffer"],"picked":"SKIP","floor":27},{"not_picked":["Omniscience","Malaise","Buffer"],"picked":"SKIP","floor":27},{"not_picked":["Havoc","Go for the Eyes","PiercingWail"],"picked":"SKIP","floor":29},{"not_picked":["Judgement","Storm of Steel","Grand Finale"],"picked":"SKIP","floor":30},{"not_picked":["Cloak And Dagger","Whirlwind","Bane"],"picked":"SKIP","floor":35},{"not_picked":["Madness","Flash of Steel"],"picked":"Deep Breath","floor":38},{"not_picked":["Dark Shackles","Apotheosis"],"picked":"Master of Strategy","floor":38},{"not_picked":["Grand Finale","Malaise"],"picked":"Adrenaline","floor":40},{"not_picked":["Doppelganger","Limit Break","Rainbow"],"picked":"SKIP","floor":42},{"not_picked":["Wraith Form v2","Rainbow","DeusExMachina"],"picked":"SKIP","floor":45},{"not_picked":["Dual Wield","Streamline","Quick Slash"],"picked":"SKIP","floor":47},{"not_picked":["Omniscience","Night Terror","Venomology"],"picked":"SKIP","floor":48},{"not_picked":["Limit Break","Malaise","Machine Learning"],"picked":"SKIP","floor":55}],"player_experience":1594497,"relics_obtained":[{"floor":6.0,"key":"Bag of Marbles"},{"floor":9.0,"key":"Matryoshka"},{"floor":10.0,"key":"Lantern"},{"floor":13.0,"key":"Magic Flower"},{"floor":23,"key":"Omamori"},{"floor":23,"key":"Mummified Hand"},{"floor":26,"key":"Nunchaku"},{"floor":26,"key":"Torii"},{"floor":27,"key":"StrikeDummy"},{"floor":27,"key":"Blood Vial"},{"floor":30,"key":"Paper Frog"},{"floor":30,"key":"Ancient Tea Set"},{"floor":36,"key":"TungstenRod"},{"floor":40,"key":"The Courier"},{"floor":40,"key":"Charon\u0027s Ashes"},{"floor":42,"key":"Girya"},{"floor":42,"key":"Unceasing Top"},{"floor":43,"key":"Juzu Bracelet"},{"floor":45,"key":"Boot"},{"floor":48,"key":"Smiling Mask"},{"floor":48,"key":"Oddly Smooth Stone"},{"floor":55,"key":"Pocketwatch"},{"floor":55,"key":"Happy Flower"}],"event_choices":[{"damage_healed":0.0,"max_hp_gain":0.0,"max_hp_loss":0.0,"gold_gain":0.0,"event_name":"Accursed Blacksmith","player_choice":"Forge","floor":2.0,"gold_loss":0.0,"damage_taken":0.0,"cards_upgraded":["Body Slam"]},{"damage_healed":0.0,"max_hp_gain":0.0,"max_hp_loss":0.0,"gold_gain":0.0,"event_name":"Scrap Ooze","player_choice":"Success","floor":4.0,"gold_loss":0.0,"damage_taken":26.0,"relics_obtained":["CaptainsWheel"]},{"damage_healed":0,"gold_gain":0,"player_choice":"Got Potions","damage_taken":0,"max_hp_gain":0,"max_hp_loss":0,"event_name":"Lab","floor":19,"gold_loss":0},{"damage_healed":0,"gold_gain":0,"player_choice":"Fight","damage_taken":0,"max_hp_gain":0,"max_hp_loss":0,"event_name":"Mysterious Sphere","floor":36,"gold_loss":0},{"damage_healed":0,"gold_gain":0,"player_choice":"Ignored","damage_taken":0,"max_hp_gain":0,"max_hp_loss":0,"event_name":"Tomb of Lord Red Mask","floor":37,"gold_loss":0},{"damage_healed":0,"gold_gain":0,"player_choice":"Memory 3","damage_taken":10,"max_hp_gain":0,"max_hp_loss":0,"event_name":"SensoryStone","floor":38,"gold_loss":0},{"damage_healed":0,"gold_gain":0,"player_choice":"Max HP","damage_taken":0,"max_hp_gain":0,"max_hp_loss":4,"event_name":"Winding Halls","floor":39,"gold_loss":0}],"is_beta":false,"boss_relics":[{"not_picked":["Black Blood","Ectoplasm"],"picked":"Black Star"},{"not_picked":["Philosopher\u0027s Stone","Calling Bell"],"picked":"Cursed Key"}],"items_purged_floors":[11,14,31,41,54],"is_endless":false,"potions_floor_spawned":[5,7,13,16,21,24,29,30,35,42,45,47,55],"ascension_level":20}}