{"host":"cbnfbo28eyz4xcn1","time":1608596725,"event":{"mods":["BaseMod","Colored Map","Colored Powertips","Infinite Spire","Minty Spire (QoL Compilation)","Replay The Spire","StSLib"],"gold_per_floor":[114,114,127,127,142,178,208,48,75,75,134,134,167,214,214,352,352,393,435,10,51,112,112,112,167,192,192,241,241,156,205,205,383,383,416,83,83,107,107,181,181,181,181,181,390,439,439,467,467,495],"floor_reached":51,"playtime":1999,"items_purged":["Injury"],"score":1389,"play_id":"9ea67f24-cd42-422d-bcc0-49eec0fb3d33","local_time":"20201222012525","is_ascension_mode":true,"campfire_choices":[{"data":"Whirlwind","floor":10.0,"key":"SMITH"},{"data":"Thunderclap","floor":12.0,"key":"SMITH"},{"floor":15.0,"key":"REST"},{"floor":23.0,"key":"REST"},{"data":"Immolate","floor":32.0,"key":"SMITH"},{"data":"Whirlwind","floor":41.0,"key":"SMITH"},{"floor":44.0,"key":"REST"},{"floor":47.0,"key":"REST"},{"data":"Flex","floor":49.0,"key":"SMITH"}],"circlet_count":0,"master_deck":["AscendersBane","Strike_R","Strike_R","Strike_R","Strike_R","Strike_R","Defend_R","Defend_R","Defend_R","Defend_R","Bash+1","Sentinel","Dropkick","Pommel Strike","Ghostly Armor","Thunderclap+1","Whirlwind+1","Infernal Blade","Wild Strike","Power Through","Body Slam","Whirlwind+1","Immolate+1","Anger","Cleave","Wild Strike","Twin Strike","Rampage","Replay:Many Hands","Pot Of Greed","Pot Of Greed","Pot Of Greed","infinitespire:FutureSight","infinitespire:DeathsTouch","ReplayReversal","Power Through","Juggernaut","Shrug It Off","Pot Of Greed","Madness","Madness","Reckless Charge+1","Immolate","infinitespire:TheBestDefense","Flex+1","Bloodletting","Entrench","Fire Breathing","Heavy Blade+1"],"relics":["Burning Blood","Bloody Idol","MawBank","Replay:Bandana","ReplayTheSpireMod:TigerMarble","Shovel","Mark of Pain","Bottled Flame","Chemical X","infinitespire:EmpoweringShard","Grinning Jar","Replay:Wax Seal","Oddly Smooth Stone","infinitespire:Cupcake","Regal Pillow","Dream Catcher","Anchor","Centennial Puzzle","Iron Hammer"],"acts_visited":["Exordium","TheCity","TheBeyond"],"potions_floor_usage":[50,50],"damage_taken":[{"damage":6.0,"enemies":"Cultist","floor":1.0,"turns":4.0},{"damage":12.0,"enemies":"2 Louse","floor":3.0,"turns":3.0},{"damage":3.0,"enemies":"Jaw Worm","floor":5.0,"turns":4.0},{"damage":20.0,"enemies":"Gremlin Nob","floor":6.0,"turns":4.0},{"damage":15.0,"enemies":"Large Slime","floor":7.0,"turns":6.0},{"damage":0.0,"enemies":"3 Sentries","floor":11.0,"turns":2.0},{"damage":0.0,"enemies":"3 Louse","floor":13.0,"turns":3.0},{"damage":40.0,"enemies":"Lagavulin","floor":14.0,"turns":6.0},{"damage":0.0,"enemies":"Slime Boss","floor":16.0,"turns":7.0},{"damage":8.0,"enemies":"Chosen","floor":18.0,"turns":3.0},{"damage":22.0,"enemies":"Spheric Guardian","floor":19.0,"turns":4.0},{"damage":27.0,"enemies":"Snecko","floor":21.0,"turns":4.0},{"damage":26.0,"enemies":"Shelled Parasite and Fungi","floor":22.0,"turns":4.0},{"damage":10.0,"enemies":"Book of Stabbing","floor":25.0,"turns":3.0},{"damage":0.0,"enemies":"Sentry and Sphere","floor":28.0,"turns":3.0},{"damage":0.0,"enemies":"Snake Plant","floor":31.0,"turns":2.0},{"damage":0.0,"enemies":"Automaton","floor":33.0,"turns":6.0},{"damage":0.0,"enemies":"3 Darklings","floor":35.0,"turns":1.0},{"damage":11.0,"enemies":"Orb Walker","floor":38.0,"turns":4.0},{"damage":5.0,"enemies":"Reptomancer","floor":40.0,"turns":3.0},{"damage":0.0,"enemies":"Transient","floor":46.0,"turns":5.0},{"damage":0.0,"enemies":"Writhing Mass","floor":48.0,"turns":1.0},{"damage":85,"enemies":"Donu and Deca","floor":50,"turns":8}],"seed_played":"-4226594019837989698","potions_obtained":[{"floor":1.0,"key":"Block Potion"},{"floor":6.0,"key":"Reflective Coating"},{"floor":7.0,"key":"SteroidPotion"},{"floor":11.0,"key":"SkillPotion"},{"floor":16.0,"key":"Dexterity Potion"},{"floor":18.0,"key":"PowerPotion"},{"floor":21.0,"key":"BloodPotion"},{"floor":25.0,"key":"Fire Potion"},{"floor":28.0,"key":"Regen Potion"},{"floor":38.0,"key":"SteroidPotion"},{"floor":40.0,"key":"Toxic Potion"}],"is_trial":false,"path_per_floor":["M","?","M","?","M","E","M","$","T","R","E","R","M","E","R","B",null,"M","M","$","M","M","R","?","E","T","AVR","M","?","?","M","R","B",null,"M","$","?","M","AVR","E","R","?","T","R","?","M","R","M","R","B",null],"character_chosen":"IRONCLAD","items_purchased":["Whirlwind","Infernal Blade","Wild Strike","Bottled Flame","Chemical X","Wild Strike","Regal Pillow","Shrug It Off","Dream Catcher"],"campfire_rested":4,"item_purchase_floors":[8,8,8,20,20,20,36,36,36],"current_hp_per_floor":[80,80,74,74,77,63,54,54,54,54,60,60,66,32,58,64,82,80,64,64,43,40,66,66,77,82,82,91,91,91,91,91,91,91,91,91,80,80,80,91,91,69,69,91,60,71,91,91,91,24],"gold":495,"neow_bonus":"TEN_PERCENT_HP_BONUS","is_daily":false,"chose_seed":false,"campfire_upgraded":5,"win_rate":0.0,"timestamp":1608596725,"path_taken":["M","?","M","?","M","E","M","$","T","R","E","R","M","E","R","BOSS","M","M","$","M","M","R","?","E","T","AVR","M","?","?","M","R","BOSS","M","$","?","M","AVR","E","R","?","T","R","?","M","R","M","R","BOSS"],"items_purchased_type":["Card","Card","Card","Relic","Relic","Card","Relic","Card","Relic"],"build_version":"2020-12-13","purchased_purges":1,"victory":true,"max_hp_per_floor":[88,88,88,88,88,88,88,88,88,88,88,88,88,88,88,88,88,88,88,88,88,88,88,88,88,88,88,91,91,91,91,91,91,91,91,91,91,91,91,91,91,91,91,91,91,91,91,91,91,91],"card_choices":[{"not_picked":["Entrench","ReplayTheSpireMod:Corrosion Curse"],"picked":"Sentinel","floor":1.0},{"not_picked":["Disarm","Burning Pact"],"picked":"Dropkick","floor":3.0},{"not_picked":["Second Wind","Iron Wave"],"picked":"Pommel Strike","floor":5.0},{"not_picked":["True Grit","Rage"],"picked":"Ghostly Armor","floor":6.0},{"not_picked":["Abandon","Intimidate"],"picked":"Thunderclap","floor":7.0},{"not_picked":["Fire Breathing","Body Slam"],"picked":"Power Through","floor":11.0},{"not_picked":["Heavy Blade","Defy Death"],"picked":"Body Slam","floor":13.0},{"not_picked":["ReplayTheSpireMod:Muscle Training","Combust"],"picked":"Whirlwind","floor":14.0},{"not_picked":["Juggernaut","Exhume"],"picked":"Immolate","floor":16.0},{"not_picked":["True Grit","Disarm"],"picked":"Anger","floor":18.0},{"not_picked":["Twin Strike","Replay:Undeath\u0027s Touch"],"picked":"Cleave","floor":19.0},{"not_picked":["Clothesline","Uppercut"],"picked":"Twin Strike","floor":21.0},{"not_picked":["Warcry","Sword Boomerang"],"picked":"Rampage","floor":22.0},{"not_picked":["Heavy Blade","Replay:Undeath\u0027s Touch"],"picked":"Replay:Many Hands","floor":25.0},{"not_picked":["Searing Blow","Run Through"],"picked":"ReplayReversal","floor":28.0},{"not_picked":["Abandon","Sword Boomerang"],"picked":"Power Through","floor":31.0},{"not_picked":["Eclipse","Brutality"],"picked":"Juggernaut","floor":33.0},{"not_picked":["Dark Embrace","Abandon","Clothesline"],"picked":"SKIP","floor":35.0},{"not_picked":["Headbutt","Life Link"],"picked":"Reckless Charge+1","floor":38.0},{"not_picked":["Abandon","Dropkick"],"picked":"Immolate","floor":40.0},{"not_picked":["ReplayTheSpireMod:Haul","infinitespire:DeathsTouch"],"picked":"infinitespire:TheBestDefense","floor":42.0},{"not_picked":["Body Slam","Sword Boomerang"],"picked":"Flex","floor":44.0},{"not_picked":["Havoc","Replay:Undeath\u0027s Touch"],"picked":"Bloodletting","floor":45.0},{"not_picked":["Intimidate","Feel No Pain+1"],"picked":"Entrench","floor":46.0},{"not_picked":["Feel No Pain","Perfected Strike"],"picked":"Fire Breathing","floor":47.0},{"not_picked":["Hemokinesis","Headbutt"],"picked":"Heavy Blade+1","floor":48.0}],"player_experience":452012,"relics_obtained":[{"floor":6.0,"key":"MawBank"},{"floor":9.0,"key":"Replay:Bandana"},{"floor":11.0,"key":"ReplayTheSpireMod:TigerMarble"},{"floor":14.0,"key":"Shovel"},{"floor":25.0,"key":"infinitespire:EmpoweringShard"},{"floor":26.0,"key":"Grinning Jar"},{"floor":40.0,"key":"Centennial Puzzle"},{"floor":43.0,"key":"Iron Hammer"}],"event_choices":[{"damage_healed":0.0,"max_hp_gain":0.0,"max_hp_loss":0.0,"gold_gain":0.0,"event_name":"Living Wall","player_choice":"Grow","floor":2.0,"gold_loss":0.0,"damage_taken":0.0,"cards_upgraded":["Bash"]},{"damage_healed":0.0,"max_hp_gain":0.0,"max_hp_loss":0.0,"gold_gain":0.0,"event_name":"Golden Idol","player_choice":"Take Wound","floor":4.0,"gold_loss":0.0,"damage_taken":0.0,"relics_obtained":["Golden Idol"],"cards_obtained":["Injury"]},{"damage_healed":0.0,"max_hp_gain":0.0,"max_hp_loss":0.0,"gold_gain":0.0,"event_name":"Forgotten Altar","player_choice":"Gave Idol","floor":24.0,"relics_lost":["Golden Idol"],"gold_loss":0.0,"damage_taken":0.0,"relics_obtained":["Bloody Idol"]},{"damage_healed":0.0,"max_hp_gain":0.0,"max_hp_loss":0.0,"gold_gain":0.0,"event_name":"Ghosts","player_choice":"Ignored","floor":29.0,"gold_loss":0.0,"damage_taken":0.0},{"damage_healed":0.0,"max_hp_gain":0.0,"max_hp_loss":0.0,"gold_gain":0.0,"event_name":"Addict","player_choice":"Obtained Relic","floor":30.0,"gold_loss":85.0,"damage_taken":0.0,"relics_obtained":["Oddly Smooth Stone"]},{"damage_healed":0.0,"max_hp_gain":0.0,"max_hp_loss":0.0,"gold_gain":0.0,"event_name":"Winding Halls","player_choice":"Embrace Madness","floor":37.0,"gold_loss":0.0,"damage_taken":11.0,"cards_obtained":["Madness","Madness"]}],"is_beta":false,"boss_relics":[{"not_picked":["Sozu","Astrolabe"],"picked":"Mark of Pain"},{"not_picked":["Philosopher\u0027s Stone","Tiny House"],"picked":"infinitespire:Cupcake"}],"items_purged_floors":[27],"is_endless":false,"potions_floor_spawned":[1,6,7,11,16,18,21,25,28,33,38,40,48],"ascension_level":12}}