{"host":"7khtwbkyze7y134w","time":1608664306,"event":{"mods":["AchievementEnabler","BaseMod","Bestiary","Colored Map","Colored Powertips","Highlight Path","Minty Spire (QoL Compilation)","Quick Restart","Relic Stats","StSLib","SuperFastMode"],"gold_per_floor":[113,113,128,138,155,155,80,80,80],"floor_reached":8,"playtime":13122,"items_purged":["Strike_P"],"score":48,"play_id":"9a9551c2-e874-4d74-b935-8cc6c365a594","local_time":"20201222191146","is_ascension_mode":false,"campfire_choices":[{"data":"WindmillStrike","floor":6,"key":"SMITH"}],"circlet_count":0,"master_deck":["Strike_P","Strike_P","Strike_P","Defend_P","Defend_P","Defend_P","Defend_P","Eruption","Vigilance","Protect+1","WindmillStrike+1","CutThroughFate","ClearTheMind"],"relics":["PureWater","NeowsBlessing"],"acts_visited":["Exordium"],"potions_floor_usage":[],"damage_taken":[{"damage":0,"enemies":"2 Louse","floor":1,"turns":1},{"damage":0,"enemies":"Small Slimes","floor":3,"turns":1},{"damage":0,"enemies":"Cultist","floor":4,"turns":1},{"damage":2,"enemies":"Blue Slaver","floor":5,"turns":5},{"damage":72,"enemies":"Gremlin Nob","floor":8,"turns":6}],"seed_played":"1447520453851770448","potions_obtained":[],"is_trial":false,"path_per_floor":["M","?","M","M","M","R","$","E"],"character_chosen":"WATCHER","items_purchased":[],"campfire_rested":0,"item_purchase_floors":[],"current_hp_per_floor":[72,72,72,72,70,70,70,0,0],"gold":80,"neow_bonus":"THREE_ENEMY_KILL","is_daily":false,"chose_seed":false,"campfire_upgraded":1,"win_rate":0.0,"timestamp":1608664306,"path_taken":["M","?","M","M","M","R","$","E"],"items_purchased_type":[],"build_version":"2020-12-13","purchased_purges":1,"victory":false,"max_hp_per_floor":[72,72,72,72,72,72,72,72,72],"relic_stats":{"counters":[5,14],"obtain_stats":[{"NeowsBlessing":0,"PureWater":0},{"NeowsBlessing":0,"PureWater":0},{"NeowsBlessing":0,"PureWater":0}]},"card_choices":[{"not_picked":["FollowUp","JustLucky"],"picked":"Protect","floor":1},{"not_picked":["FlyingSleeves","Perseverance"],"picked":"WindmillStrike","floor":3},{"not_picked":["Consecrate","Pray"],"picked":"CutThroughFate","floor":4},{"not_picked":["Meditate","EmptyFist"],"picked":"ClearTheMind","floor":5}],"player_experience":13396,"relics_obtained":[],"event_choices":[{"damage_healed":0,"gold_gain":0,"player_choice":"Grow","damage_taken":0,"max_hp_gain":0,"max_hp_loss":0,"event_name":"Living Wall","floor":2,"gold_loss":0,"cards_upgraded":["Protect"]}],"is_beta":false,"boss_relics":[],"items_purged_floors":[7],"is_endless":false,"potions_floor_spawned":[],"killed_by":"Gremlin Nob","ascension_level":0}}