{"host":"e0cd4bhk462yjjnf","time":1608607115,"event":{"mods":["AchievementEnabler","BaseMod","Block Reminder","Colored Map","Colored Powertips","Downfall","Highlight Path","Hubris","Minty Spire (QoL Compilation)","Replay The Spire","Shop Mod","Spicy Shops","StSLib","The Disciple","The Jungle","Wandering Minibosses"],"gold_per_floor":[99,99,117,133,152,171,194,194,44,58,58,90,15,30,40,40,40,40],"floor_reached":16,"playtime":817,"items_purged":[],"score":129,"play_id":"a1c2450e-5292-441c-83a3-14c89e6b486c","local_time":"20201221221835","is_ascension_mode":false,"campfire_choices":[{"floor":1,"key":"RECALL"},{"data":"champ:Taunt","floor":9,"key":"SMITH"},{"data":"champ:FalseCounter","floor":11,"key":"SMITH"},{"data":"champ:ShieldWall","floor":13,"key":"SMITH"}],"circlet_count":0,"master_deck":["champ:Strike","champ:Strike","champ:Strike","champ:Strike","champ:Defend","champ:Defend","champ:Defend","champ:Defend","champ:Execute","champ:Taunt+1","champ:PerfectedStrike","champ:ShieldWall+1","champ:CalledShot","champ:FalseCounter+1","champ:SwordThrow","champ:DefensiveShout","champ:CrookedStrike"],"relics":["champ:ChampionCrown","downfall:ShatteredFragment","downfall:HeartBlessingRed","downfall:HeartBlessingBlue","Iron Hammer","downfall:HeartBlessingGreen"],"acts_visited":["Exordium"],"potions_floor_usage":[10,14],"damage_taken":[{"damage":11,"enemies":"Jaw Worm","floor":3,"turns":3},{"damage":5,"enemies":"2 Louse","floor":4,"turns":3},{"damage":5,"enemies":"Cultist","floor":5,"turns":2},{"damage":6,"enemies":"Large Slime","floor":6,"turns":5},{"damage":15,"enemies":"3 Louse","floor":10,"turns":2},{"damage":6,"enemies":"Replay:BlueRogue","floor":12,"turns":7},{"damage":4,"enemies":"Gremlin Gang","floor":14,"turns":5},{"damage":12,"enemies":"2 Fungi Beasts","floor":15,"turns":3},{"damage":55,"enemies":"downfall:Defect","floor":16,"turns":6}],"seed_played":"-8168563176224044974","potions_obtained":[{"floor":6,"key":"champ:CounterPotion"},{"floor":12,"key":"DistilledChaos"}],"is_trial":false,"path_per_floor":["R_BF","?","M","M","M","M","T","?","R","M","R","E","R","M","M","B"],"character_chosen":"THE_CHAMP","items_purchased":[],"campfire_rested":0,"item_purchase_floors":[],"current_hp_per_floor":[99,72,66,66,66,63,63,63,73,63,63,62,62,58,51,0,0,0],"gold":40,"neow_bonus":"TEN_PERCENT_HP_BONUS","is_daily":false,"chose_seed":false,"campfire_upgraded":3,"win_rate":0.0,"timestamp":1608607115,"path_taken":["R_BF","?","M","M","M","M","T","?","R","?","R","E","R","M","M","BOSS"],"items_purchased_type":[],"build_version":"2020-12-13","purchased_purges":0,"victory":false,"max_hp_per_floor":[99,99,99,99,99,99,99,99,109,109,109,109,109,109,109,109,109,109],"card_choices":[{"not_picked":["champ:Circumvent","champ:Lariat","champ:RapidStrikes"],"picked":"SKIP","floor":3},{"not_picked":["champ:FlashCut","champ:BringItOn"],"picked":"champ:PerfectedStrike","floor":4},{"not_picked":["champ:PreciseThrust","champ:GladiatorsShout"],"picked":"champ:ShieldWall","floor":5},{"not_picked":["champ:FanOfKnives","champ:FlashCut"],"picked":"champ:CalledShot","floor":6},{"not_picked":["champ:Backstep","champ:PreciseThrust"],"picked":"champ:FalseCounter","floor":10},{"not_picked":["champ:BerserkerStyle","champ:Backstep"],"picked":"champ:SwordThrow","floor":12},{"not_picked":["champ:TornadoPunch","champ:AdrenalArmor"],"picked":"champ:DefensiveShout","floor":14},{"not_picked":["champ:EndlessRage","champ:BladeFlurry"],"picked":"champ:CrookedStrike","floor":15}],"player_experience":368044,"relics_obtained":[{"floor":12,"key":"Iron Hammer"}],"event_choices":[{"damage_healed":0,"gold_gain":0,"player_choice":"Ignored","damage_taken":0,"max_hp_gain":0,"max_hp_loss":0,"event_name":"NoteForYourself","floor":8,"gold_loss":0}],"is_beta":false,"boss_relics":[],"items_purged_floors":[],"is_endless":false,"potions_floor_spawned":[6,12],"killed_by":"downfall:Defect","ascension_level":0}}