{"host":"szp1d6dso4pv7ddl","time":1608666492,"event":{"mods":["AchievementEnabler","Alarm Clock","BaseMod","Bestiary","Block Reminder","Colored Map","Colored Powertips","Curses Come First","Displayed Cursed Tome","Highlight Path","Minty Spire (QoL Compilation)","Permanent Neow","Quick Restart","Relic Sorter","Relic Stats","StSLib","Synergy Search"],"gold_per_floor":[118,134,146,3,21,21,55,55,55,55,55,87,87,122,122,227,227,238,249,294,393,166,166,199,199,226,248,96,96,121,121,121,231,231,242,110,164,18,18,18,18,18,18,29,62,12,12,112,112,112,112,112,16,46,46],"floor_reached":56,"playtime":3436,"items_purged":["Defend_G","Strike_G","Defend_G"],"score":1852,"play_id":"3364d6a7-3852-4224-a13c-8878c537b0c6","local_time":"20201222114812","is_ascension_mode":true,"campfire_choices":[{"floor":6.0,"key":"DIG"},{"floor":8.0,"key":"DIG"},{"floor":15.0,"key":"DIG"},{"floor":23.0,"key":"DIG"},{"floor":25.0,"key":"DIG"},{"floor":29.0,"key":"DIG"},{"floor":32.0,"key":"REST"},{"floor":40.0,"key":"RECALL"},{"floor":42.0,"key":"DIG"},{"floor":47.0,"key":"DIG"},{"floor":49.0,"key":"DIG"},{"floor":52.0,"key":"DIG"}],"circlet_count":0,"master_deck":["Strike_G+1","Strike_G","Strike_G","Strike_G","Defend_G","Defend_G","Survivor","Neutralize+1","Slice","Dagger Throw","Blade Dance","Blade Dance","Flash of Steel","Finisher","Adrenaline","Finisher","Endless Agony","A Thousand Cuts","Ghostly","Ghostly","Ghostly","Ghostly","Ghostly","Slice","Unload","Calculated Gamble","Bullet Time","Phantasmal Killer","Slice","Deflect","Blade Dance+1","Endless Agony","Flash of Steel"],"relics":["Ring of the Snake","Pen Nib","Happy Flower","Ornamental Fan","Shovel","Whetstone","StrikeDummy","Tough Bandages","Bag of Marbles","Ice Cream","Dead Branch","Ginger","CeramicFish","Fusion Hammer","Gambling Chip","Akabeko","Pocketwatch","Smiling Mask","MealTicket","Cursed Key","Mango","Question Card","Bottled Lightning","Toy Ornithopter","Blue Candle"],"acts_visited":["Exordium","TheCity","TheBeyond","TheEnding"],"potions_floor_usage":[55,55,55,55,55,55],"damage_taken":[{"damage":0.0,"enemies":"Cultist","floor":1.0,"turns":4.0},{"damage":1.0,"enemies":"Small Slimes","floor":2.0,"turns":5.0},{"damage":0.0,"enemies":"Jaw Worm","floor":3.0,"turns":3.0},{"damage":6.0,"enemies":"3 Louse","floor":5.0,"turns":3.0},{"damage":6.0,"enemies":"Gremlin Nob","floor":7.0,"turns":3.0},{"damage":7.0,"enemies":"Lagavulin","floor":12.0,"turns":3.0},{"damage":0.0,"enemies":"Gremlin Nob","floor":14.0,"turns":2.0},{"damage":30.0,"enemies":"The Guardian","floor":16.0,"turns":7.0},{"damage":0.0,"enemies":"2 Thieves","floor":18.0,"turns":1.0},{"damage":0.0,"enemies":"Spheric Guardian","floor":19.0,"turns":1.0},{"damage":5.0,"enemies":"Book of Stabbing","floor":24.0,"turns":4.0},{"damage":0.0,"enemies":"Snecko","floor":27.0,"turns":1.0},{"damage":0.0,"enemies":"Slavers","floor":30.0,"turns":1.0},{"damage":0.0,"enemies":"Collector","floor":33.0,"turns":7.0},{"damage":0.0,"enemies":"Orb Walker","floor":35.0,"turns":2.0},{"damage":0.0,"enemies":"2 Orb Walkers","floor":37.0,"turns":2.0},{"damage":0.0,"enemies":"3 Shapes","floor":44.0,"turns":2.0},{"damage":0.0,"enemies":"Nemesis","floor":45.0,"turns":3.0},{"damage":9.0,"enemies":"Awakened One","floor":50.0,"turns":8.0},{"damage":0.0,"enemies":"Shield and Spear","floor":54.0,"turns":4.0},{"damage":35,"enemies":"The Heart","floor":55,"turns":8}],"seed_played":"-5687195703218091502","potions_obtained":[{"floor":2.0,"key":"Strength Potion"},{"floor":7.0,"key":"Energy Potion"},{"floor":14.0,"key":"GamblersBrew"},{"floor":16.0,"key":"DuplicationPotion"},{"floor":19.0,"key":"PowerPotion"},{"floor":24.0,"key":"DuplicationPotion"},{"floor":54.0,"key":"Ancient Potion"}],"is_trial":false,"path_per_floor":["M","M","M","$","M","R","E","R","T","?","$","E","T","E","R","B",null,"M","M","?","?","$","R","E","R","T","M","$","R","E","T","R","B",null,"M","$","?","$","?","R","$","R","T","M","E","$","R","?","R","B",null,"R","$","E","B",null],"character_chosen":"THE_SILENT","items_purchased":["Blade Dance","Flash of Steel","Slice","Unload","Bullet Time","Slice","Deflect","Endless Agony","Flash of Steel","EntropicBrew"],"campfire_rested":1,"item_purchase_floors":[4,4,22,22,28,36,36,38,38,53],"current_hp_per_floor":[63,62,62,62,56,56,50,50,50,50,50,43,43,43,43,13,51,51,51,31,31,31,31,26,26,26,26,26,26,26,26,31,31,31,31,31,45,45,45,45,45,45,45,45,45,45,45,45,45,44,45,45,45,45,40],"gold":46,"neow_bonus":"ONE_RARE_RELIC","is_daily":false,"chose_seed":false,"campfire_upgraded":0,"win_rate":0.0,"timestamp":1608666492,"path_taken":["M","M","?","$","M","R","E","R","T","?","?","E","?","E","R","BOSS","M","M","?","?","?","R","E","R","T","M","$","R","E","?","R","BOSS","M","$","?","$","?","R","$","R","T","?","E","?","R","?","R","BOSS","R","$","E","BOSS"],"items_purchased_type":["Card","Card","Card","Card","Card","Card","Card","Card","Card","Potion"],"build_version":"2020-12-13","purchased_purges":3,"victory":true,"max_hp_per_floor":[63,63,63,63,63,63,63,63,63,63,63,63,63,63,63,63,63,63,63,31,31,31,31,31,31,31,31,31,31,31,31,31,31,31,31,31,45,45,45,45,45,45,45,45,45,45,45,45,45,45,45,45,45,45,45],"relic_stats":{"Happy Flower":[12],"counters":[21,74],"Dead Branch":[195],"CeramicFish":144,"Blue Candle":[0],"Pen Nib":[12],"Whetstone":["Neutralize","Strike_G"],"Ginger":[5],"Smiling Mask":125,"Cursed Key":0,"Question Card":3,"Tough Bandages":[285],"Shovel":10,"Ornamental Fan":[48],"Gambling Chip":[36],"MealTicket":0,"obtain_stats":[{"Ice Cream":12,"CeramicFish":15,"Mango":37,"Whetstone":6,"Ginger":14,"Smiling Mask":29,"Cursed Key":34,"Tough Bandages":8,"Shovel":0,"Gambling Chip":23,"MealTicket":30,"Fusion Hammer":17,"Ring of the Snake":0,"Happy Flower":26,"Dead Branch":13,"Blue Candle":52,"Pen Nib":47,"Question Card":42,"Akabeko":24,"Ornamental Fan":54,"Bag of Marbles":9,"Bottled Lightning":45,"StrikeDummy":7,"Toy Ornithopter":49,"Pocketwatch":25},{"Ice Cream":6,"CeramicFish":7,"Mango":16,"Whetstone":4,"Ginger":7,"Smiling Mask":12,"Cursed Key":14,"Tough Bandages":5,"Shovel":0,"Gambling Chip":10,"MealTicket":13,"Fusion Hammer":8,"Ring of the Snake":0,"Happy Flower":11,"Dead Branch":6,"Blue Candle":19,"Pen Nib":18,"Question Card":16,"Akabeko":11,"Ornamental Fan":20,"Bag of Marbles":5,"Bottled Lightning":18,"StrikeDummy":5,"Toy Ornithopter":18,"Pocketwatch":11},{"Ice Cream":21,"CeramicFish":23,"Mango":49,"Whetstone":15,"Ginger":23,"Smiling Mask":37,"Cursed Key":45,"Tough Bandages":18,"Shovel":0,"Gambling Chip":32,"MealTicket":38,"Fusion Hammer":30,"Ring of the Snake":0,"Happy Flower":36,"Dead Branch":21,"Blue Candle":62,"Pen Nib":54,"Question Card":49,"Akabeko":36,"Ornamental Fan":66,"Bag of Marbles":18,"Bottled Lightning":54,"StrikeDummy":18,"Toy Ornithopter":54,"Pocketwatch":36}],"Toy Ornithopter":33,"Ring of the Snake":[43],"Pocketwatch":[0]},"card_choices":[{"not_picked":["Outmaneuver","Sucker Punch"],"picked":"Slice","floor":1.0},{"not_picked":["Deflect","Prepared"],"picked":"Dagger Throw","floor":2.0},{"not_picked":["Riddle With Holes","Deadly Poison"],"picked":"Blade Dance","floor":3.0},{"not_picked":["Concentrate","Acrobatics","Caltrops"],"picked":"SKIP","floor":5.0},{"not_picked":["Flying Knee","Well Laid Plans"],"picked":"Finisher","floor":7.0},{"not_picked":["Poisoned Stab","Riddle With Holes"],"picked":"Finisher","floor":12.0},{"not_picked":["Well Laid Plans","Underhanded Strike"],"picked":"Endless Agony","floor":14.0},{"not_picked":["Glass Knife","Phantasmal Killer"],"picked":"A Thousand Cuts","floor":16.0},{"not_picked":["Catalyst","Dodge and Roll","Dagger Throw"],"picked":"SKIP","floor":18.0},{"not_picked":["Bane+1","Tactician","Dodge and Roll"],"picked":"SKIP","floor":19.0},{"not_picked":["Bane","Poisoned Stab","Catalyst"],"picked":"SKIP","floor":24.0},{"not_picked":["Heel Hook","Backflip"],"picked":"Calculated Gamble","floor":27.0},{"not_picked":["Terror","Masterful Stab","Dagger Throw"],"picked":"SKIP","floor":30.0},{"not_picked":["Night Terror","Glass Knife"],"picked":"Phantasmal Killer","floor":33.0},{"not_picked":["Deadly Poison","PiercingWail+1","Noxious Fumes+1"],"picked":"SKIP","floor":35.0},{"not_picked":["Dodge and Roll+1","Underhanded Strike+1"],"picked":"Blade Dance+1","floor":37.0},{"not_picked":["Bane","Eviscerate","Well Laid Plans","Bouncing Flask"],"picked":"SKIP","floor":44.0},{"not_picked":["Prepared","Calculated Gamble","Quick Slash+1","Infinite Blades"],"picked":"SKIP","floor":45.0},{"not_picked":["Deflect","Poisoned Stab","Unload","Backflip"],"picked":"SKIP","floor":54.0}],"player_experience":980215,"relics_obtained":[{"floor":6.0,"key":"Whetstone"},{"floor":7.0,"key":"StrikeDummy"},{"floor":8.0,"key":"Tough Bandages"},{"floor":9.0,"key":"Bag of Marbles"},{"floor":12.0,"key":"Ice Cream"},{"floor":13.0,"key":"Dead Branch"},{"floor":14.0,"key":"Ginger"},{"floor":15.0,"key":"CeramicFish"},{"floor":23.0,"key":"Gambling Chip"},{"floor":24.0,"key":"Akabeko"},{"floor":25.0,"key":"Pocketwatch"},{"floor":26.0,"key":"Happy Flower"},{"floor":29.0,"key":"Smiling Mask"},{"floor":30.0,"key":"MealTicket"},{"floor":37.0,"key":"Mango"},{"floor":42.0,"key":"Question Card"},{"floor":45.0,"key":"Bottled Lightning"},{"floor":47.0,"key":"Pen Nib"},{"floor":49.0,"key":"Toy Ornithopter"},{"floor":52.0,"key":"Blue Candle"},{"floor":54.0,"key":"Ornamental Fan"}],"event_choices":[{"damage_healed":0.0,"max_hp_gain":0.0,"max_hp_loss":0.0,"gold_gain":0.0,"cards_transformed":["Defend_G"],"event_name":"Transmorgrifier","player_choice":"Transformed","floor":10.0,"gold_loss":0.0,"damage_taken":0.0,"cards_obtained":["Adrenaline"]},{"damage_healed":0.0,"max_hp_gain":0.0,"max_hp_loss":32.0,"gold_gain":0.0,"event_name":"Ghosts","player_choice":"Became a Ghost","floor":20.0,"gold_loss":0.0,"damage_taken":0.0,"cards_obtained":["Ghostly","Ghostly","Ghostly","Ghostly","Ghostly"]},{"damage_healed":0.0,"max_hp_gain":0.0,"max_hp_loss":0.0,"gold_gain":99.0,"event_name":"Nest","player_choice":"Stole From Cult","floor":21.0,"gold_loss":0.0,"damage_taken":0.0},{"damage_healed":0.0,"max_hp_gain":0.0,"max_hp_loss":0.0,"gold_gain":0.0,"event_name":"Mysterious Sphere","player_choice":"Fight","floor":37.0,"gold_loss":0.0,"damage_taken":0.0},{"damage_healed":0.0,"max_hp_gain":0.0,"max_hp_loss":0.0,"gold_gain":0.0,"event_name":"SecretPortal","player_choice":"Ignored","floor":39.0,"gold_loss":0.0,"damage_taken":0.0},{"damage_healed":0.0,"max_hp_gain":0.0,"max_hp_loss":0.0,"gold_gain":100.0,"event_name":"Golden Shrine","player_choice":"Pray","floor":48.0,"gold_loss":0.0,"damage_taken":0.0}],"is_beta":false,"boss_relics":[{"not_picked":["Calling Bell","SacredBark"],"picked":"Fusion Hammer"},{"not_picked":["Velvet Choker","Runic Pyramid"],"picked":"Cursed Key"}],"items_purged_floors":[22,36,46],"is_endless":false,"potions_floor_spawned":[2,7,14,16,19,24,30,35,44,54],"ascension_level":8}}