{"host":"hfxp6ue4pvwo3fit","time":1608632502,"event":{"mods":["AchievementEnabler","BaseMod","Colored Map","Colored Powertips","Highlight Path","Minty Spire (QoL Compilation)","Shop Mod","StSLib","SuperFastMode"],"gold_per_floor":[113,125,125,200,211,250,250,275,298,251,271,309,322,335,335,335,335],"floor_reached":16,"playtime":530,"items_purged":[],"score":278,"play_id":"09fcbd42-a376-4ec8-babd-919ae5e9fa35","local_time":"20201222042142","is_ascension_mode":true,"campfire_choices":[{"data":"Whirlwind","floor":7,"key":"SMITH"},{"data":"Bash","floor":15,"key":"SMITH"}],"circlet_count":0,"master_deck":["AscendersBane","Strike_R","Strike_R","Strike_R","Strike_R","Strike_R","Defend_R","Defend_R","Defend_R","Defend_R","Bash+1","Whirlwind+1","Sword Boomerang","Pommel Strike","Anger","Armaments","Shrug It Off","Reaper"],"relics":["Burning Blood","CeramicFish","Omamori","Bag of Preparation"],"acts_visited":["Exordium"],"potions_floor_usage":[6,6,13],"damage_taken":[{"damage":4,"enemies":"Jaw Worm","floor":1,"turns":5},{"damage":12,"enemies":"Small Slimes","floor":2,"turns":2},{"damage":4,"enemies":"2 Louse","floor":5,"turns":2},{"damage":0,"enemies":"3 Sentries","floor":6,"turns":2},{"damage":17,"enemies":"Blue Slaver","floor":8,"turns":5},{"damage":3,"enemies":"3 Louse","floor":11,"turns":3},{"damage":56,"enemies":"Gremlin Nob","floor":12,"turns":5},{"damage":0,"enemies":"Lots of Slimes","floor":13,"turns":1},{"damage":16,"enemies":"Exordium Wildlife","floor":14,"turns":4},{"damage":45,"enemies":"The Guardian","floor":16,"turns":6}],"seed_played":"8168197990973323958","potions_obtained":[{"floor":1,"key":"SteroidPotion"},{"floor":5,"key":"SteroidPotion"},{"floor":8,"key":"Explosive Potion"}],"is_trial":false,"path_per_floor":["M","M","?","?","M","E","R","M","T","$","M","E","M","M","R","B"],"character_chosen":"IRONCLAD","items_purchased":["Armaments"],"campfire_rested":0,"item_purchase_floors":[10],"current_hp_per_floor":[77,71,71,60,62,68,68,57,57,57,60,10,36,36,36,0,0],"gold":335,"neow_bonus":"TEN_PERCENT_HP_BONUS","is_daily":false,"chose_seed":false,"campfire_upgraded":2,"win_rate":0.0,"timestamp":1608632502,"path_taken":["M","M","?","?","M","E","R","M","T","$","?","E","M","M","R","BOSS"],"items_purchased_type":["Card"],"build_version":"2020-12-13","purchased_purges":0,"victory":false,"max_hp_per_floor":[82,82,82,82,82,82,82,82,82,82,82,82,82,82,82,82,82],"card_choices":[{"not_picked":["Second Wind","Anger"],"picked":"Whirlwind","floor":1},{"not_picked":["Dual Wield","Clash"],"picked":"Sword Boomerang","floor":2},{"not_picked":["Body Slam","Iron Wave","Warcry"],"picked":"SKIP","floor":5},{"not_picked":["Rampage","Wild Strike"],"picked":"Pommel Strike","floor":6},{"not_picked":["Blood for Blood","Carnage"],"picked":"Anger","floor":8},{"not_picked":["Thunderclap","Perfected Strike"],"picked":"Shrug It Off","floor":11},{"not_picked":["Burning Pact","True Grit"],"picked":"Reaper","floor":12},{"not_picked":["Rampage","Wild Strike","Armaments"],"picked":"SKIP","floor":13},{"not_picked":["Flex","Cleave","Evolve"],"picked":"SKIP","floor":14}],"player_experience":413503,"relics_obtained":[{"floor":6,"key":"CeramicFish"},{"floor":9,"key":"Omamori"},{"floor":12,"key":"Bag of Preparation"}],"event_choices":[{"damage_healed":0,"gold_gain":0,"player_choice":"Ignored","damage_taken":0,"max_hp_gain":0,"max_hp_loss":0,"event_name":"Liars Game","floor":3,"gold_loss":0},{"damage_healed":0,"gold_gain":75,"player_choice":"Gather Gold","damage_taken":11,"max_hp_gain":0,"max_hp_loss":0,"event_name":"World of Goop","floor":4,"gold_loss":0}],"is_beta":false,"boss_relics":[],"items_purged_floors":[],"is_endless":false,"potions_floor_spawned":[1,5,8],"killed_by":"The Guardian","ascension_level":20}}