{"host":"5gc11emcm5chfr5t","time":1608626271,"event":{"mods":["2.2 Compatiblity","AchievementEnabler","BaseMod","Bestiary","Better Note","Colored Map","Colored Powertips","Downfall","Googly Eyes","Minty Spire (QoL Compilation)","Rare Cards Sparkle","StSLib"],"gold_per_floor":[119,137,212,52,71,71,101,165,250,262,302,314,51,66,66,66,66],"floor_reached":16,"playtime":488,"items_purged":[],"score":216,"play_id":"f073682d-8b28-472b-921c-d358f6406001","local_time":"20201222033751","is_ascension_mode":true,"campfire_choices":[{"floor":6,"key":"RECALL"},{"floor":10,"key":"REST"},{"floor":12,"key":"REST"},{"floor":15,"key":"REST"}],"circlet_count":0,"master_deck":["AscendersBane","sneckomod:Strike","sneckomod:Strike","sneckomod:Defend","sneckomod:Defend","sneckomod:TailWhip","sneckomod:SnekBite","sneckomod:Unknown","sneckomod:Unknown","sneckomod:UnknownWeak","sneckomod:WideSting","sneckomod:SlitherStrike","sneckomod:SnekBeam","sneckomod:UnknownVulnerable","Transmutation","sneckomod:DangerNoodle+1","sneckomod:SoulRoll"],"relics":["Empty Cage","Omamori","MawBank","Molten Egg 2","Boot"],"acts_visited":["Exordium"],"potions_floor_usage":[7,16],"damage_taken":[{"damage":6,"enemies":"Cultist","floor":1,"turns":4},{"damage":0,"enemies":"Jaw Worm","floor":2,"turns":3},{"damage":7,"enemies":"Small Slimes","floor":5,"turns":3},{"damage":33,"enemies":"3 Sentries","floor":7,"turns":6},{"damage":34,"enemies":"Lagavulin","floor":11,"turns":8},{"damage":20,"enemies":"3 Louse","floor":14,"turns":3},{"damage":44,"enemies":"Hexaghost","floor":16,"turns":7}],"seed_played":"6714633450837851785","potions_obtained":[{"floor":5,"key":"Dexterity Potion"},{"floor":14,"key":"ColorlessPotion"}],"is_trial":false,"path_per_floor":["M","M","?","$","M","R","E","?","T","R","E","R","$","M","R","B"],"character_chosen":"THE_SNECKO","items_purchased":["Omamori","Transmutation","sneckomod:DangerNoodle+1"],"campfire_rested":3,"item_purchase_floors":[4,13,13],"current_hp_per_floor":[69,69,58,58,51,51,18,18,18,42,15,39,39,19,43,0,0],"gold":66,"neow_bonus":"BOSS_RELIC","is_daily":false,"chose_seed":false,"campfire_upgraded":0,"win_rate":0.0,"timestamp":1608626271,"path_taken":["M","M","?","$","M","R","E","?","T","R","E","R","$","M","R","BOSS"],"items_purchased_type":["Relic","Card","Card"],"build_version":"2020-12-13","purchased_purges":0,"victory":false,"max_hp_per_floor":[83,83,83,83,83,83,83,83,83,83,83,83,83,83,83,83,83],"card_choices":[{"not_picked":["sneckomod:DiceCrush","sneckomod:DefensiveFlair"],"picked":"sneckomod:UnknownWeak","floor":1},{"not_picked":["sneckomod:SoulDraw","sneckomod:UnknownStrike"],"picked":"sneckomod:WideSting","floor":2},{"not_picked":["sneckomod:UnknownClassGREEN","sneckomod:MasterEye"],"picked":"sneckomod:SlitherStrike","floor":5},{"not_picked":["sneckomod:TrashToTreasure","sneckomod:PureSnecko"],"picked":"sneckomod:SnekBeam","floor":7},{"not_picked":["sneckomod:DiceBlock","sneckomod:WideSting+1"],"picked":"sneckomod:UnknownVulnerable","floor":11},{"not_picked":["sneckomod:QuickMove","sneckomod:Unknown1Cost"],"picked":"sneckomod:SoulRoll","floor":14}],"player_experience":475008,"relics_obtained":[{"floor":7,"key":"MawBank"},{"floor":9,"key":"Molten Egg 2"},{"floor":11,"key":"Boot"}],"event_choices":[{"damage_healed":0,"gold_gain":75,"player_choice":"Gather Gold","damage_taken":11,"max_hp_gain":0,"max_hp_loss":0,"event_name":"World of Goop","floor":3,"gold_loss":0},{"damage_healed":0,"gold_gain":52,"player_choice":"Gained Gold","damage_taken":0,"max_hp_gain":0,"max_hp_loss":0,"event_name":"Golden Wing","floor":8,"gold_loss":0}],"is_beta":false,"boss_relics":[],"items_purged_floors":[],"is_endless":false,"potions_floor_spawned":[5,14],"killed_by":"Hexaghost","ascension_level":20}}