{"host":"wonp23fsqqcu31ie","time":1608634182,"event":{"mods":["2.2 Compatiblity","AchievementEnabler","Aspiration","BaseMod","Bestiary","Better Altar","Better Match","Better Sensory Stone","Better Skull","Better Third Choice","BetterRewards","Block Reminder","Colored Map","Colored Powertips","Conspire","DeckTracker","Displayed Cursed Tome","Downfall","Hermit","Highlight Path","Hubris","Minty Spire (QoL Compilation)","Permanent Neow","Quick Restart","Rare Cards Sparkle","Relic Stats","Replay The Spire","Shade Mod","Shop Mod","StSLib","SuperFastMode","The Animator","The Cursed","The Dragon Tamer","The Gatherer","The Necromancer","The Runesmith","The Servant 0.9.4"],"gold_per_floor":[0,0,0,14,27,46,69,88,122,47,79,4,4,32,50,148,148,73,89,100,100,119,134,157,157,172,191,191,201,201,201,201,201],"floor_reached":31,"playtime":1132,"items_purged":[],"score":310,"play_id":"fd9a551d-6b18-44a6-8a5b-94d8d9ed33e5","local_time":"20201222214942","is_ascension_mode":true,"campfire_choices":[{"floor":1,"key":"RECALL"},{"floor":10,"key":"REST"},{"floor":12,"key":"REST"},{"floor":25,"key":"REST"},{"floor":28,"key":"REST"}],"circlet_count":0,"master_deck":["Slimebound:Strike_Slimebound","Slimebound:Strike_Slimebound","Slimebound:Strike_Slimebound","Slimebound:Tackle","Slimebound:Defend_Slimebound","Slimebound:Defend_Slimebound","Slimebound:Defend_Slimebound","Slimebound:Defend_Slimebound","Slimebound:Split","Slimebound:CorrosiveSpit","Slimebound:DivideAndConquer","Slimebound:PressTheAttack","Slimebound:Gluttony","Slimebound:ServeAndProtect","Slimebound:RollThrough","Slimebound:SplitAcid","Slimebound:GoopTackle","Slimebound:SplitMire","Slimebound:RejuvenatingLick","Slimebound:Overexert","Slimebound:AcidTongue","Slimebound:LeechEnergy","Pain","Slimebound:LeechingTouch","Slimebound:Prepare+1","Slimebound:TongueLash","Slimebound:LevelUp","Slimebound:MassRepurpose"],"relics":["Slimebound:AbsorbEndCombat","aspiration:BabyByrd","PreservedInsect","downfall:HeartBlessingRed","conspire:TopHat","downfall:HeartBlessingGreen","hubris:Towel","Oddly Smooth Stone","conspire:SlowCooker","downfall:HeartBlessingBlue","WarpedTongs","Regal Pillow"],"acts_visited":["Exordium","TheCity"],"potions_floor_usage":[6,11,16,19,19,19,22,22,23,29],"damage_taken":[{"damage":10,"enemies":"downfall:FleeingMerchant","floor":2,"turns":4},{"damage":10,"enemies":"conspire:RoseBush","floor":4,"turns":3},{"damage":10,"enemies":"Cultist","floor":5,"turns":4},{"damage":13,"enemies":"Small Slimes","floor":6,"turns":3},{"damage":46,"enemies":"Exordium Thugs","floor":8,"turns":6},{"damage":20,"enemies":"Replay:BlueRogue","floor":9,"turns":6},{"damage":45,"enemies":"Gremlin Nob","floor":11,"turns":4},{"damage":26,"enemies":"3 Sentries","floor":14,"turns":4},{"damage":38,"enemies":"Exordium Wildlife","floor":15,"turns":4},{"damage":72,"enemies":"downfall:Ironclad","floor":16,"turns":7},{"damage":42,"enemies":"Shell Parasite","floor":19,"turns":4},{"damage":24,"enemies":"Chosen","floor":20,"turns":4},{"damage":25,"enemies":"Snecko","floor":22,"turns":5},{"damage":60,"enemies":"Centurion and Healer","floor":23,"turns":6},{"damage":60,"enemies":"Sentry and Sphere","floor":26,"turns":6},{"damage":36,"enemies":"Snake Plant","floor":27,"turns":4},{"damage":66,"enemies":"Shelled Parasite and Fungi","floor":29,"turns":7},{"damage":70,"enemies":"Snecko","floor":31,"turns":5}],"seed_played":"8367515695261201600","potions_obtained":[{"floor":4,"key":"Languid Potion"},{"floor":5,"key":"SteroidPotion"},{"floor":15,"key":"Ancient Potion"},{"floor":16,"key":"Fire Potion"},{"floor":18,"key":"ColorlessPotion"},{"floor":18,"key":"Slimebound:ThreeZeroPotion"},{"floor":23,"key":"Dexterity Potion"},{"floor":26,"key":"Milkshake"},{"floor":27,"key":"Swift Potion"},{"floor":30,"key":"downfall:CursedFountainPotion"}],"is_trial":false,"path_per_floor":["R","$","?","M","M","M","T","M","E","R","E","R","?","E","M","B",null,"R_BF","M","M","?","M","M","T","R","M","M","R","M","?","M"],"character_chosen":"SLIMEBOUND","items_purchased":[],"campfire_rested":4,"item_purchase_floors":[],"current_hp_per_floor":[72,70,70,70,70,69,69,43,59,72,43,64,64,54,40,26,72,82,68,66,66,67,45,45,82,52,42,81,41,41,0,0,0],"gold":201,"neow_bonus":"TWENTY_PERCENT_HP_BONUS","is_daily":false,"chose_seed":false,"campfire_upgraded":0,"win_rate":0.0,"timestamp":1608634182,"path_taken":["R","$","?","M","M","M","T","M","E","R","E","R","?","E","M","BOSS","R_BF","M","M","?","M","M","T","R","M","M","R","?","?","?"],"items_purchased_type":[],"build_version":"2020-12-13","purchased_purges":0,"victory":false,"max_hp_per_floor":[72,72,72,72,72,72,72,72,72,72,72,72,72,72,72,72,72,82,82,82,82,82,82,82,82,82,82,82,82,82,82,82,82],"relic_stats":{"Regal Pillow":28,"counters":[18,83],"PreservedInsect":59,"obtain_stats":[{"Regal Pillow":24,"downfall:HeartBlessingRed":10,"aspiration:BabyByrd":3,"downfall:HeartBlessingBlue":18,"Oddly Smooth Stone":14,"downfall:HeartBlessingGreen":12,"PreservedInsect":9,"conspire:SlowCooker":17,"Slimebound:AbsorbEndCombat":0,"hubris:Towel":13,"conspire:TopHat":11,"WarpedTongs":21},{"Regal Pillow":14,"downfall:HeartBlessingRed":6,"aspiration:BabyByrd":1,"downfall:HeartBlessingBlue":10,"Oddly Smooth Stone":8,"downfall:HeartBlessingGreen":7,"PreservedInsect":6,"conspire:SlowCooker":10,"Slimebound:AbsorbEndCombat":0,"hubris:Towel":7,"conspire:TopHat":7,"WarpedTongs":12},{"Regal Pillow":62,"downfall:HeartBlessingRed":25,"aspiration:BabyByrd":4,"downfall:HeartBlessingBlue":43,"Oddly Smooth Stone":33,"downfall:HeartBlessingGreen":29,"PreservedInsect":25,"conspire:SlowCooker":43,"Slimebound:AbsorbEndCombat":0,"hubris:Towel":29,"conspire:TopHat":29,"WarpedTongs":51}],"WarpedTongs":[32]},"card_choices":[{"not_picked":["Slimebound:ServeAndProtect","Slimebound:BestDefense"],"picked":"Slimebound:DivideAndConquer","floor":2},{"not_picked":["Slimebound:SplitAcid","Slimebound:FinishingTackle"],"picked":"Slimebound:PressTheAttack","floor":4},{"not_picked":["Slimebound:GrowthPunch","Slimebound:ServeAndProtect"],"picked":"Slimebound:Gluttony","floor":5},{"not_picked":["Slimebound:HungryTackle","Slimebound:GrowthPunch"],"picked":"Slimebound:ServeAndProtect","floor":6},{"not_picked":["Slimebound:Overexert","Slimebound:LeechingTouch"],"picked":"Slimebound:RollThrough","floor":8},{"not_picked":["Slimebound:FlameTackle","Slimebound:FirmFortitude"],"picked":"Slimebound:SplitAcid","floor":9},{"not_picked":["Slimebound:GrowthPunch","Slimebound:Schlurp"],"picked":"Slimebound:GoopTackle","floor":11},{"not_picked":["Slimebound:RollThrough","Slimebound:GoopSpray"],"picked":"Slimebound:SplitMire","floor":14},{"not_picked":["Slimebound:Grow","Slimebound:ServeAndProtect"],"picked":"Slimebound:RejuvenatingLick","floor":15},{"not_picked":["Slimebound:RallyTheTroops","Slimebound:DouseInSlime"],"picked":"Slimebound:Overexert","floor":16},{"not_picked":["Slimebound:Schlurp","Slimebound:FlameTackle"],"picked":"Slimebound:AcidTongue","floor":19},{"not_picked":["Slimebound:Gluttony","Slimebound:Schlurp+1"],"picked":"Slimebound:LeechEnergy","floor":20},{"not_picked":["Slimebound:ForwardTackle","Slimebound:SplitBruiser"],"picked":"Slimebound:LeechingTouch","floor":22},{"not_picked":["Slimebound:FlameTackle","Slimebound:RollThrough"],"picked":"Slimebound:Prepare+1","floor":23},{"not_picked":["Slimebound:PressTheAttack+1","Slimebound:Chomp"],"picked":"Slimebound:TongueLash","floor":26},{"not_picked":["Slimebound:LeechingTouch","Slimebound:ComboTackle"],"picked":"Slimebound:LevelUp","floor":27},{"not_picked":["Slimebound:Gluttony","Slimebound:Dissolve"],"picked":"Slimebound:MassRepurpose","floor":29}],"player_experience":669428,"relics_obtained":[{"floor":9,"key":"PreservedInsect"},{"floor":11,"key":"conspire:TopHat"},{"floor":14,"key":"Oddly Smooth Stone"},{"floor":24,"key":"Regal Pillow"}],"event_choices":[{"damage_healed":0,"gold_gain":0,"player_choice":"Rummage","damage_taken":0,"relics_obtained":["WarpedTongs"],"max_hp_gain":0,"max_hp_loss":0,"event_name":"Accursed Blacksmith","floor":21,"gold_loss":0,"cards_obtained":["Pain"]}],"is_beta":false,"boss_relics":[{"not_picked":["Runic Pyramid","Painkiller Herb"],"picked":"conspire:SlowCooker"}],"items_purged_floors":[],"is_endless":false,"potions_floor_spawned":[4,5,15,16,23,26,27],"killed_by":"Snecko","ascension_level":2}}