{"host":"6gwm7y0tp7acoxay","time":1608638502,"event":{"mods":["BaseMod","Colored Map","Keyboard Shortcuts","Minty Spire (QoL Compilation)","Quick Restart","StSLib","SuperFastMode","everything is the same but u backflip on backflip"],"gold_per_floor":[110,35,49,124,124,149,149,180,254,254,268,304,347,360,360,458,458,458,458,458,458,93,93,93],"floor_reached":23,"playtime":753,"items_purged":[],"score":459,"play_id":"11c995cb-b8de-45b9-a31a-7082b8e3a12d","local_time":"20201222210142","daily_mods":["SealedDeck","Heirloom","Flight"],"is_ascension_mode":true,"campfire_choices":[{"floor":7,"key":"REST"},{"data":"Armaments","floor":15,"key":"SMITH"}],"circlet_count":0,"master_deck":["AscendersBane","Ghostly Armor","True Grit","Sword Boomerang","Fire Breathing","Shrug It Off","Seeing Red","Power Through","Whirlwind","Disarm","Disarm","Reaper","Armaments+1","Disarm","Impervious","Disarm","Limit Break","Body Slam","Evolve","Entrench","Uppercut"],"relics":["Burning Blood","Incense Burner","Blood Vial","Smiling Mask","Red Skull","Golden Idol","Bottled Flame","Prayer Wheel","Ectoplasm","Medical Kit"],"acts_visited":["Exordium","TheCity"],"potions_floor_usage":[23],"damage_taken":[{"damage":5,"enemies":"Jaw Worm","floor":1,"turns":3},{"damage":0,"enemies":"2 Louse","floor":3,"turns":1},{"damage":52,"enemies":"Gremlin Nob","floor":6,"turns":6},{"damage":1,"enemies":"Lagavulin","floor":8,"turns":9},{"damage":8,"enemies":"Small Slimes","floor":11,"turns":3},{"damage":23,"enemies":"Gremlin Nob","floor":12,"turns":5},{"damage":8,"enemies":"3 Sentries","floor":13,"turns":4},{"damage":18,"enemies":"Exordium Wildlife","floor":14,"turns":3},{"damage":20,"enemies":"Slime Boss","floor":16,"turns":8},{"damage":8,"enemies":"Shell Parasite","floor":18,"turns":8},{"damage":0,"enemies":"3 Byrds","floor":21,"turns":6},{"damage":73,"enemies":"Gremlin Leader","floor":23,"turns":8}],"seed_played":"-3006208418348273955","potions_obtained":[{"floor":3,"key":"Explosive Potion"},{"floor":6,"key":"Dexterity Potion"}],"is_trial":true,"path_per_floor":["M","?","M","?","?","E","R","E","T","?","M","E","E","M","R","B",null,"M","?","?","M","$","E"],"character_chosen":"IRONCLAD","items_purchased":["Evolve","Entrench","Uppercut","Medical Kit"],"campfire_rested":1,"item_purchase_floors":[22,22,22,22],"current_hp_per_floor":[69,69,75,64,53,9,31,38,38,38,38,23,23,27,27,31,59,59,59,59,67,67,0,0],"gold":93,"neow_bonus":"","is_daily":false,"chose_seed":false,"campfire_upgraded":1,"win_rate":0.0,"timestamp":1608638502,"path_taken":["M","?","M","?","?","E","R","E","T","?","?","E","E","M","R","BOSS","M","?","?","?","$","E"],"items_purchased_type":["Card","Card","Card","Relic"],"build_version":"2020-12-13","purchased_purges":0,"victory":false,"max_hp_per_floor":[75,75,75,75,75,75,75,75,75,68,68,68,68,68,68,68,68,68,68,68,68,68,68,68],"card_choices":[{"not_picked":["Heavy Blade","Flame Barrier"],"picked":"Power Through","floor":1},{"not_picked":["Twin Strike","Hemokinesis"],"picked":"Whirlwind","floor":3},{"not_picked":["Ghostly Armor","Rampage"],"picked":"Disarm","floor":6},{"not_picked":["Anger","Shrug It Off"],"picked":"Disarm","floor":8},{"not_picked":["Shrug It Off","Fire Breathing","Perfected Strike"],"picked":"SKIP","floor":11},{"not_picked":["Bloodletting","Brutality","Rupture"],"picked":"SKIP","floor":12},{"not_picked":["Twin Strike","Shrug It Off"],"picked":"Reaper","floor":13},{"not_picked":["Anger","Cleave"],"picked":"Armaments","floor":14},{"not_picked":["Reckless Charge","Wild Strike"],"picked":"Disarm","floor":14},{"not_picked":["Barricade","Fiend Fire"],"picked":"Impervious","floor":16},{"not_picked":["Headbutt","Dropkick","Dark Embrace"],"picked":"SKIP","floor":18},{"not_picked":["Anger","Clash","Thunderclap+1"],"picked":"SKIP","floor":18},{"not_picked":["Sever Soul","Thunderclap"],"picked":"Body Slam","floor":21},{"not_picked":["Combust","Perfected Strike+1","Reckless Charge"],"picked":"SKIP","floor":21}],"player_experience":4305546,"relics_obtained":[{"floor":6,"key":"Smiling Mask"},{"floor":8,"key":"Red Skull"},{"floor":12,"key":"Bottled Flame"},{"floor":13,"key":"Prayer Wheel"}],"event_choices":[{"cards_removed":["Twin Strike"],"damage_healed":0,"gold_gain":0,"player_choice":"Card Removal","damage_taken":0,"max_hp_gain":0,"max_hp_loss":0,"event_name":"The Cleric","floor":2,"gold_loss":75},{"damage_healed":0,"gold_gain":75,"player_choice":"Gather Gold","damage_taken":11,"max_hp_gain":0,"max_hp_loss":0,"event_name":"World of Goop","floor":4,"gold_loss":0},{"damage_healed":0,"gold_gain":0,"player_choice":"Success","damage_taken":11,"relics_obtained":["Blood Vial"],"max_hp_gain":0,"max_hp_loss":0,"event_name":"Scrap Ooze","floor":5,"gold_loss":0},{"damage_healed":0,"gold_gain":0,"player_choice":"Lose Max HP","damage_taken":0,"relics_obtained":["Golden Idol"],"max_hp_gain":0,"max_hp_loss":7,"event_name":"Golden Idol","floor":10,"gold_loss":0},{"damage_healed":0,"gold_gain":0,"cards_transformed":["Cleave","Infernal Blade"],"player_choice":"Became Test Subject","damage_taken":0,"max_hp_gain":0,"max_hp_loss":0,"event_name":"Drug Dealer","floor":19,"gold_loss":0,"cards_obtained":["Disarm","Limit Break"]},{"cards_removed":["Intimidate"],"damage_healed":0,"gold_gain":0,"player_choice":"Purged","damage_taken":0,"max_hp_gain":0,"max_hp_loss":0,"event_name":"Purifier","floor":20,"gold_loss":0}],"is_beta":false,"boss_relics":[{"not_picked":["Black Blood","Tiny House"],"picked":"Ectoplasm"}],"items_purged_floors":[],"is_endless":false,"potions_floor_spawned":[3,6,12,14,18,21],"killed_by":"Gremlin Leader","ascension_level":20}}