{"host":"j06fkfseroga8i8e","time":1608673670,"event":{"mods":["BaseMod","Bestiary","Colored Map","Colored Powertips","Minty Spire (QoL Compilation)","Relic Stats","StSLib","everything is the same but u backflip on backflip"],"gold_per_floor":[112,44,9,9,9,41,41,69,92,92,111,111,136,156,156,235,235,249,264,189,131,151,182,182,210,235,135,157,157,207,228,228,312,312,340,369,378,378,378,378,413,422,422,444,478,478,488,514,523,523],"floor_reached":51,"playtime":1690,"items_purged":["Slice+1","Poisoned Stab+1"],"score":1293,"play_id":"7e16664e-3337-4840-9089-6cf9157be1fe","local_time":"20201222164750","is_ascension_mode":true,"campfire_choices":[{"data":"Footwork","floor":7.0,"key":"SMITH"},{"data":"Blur","floor":12.0,"key":"SMITH"},{"data":"Survivor","floor":15.0,"key":"SMITH"},{"data":"Wraith Form v2","floor":24.0,"key":"SMITH"},{"floor":32.0,"key":"REST"},{"data":"Wraith Form v2","floor":40.0,"key":"SMITH"},{"floor":42.0,"key":"REST"},{"floor":49.0,"key":"REST"}],"circlet_count":0,"master_deck":["AscendersBane","Survivor+1","Neutralize+1","Footwork+1","Blur+1","Unload+1","Dagger Throw+1","Glass Knife+1","Bane+1","Malaise","Die Die Die+1","Dash+1","Die Die Die+1","Wraith Form v2+1","Envenom","PiercingWail","Night Terror+1","Backflip","Leg Sweep","Deadly Poison+1","Blur+1","Calculated Gamble+1","Wraith Form v2+1","PiercingWail+1","Grand Finale+1","Panacea+1","Blade Dance+1","Backstab+1","Footwork+1","Acrobatics+1","Distraction+1","Crippling Poison+1"],"relics":["Ring of the Snake","NeowsBlessing","Molten Egg 2","Lantern","Gremlin Horn","Whetstone","White Beast Statue","Bag of Preparation","Pandora\u0027s Box","Sundial","Toxic Egg 2","Thread and Needle","CeramicFish","Bag of Marbles","SacredBark","Dream Catcher","Pear","StoneCalendar"],"acts_visited":["Exordium","TheCity","TheBeyond"],"potions_floor_usage":[50],"damage_taken":[{"damage":0.0,"enemies":"Cultist","floor":1.0,"turns":1.0},{"damage":0.0,"enemies":"Gremlin Nob","floor":6.0,"turns":1.0},{"damage":0.0,"enemies":"Lagavulin","floor":8.0,"turns":1.0},{"damage":0.0,"enemies":"Jaw Worm","floor":11.0,"turns":3.0},{"damage":2.0,"enemies":"3 Sentries","floor":13.0,"turns":4.0},{"damage":0.0,"enemies":"Small Slimes","floor":14.0,"turns":2.0},{"damage":25.0,"enemies":"The Guardian","floor":16.0,"turns":15.0},{"damage":0.0,"enemies":"Chosen","floor":18.0,"turns":2.0},{"damage":0.0,"enemies":"Spheric Guardian","floor":19.0,"turns":1.0},{"damage":7.0,"enemies":"Snecko","floor":22.0,"turns":4.0},{"damage":12.0,"enemies":"Slavers","floor":23.0,"turns":4.0},{"damage":16.0,"enemies":"Book of Stabbing","floor":25.0,"turns":8.0},{"damage":4.0,"enemies":"Chosen and Byrds","floor":28.0,"turns":4.0},{"damage":3.0,"enemies":"Snake Plant","floor":31.0,"turns":4.0},{"damage":20.0,"enemies":"Automaton","floor":33.0,"turns":19.0},{"damage":0.0,"enemies":"Orb Walker","floor":35.0,"turns":3.0},{"damage":0.0,"enemies":"3 Darklings","floor":36.0,"turns":3.0},{"damage":8.0,"enemies":"Reptomancer","floor":41.0,"turns":7.0},{"damage":20.0,"enemies":"Maw","floor":44.0,"turns":7.0},{"damage":0.0,"enemies":"Mind Bloom Boss Battle","floor":45.0,"turns":10.0},{"damage":16.0,"enemies":"Writhing Mass","floor":47.0,"turns":6.0},{"damage":28.0,"enemies":"Spire Growth","floor":48.0,"turns":7.0},{"damage":57,"enemies":"Awakened One","floor":50,"turns":15}],"seed_played":"-3523282870502326143","potions_obtained":[{"floor":1.0,"key":"SkillPotion"},{"floor":8.0,"key":"Swift Potion"},{"floor":13.0,"key":"GamblersBrew"},{"floor":31.0,"key":"EntropicBrew"},{"floor":33.0,"key":"SteroidPotion"},{"floor":35.0,"key":"SpeedPotion"},{"floor":36.0,"key":"FairyPotion"}],"is_trial":false,"path_per_floor":["M","$","?","?","$","E","R","E","T","T","M","R","E","M","R","B",null,"M","M","$","?","M","E","R","E","T","$","M","?","T","M","R","B",null,"M","M","?","?","?","R","E","R","T","M","?","?","M","M","R","B",null],"character_chosen":"THE_SILENT","items_purchased":["Blur"],"campfire_rested":3,"item_purchase_floors":[2],"current_hp_per_floor":[59,59,66,59,59,59,59,59,59,59,59,59,57,57,57,32,58,58,58,58,58,51,39,39,23,23,23,19,19,19,16,35,15,53,53,53,53,53,53,53,45,64,74,54,54,54,38,10,32,21],"gold":523,"neow_bonus":"THREE_ENEMY_KILL","is_daily":false,"chose_seed":false,"campfire_upgraded":5,"win_rate":0.0,"timestamp":1608673670,"path_taken":["M","$","?","?","$","E","R","E","T","?","M","R","E","M","R","BOSS","M","?","$","?","M","E","R","E","T","$","?","?","?","M","R","BOSS","M","M","?","?","?","R","E","R","T","M","?","?","M","?","R","BOSS"],"items_purchased_type":["Card"],"build_version":"2020-12-13","purchased_purges":2,"victory":true,"max_hp_per_floor":[66,66,66,66,66,66,66,66,66,66,66,66,66,66,66,66,66,66,66,66,66,66,66,66,66,66,66,66,66,66,66,66,66,66,66,66,66,66,66,66,66,66,76,76,76,76,76,76,76,76],"relic_stats":{"Dream Catcher":2,"Gremlin Horn":[18,18],"counters":[23,131],"Sundial":[14],"CeramicFish":108,"Pandora\u0027s Box":["Bane","Malaise","Die Die Die","Dash","Slice","Die Die Die","Wraith Form v2","Envenom","PiercingWail","Night Terror"],"StoneCalendar":[0],"Bag of Preparation":[36],"Whetstone":["Neutralize","Strike_G"],"obtain_stats":[{"Lantern":6,"Pear":43,"NeowsBlessing":0,"Gremlin Horn":8,"CeramicFish":26,"SacredBark":34,"Thread and Needle":25,"StoneCalendar":45,"Bag of Preparation":13,"Whetstone":9,"White Beast Statue":10,"Dream Catcher":41,"Sundial":21,"Molten Egg 2":4,"Pandora\u0027s Box":17,"Bag of Marbles":30,"Toxic Egg 2":23,"Ring of the Snake":0},{"Lantern":2,"Pear":18,"NeowsBlessing":0,"Gremlin Horn":3,"CeramicFish":12,"SacredBark":15,"Thread and Needle":12,"StoneCalendar":20,"Bag of Preparation":5,"Whetstone":3,"White Beast Statue":3,"Dream Catcher":18,"Sundial":9,"Molten Egg 2":1,"Pandora\u0027s Box":7,"Bag of Marbles":13,"Toxic Egg 2":11,"Ring of the Snake":0},{"Lantern":2,"Pear":86,"NeowsBlessing":0,"Gremlin Horn":3,"CeramicFish":46,"SacredBark":73,"Thread and Needle":46,"StoneCalendar":103,"Bag of Preparation":10,"Whetstone":3,"White Beast Statue":3,"Dream Catcher":86,"Sundial":30,"Molten Egg 2":1,"Pandora\u0027s Box":27,"Bag of Marbles":50,"Toxic Egg 2":38,"Ring of the Snake":0}],"Ring of the Snake":[46]},"card_choices":[{"not_picked":["Slice","All Out Attack"],"picked":"Footwork","floor":1.0},{"not_picked":["Concentrate","Deflect"],"picked":"Unload+1","floor":6.0},{"not_picked":["Choke+1","PiercingWail"],"picked":"Riddle With Holes+1","floor":8.0},{"not_picked":["Dodge and Roll","Deadly Poison","Slice+1"],"picked":"SKIP","floor":11.0},{"not_picked":["Choke+1","Caltrops"],"picked":"Dagger Throw+1","floor":13.0},{"not_picked":["Prepared","Infinite Blades"],"picked":"Poisoned Stab+1","floor":14.0},{"not_picked":["Wraith Form v2","Unload+1"],"picked":"Glass Knife+1","floor":16.0},{"not_picked":["Dagger Throw+1","Deadly Poison"],"picked":"Backflip","floor":18.0},{"not_picked":["Masterful Stab+1","Dagger Spray+1"],"picked":"Leg Sweep","floor":19.0},{"not_picked":["Catalyst+1","Flying Knee+1","Acrobatics"],"picked":"SKIP","floor":22.0},{"not_picked":["Noxious Fumes","Escape Plan+1"],"picked":"Deadly Poison+1","floor":23.0},{"not_picked":["Dodge and Roll+1","Tools of the Trade"],"picked":"Cloak And Dagger+1","floor":25.0},{"not_picked":["Deflect+1","Expertise+1"],"picked":"Blur+1","floor":28.0},{"not_picked":["Prepared+1","Deflect+1"],"picked":"Calculated Gamble+1","floor":31.0},{"not_picked":["A Thousand Cuts","Malaise+1"],"picked":"Wraith Form v2","floor":33.0},{"not_picked":["Deflect+1","Leg Sweep+1"],"picked":"PiercingWail+1","floor":35.0},{"not_picked":["Bane+1","PiercingWail+1"],"picked":"Grand Finale+1","floor":36.0},{"not_picked":["Good Instincts+1","Thinking Ahead+1"],"picked":"Panacea+1","floor":37.0},{"not_picked":["Escape Plan+1","Predator+1"],"picked":"Blade Dance+1","floor":41.0},{"not_picked":["Outmaneuver+1","Calculated Gamble+1"],"picked":"Backstab+1","floor":42.0},{"not_picked":["Leg Sweep+1","Underhanded Strike+1"],"picked":"Footwork+1","floor":44.0},{"not_picked":["Backflip+1","Deflect+1"],"picked":"Acrobatics+1","floor":45.0},{"not_picked":["Eviscerate+1","Flying Knee+1","Acrobatics+1"],"picked":"SKIP","floor":47.0},{"not_picked":["Dagger Spray+1","Prepared+1"],"picked":"Distraction+1","floor":48.0},{"not_picked":["Dodge and Roll+1","Expertise+1"],"picked":"Crippling Poison+1","floor":49.0}],"player_experience":548707,"relics_obtained":[{"floor":6.0,"key":"Lantern"},{"floor":8.0,"key":"Gremlin Horn"},{"floor":9.0,"key":"Whetstone"},{"floor":10.0,"key":"White Beast Statue"},{"floor":13.0,"key":"Bag of Preparation"},{"floor":23.0,"key":"Toxic Egg 2"},{"floor":25.0,"key":"Thread and Needle"},{"floor":26.0,"key":"CeramicFish"},{"floor":30.0,"key":"Bag of Marbles"},{"floor":41.0,"key":"Dream Catcher"},{"floor":43.0,"key":"Pear"},{"floor":45.0,"key":"StoneCalendar"}],"event_choices":[{"damage_healed":16.0,"max_hp_gain":0.0,"max_hp_loss":0.0,"gold_gain":0.0,"event_name":"The Cleric","player_choice":"Healed","floor":3.0,"gold_loss":35.0,"damage_taken":0.0},{"damage_healed":0.0,"max_hp_gain":0.0,"max_hp_loss":0.0,"gold_gain":0.0,"event_name":"Scrap Ooze","player_choice":"Success","floor":4.0,"gold_loss":0.0,"damage_taken":7.0,"relics_obtained":["Molten Egg 2"]},{"damage_healed":0.0,"max_hp_gain":0.0,"max_hp_loss":0.0,"gold_gain":0.0,"event_name":"WeMeetAgain","player_choice":"Paid Gold","floor":21.0,"gold_loss":58.0,"damage_taken":0.0,"relics_obtained":["Sundial"]},{"cards_removed":["Riddle With Holes"],"damage_healed":0.0,"max_hp_gain":0.0,"max_hp_loss":0.0,"gold_gain":0.0,"event_name":"Back to Basics","player_choice":"Elegance","floor":29.0,"gold_loss":0.0,"damage_taken":0.0},{"damage_healed":0.0,"max_hp_gain":0.0,"max_hp_loss":0.0,"gold_gain":0.0,"event_name":"SensoryStone","player_choice":"Memory 1","floor":37.0,"gold_loss":0.0,"damage_taken":0.0},{"cards_removed":["Cloak And Dagger"],"damage_healed":0.0,"max_hp_gain":0.0,"max_hp_loss":0.0,"gold_gain":0.0,"event_name":"Falling","player_choice":"Removed Skill","floor":38.0,"gold_loss":0.0,"damage_taken":0.0},{"damage_healed":0.0,"max_hp_gain":0.0,"max_hp_loss":0.0,"gold_gain":0.0,"event_name":"Tomb of Lord Red Mask","player_choice":"Ignored","floor":39.0,"gold_loss":0.0,"damage_taken":0.0},{"damage_healed":0.0,"max_hp_gain":0.0,"max_hp_loss":0.0,"gold_gain":0.0,"event_name":"MindBloom","player_choice":"Fight","floor":45.0,"gold_loss":0.0,"damage_taken":0.0},{"damage_healed":0.0,"max_hp_gain":0.0,"max_hp_loss":0.0,"gold_gain":0.0,"event_name":"Upgrade Shrine","player_choice":"Upgraded","floor":46.0,"gold_loss":0.0,"damage_taken":0.0,"cards_upgraded":["Night Terror"]}],"is_beta":false,"boss_relics":[{"not_picked":["HoveringKite","Black Star"],"picked":"Pandora\u0027s Box"},{"not_picked":["WristBlade","Empty Cage"],"picked":"SacredBark"}],"items_purged_floors":[20,27],"is_endless":false,"potions_floor_spawned":[1,8,11,13,14,16,18,19,22,23,25,28,31,33,35,36,41,44,45,47,48],"ascension_level":14}}