{"host":"m3herrhkesxm9ooc","time":1608632667,"event":{"mods":["BaseMod","Hermit","Minty Spire (QoL Compilation)","StSLib","The Hierophant"],"gold_per_floor":[113,132,146,146,146,146,164,164,164,193,158,158,189,209,209,283,283,300,300,7,7,7,36,36,61,130,148,148,148,148,148,148,225,225,243,243,256,12,23,23,23,52,52,0,11,24,24,49,49,49,49],"floor_reached":50,"playtime":1919,"items_purged":[],"score":1196,"play_id":"ad2b4760-4f25-40de-93a7-86a429cefa11","local_time":"20201222192427","is_ascension_mode":true,"campfire_choices":[{"data":"hermit:Maintenance","floor":6.0,"key":"SMITH"},{"floor":8.0,"key":"REST"},{"data":"hermit:Magnum","floor":12.0,"key":"SMITH"},{"data":"hermit:HighCaliber","floor":15.0,"key":"SMITH"},{"floor":24.0,"key":"DIG"},{"data":"1","floor":28.0,"key":"LIFT"},{"data":"2","floor":32.0,"key":"LIFT"},{"data":"3","floor":40,"key":"LIFT"},{"floor":47,"key":"DIG"},{"floor":49,"key":"DIG"}],"circlet_count":0,"master_deck":["AscendersBane","hermit:Strike_Hermit+1","hermit:Strike_Hermit+1","hermit:Strike_Hermit+1","hermit:Strike_Hermit+1","hermit:Defend_Hermit+1","hermit:Defend_Hermit+1","hermit:Defend_Hermit+1","hermit:Defend_Hermit+1","hermit:Snapshot+1","hermit:Covet+1","hermit:Ricochet+1","hermit:SprayPray+1","hermit:Maintenance+1","Regret","hermit:Glare+1","hermit:Magnum+1","hermit:Headshot+1","hermit:HighCaliber+1","hermit:FinalCanter+1","CurseOfTheBell","hermit:Gestalt+1","Writhe","hermit:ShadowCloak+1","hermit:HighCaliber+1","hermit:Virtue+1","hermit:HighCaliber+1","Decay","hermit:Enervate+1","hermit:Strike_Hermit+1","hermit:BodyArmor+1","hermit:ShadowCloak"],"relics":["hermit:Momento","Du-Vu Doll","Pantograph","Ornamental Fan","Juzu Bracelet","Shovel","Calling Bell","Lantern","Blue Candle","Pocketwatch","Gremlin Horn","Shuriken","Girya","Turnip","Thread and Needle","InkBottle","Singing Bowl","hermit:DentedPlate","Sling","Mark of the Bloom","Letter Opener","Kunai","The Courier","Torii","MealTicket","PreservedInsect"],"acts_visited":["Exordium","TheCity","TheBeyond"],"potions_floor_usage":[42,48,50],"damage_taken":[{"damage":1.0,"enemies":"Cultist","floor":1.0,"turns":3.0},{"damage":5.0,"enemies":"Small Slimes","floor":2.0,"turns":3.0},{"damage":2.0,"enemies":"Jaw Worm","floor":3.0,"turns":2.0},{"damage":9.0,"enemies":"Exordium Thugs","floor":7.0,"turns":3.0},{"damage":15.0,"enemies":"Lagavulin","floor":10.0,"turns":6.0},{"damage":10.0,"enemies":"Gremlin Nob","floor":13.0,"turns":3.0},{"damage":6.0,"enemies":"Looter","floor":14.0,"turns":2.0},{"damage":32.0,"enemies":"The Guardian","floor":16.0,"turns":6.0},{"damage":10.0,"enemies":"Shell Parasite","floor":18.0,"turns":2.0},{"damage":3.0,"enemies":"Gremlin Leader","floor":23.0,"turns":4.0},{"damage":19.0,"enemies":"Book of Stabbing","floor":25.0,"turns":4.0},{"damage":2.0,"enemies":"2 Thieves","floor":27.0,"turns":2.0},{"damage":4.0,"enemies":"Collector","floor":33.0,"turns":7.0},{"damage":0.0,"enemies":"3 Darklings","floor":35.0,"turns":2.0},{"damage":4.0,"enemies":"Orb Walker","floor":37.0,"turns":2.0},{"damage":9.0,"enemies":"4 Shapes","floor":39.0,"turns":3.0},{"damage":13,"enemies":"Nemesis","floor":42,"turns":3},{"damage":7,"enemies":"Spire Growth","floor":45,"turns":4},{"damage":6,"enemies":"Maw","floor":46,"turns":5},{"damage":0,"enemies":"Reptomancer","floor":48,"turns":2},{"damage":67,"enemies":"Time Eater","floor":50,"turns":5}],"seed_played":"-5331448443771598683","potions_obtained":[{"floor":0.0,"key":"hermit:Tonic"},{"floor":0.0,"key":"SneckoOil"},{"floor":7.0,"key":"LiquidBronze"},{"floor":10.0,"key":"Fire Potion"},{"floor":25.0,"key":"LiquidMemories"},{"floor":33.0,"key":"FearPotion"},{"floor":37.0,"key":"Regen Potion"},{"floor":46,"key":"GamblersBrew"}],"is_trial":false,"path_per_floor":["M","M","M","?","T","R","M","R","T","E","?","R","E","M","R","B",null,"M","?","$","?","?","E","R","E","T","M","R","?","T","?","R","B",null,"M","?","M","$","M","R","?","E","T","?","M","M","R","E","R","B"],"character_chosen":"HERMIT","items_purchased":["Shuriken","hermit:ShadowCloak","Sling","Strength Potion","hermit:BodyArmor"],"campfire_rested":1,"item_purchase_floors":[20,20,38,38,38],"current_hp_per_floor":[63,58,56,56,56,56,47,68,68,53,70,70,60,54,54,39,63,53,53,53,53,67,64,64,45,45,43,43,43,43,43,43,66,98,100,100,98,98,91,91,91,78,78,78,71,65,65,65,65,0,0],"gold":49,"neow_bonus":"THREE_SMALL_POTIONS","is_daily":false,"chose_seed":false,"campfire_upgraded":3,"win_rate":0.0,"timestamp":1608632667,"path_taken":["M","M","?","?","?","R","M","R","T","E","?","R","E","M","R","BOSS","M","?","$","?","?","E","R","E","T","M","R","?","?","?","R","BOSS","M","?","M","$","M","R","?","E","T","?","M","M","R","E","R","BOSS"],"items_purchased_type":["Relic","Card","Relic","Potion","Card"],"build_version":"2020-12-13","purchased_purges":0,"victory":false,"max_hp_per_floor":[71,71,71,71,71,71,71,71,71,71,71,71,71,71,71,71,71,71,71,71,71,71,71,71,71,71,71,71,71,71,71,71,73,105,107,107,109,109,111,111,111,113,113,113,115,115,115,117,117,117,117],"card_choices":[{"not_picked":["hermit:Feint","hermit:CalledShot"],"picked":"hermit:Ricochet","floor":1.0},{"not_picked":["hermit:LowProfile","hermit:Ricochet"],"picked":"hermit:SprayPray","floor":2.0},{"not_picked":["hermit:Midnight","hermit:Brawl"],"picked":"hermit:Maintenance","floor":3.0},{"not_picked":["hermit:Maintenance","hermit:Grudge"],"picked":"hermit:Glare","floor":7.0},{"not_picked":["hermit:EyeOfTheStorm","hermit:CalledShot"],"picked":"hermit:Magnum","floor":10.0},{"not_picked":["hermit:Dive","hermit:Snipe"],"picked":"hermit:Headshot","floor":13.0},{"not_picked":["hermit:CalledShot","hermit:Coalescence"],"picked":"hermit:HighCaliber","floor":14.0},{"not_picked":["hermit:OverwhelmingPower","hermit:Purgatory"],"picked":"hermit:FinalCanter","floor":16.0},{"not_picked":["hermit:BigShot","hermit:Enervate"],"picked":"hermit:Gestalt","floor":18.0},{"not_picked":["hermit:Misfire","hermit:HoleUp+1"],"picked":"hermit:HighCaliber","floor":23.0},{"not_picked":["hermit:Gambit","hermit:Roulette"],"picked":"hermit:Virtue+1","floor":25.0},{"not_picked":["hermit:ItchyTrigger","hermit:Horror"],"picked":"hermit:HighCaliber","floor":27.0},{"not_picked":["hermit:Reprieve","hermit:RoundhouseKick","hermit:Adapt"],"picked":"Singing Bowl","floor":33.0},{"not_picked":["hermit:HighCaliber","hermit:Roulette","hermit:Ricochet+1"],"picked":"Singing Bowl","floor":35.0},{"not_picked":["hermit:WideOpen","hermit:Coalescence+1","hermit:Maintenance"],"picked":"Singing Bowl","floor":37.0},{"not_picked":["hermit:Desperado","hermit:HoleUp","hermit:CalledShot+1"],"picked":"Singing Bowl","floor":39.0},{"not_picked":["hermit:Scavenge","hermit:TrackingShot","hermit:ItchyTrigger"],"picked":"Singing Bowl","floor":42},{"not_picked":["hermit:Purgatory","hermit:Manifest","hermit:Snipe"],"picked":"Singing Bowl","floor":45},{"not_picked":["hermit:Enervate","hermit:Horror"],"picked":"hermit:ShadowCloak","floor":46},{"not_picked":["hermit:ItchyTrigger","hermit:HighCaliber","hermit:GhostlyPresence"],"picked":"Singing Bowl","floor":48}],"player_experience":648724,"relics_obtained":[{"floor":5.0,"key":"Pantograph"},{"floor":9.0,"key":"Ornamental Fan"},{"floor":10.0,"key":"Juzu Bracelet"},{"floor":13.0,"key":"Shovel"},{"floor":17.0,"key":"Lantern"},{"floor":17.0,"key":"Blue Candle"},{"floor":17.0,"key":"Pocketwatch"},{"floor":23.0,"key":"Girya"},{"floor":24.0,"key":"Turnip"},{"floor":25.0,"key":"Thread and Needle"},{"floor":26.0,"key":"InkBottle"},{"floor":30.0,"key":"Singing Bowl"},{"floor":42,"key":"Letter Opener"},{"floor":43,"key":"Kunai"},{"floor":47,"key":"Torii"},{"floor":48,"key":"MealTicket"},{"floor":49,"key":"PreservedInsect"}],"event_choices":[{"damage_healed":0.0,"max_hp_gain":0.0,"max_hp_loss":0.0,"gold_gain":0.0,"event_name":"Big Fish","player_choice":"Box","floor":4.0,"gold_loss":0.0,"damage_taken":0.0,"relics_obtained":["Du-Vu Doll"],"cards_obtained":["Regret"]},{"damage_healed":17.0,"max_hp_gain":0.0,"max_hp_loss":0.0,"gold_gain":0.0,"event_name":"The Cleric","player_choice":"Healed","floor":11.0,"gold_loss":35.0,"damage_taken":0.0},{"damage_healed":0.0,"max_hp_gain":0.0,"max_hp_loss":0.0,"gold_gain":0.0,"event_name":"The Mausoleum","player_choice":"Opened","floor":19.0,"gold_loss":0.0,"damage_taken":0.0,"relics_obtained":["Gremlin Horn"],"cards_obtained":["Writhe"]},{"damage_healed":0.0,"max_hp_gain":0.0,"max_hp_loss":0.0,"gold_gain":0.0,"event_name":"Purifier","player_choice":"Ignored","floor":21.0,"gold_loss":0.0,"damage_taken":0.0},{"damage_healed":14.0,"max_hp_gain":0.0,"max_hp_loss":0.0,"gold_gain":0.0,"event_name":"The Library","player_choice":"Heal","floor":22.0,"gold_loss":0.0,"damage_taken":0.0},{"damage_healed":0.0,"max_hp_gain":0.0,"max_hp_loss":0.0,"gold_gain":0.0,"event_name":"Forgotten Altar","player_choice":"Smashed Altar","floor":29.0,"gold_loss":0.0,"damage_taken":0.0,"cards_obtained":["Decay"]},{"damage_healed":0.0,"max_hp_gain":0.0,"max_hp_loss":0.0,"gold_gain":0.0,"event_name":"Match and Keep!","player_choice":"2 cards matched","floor":31.0,"gold_loss":0.0,"damage_taken":0.0,"cards_obtained":["hermit:Enervate","hermit:Strike_Hermit"]},{"damage_healed":0.0,"max_hp_gain":0.0,"max_hp_loss":0.0,"gold_gain":0.0,"event_name":"Tomb of Lord Red Mask","player_choice":"Ignored","floor":36.0,"gold_loss":0.0,"damage_taken":0.0},{"damage_healed":0,"gold_gain":0,"player_choice":"Upgrade","damage_taken":0,"relics_obtained":["Mark of the Bloom"],"max_hp_gain":0,"max_hp_loss":0,"event_name":"MindBloom","floor":41,"gold_loss":0,"cards_upgraded":["hermit:Strike_Hermit","hermit:Strike_Hermit","hermit:Strike_Hermit","hermit:Strike_Hermit","hermit:Defend_Hermit","hermit:Defend_Hermit","hermit:Defend_Hermit","hermit:Defend_Hermit","hermit:Snapshot","hermit:Covet","hermit:Ricochet","hermit:SprayPray","hermit:Glare","hermit:Headshot","hermit:FinalCanter","hermit:Gestalt","hermit:ShadowCloak","hermit:HighCaliber","hermit:HighCaliber","hermit:Enervate","hermit:Strike_Hermit","hermit:BodyArmor"]},{"damage_healed":0,"gold_gain":0,"player_choice":"Paid Gold","damage_taken":0,"relics_obtained":["The Courier"],"max_hp_gain":0,"max_hp_loss":0,"event_name":"WeMeetAgain","floor":44,"gold_loss":52}],"is_beta":false,"boss_relics":[{"not_picked":["Busted Crown","Black Star"],"picked":"Calling Bell"},{"not_picked":["Runic Pyramid","SlaversCollar"],"picked":"hermit:DentedPlate"}],"items_purged_floors":[],"is_endless":false,"potions_floor_spawned":[7,10,14,25,33,37,39,46],"killed_by":"Time Eater","ascension_level":15}}