{"host":"1zjc08c6hob33401","time":1608669775,"event":{"mods":["AchievementEnabler","Act Like it!","Aspiration","BaseMod","Downfall","Energized Spire","GifTheSpireLib","Hermit","Hubris","Infinite Spire","Jedi Mod","Jorbs\u0027s Wanderer Trilogy","Minty Spire (QoL Compilation)","Pale of the Ancients","Quick Restart","Replay The Spire","Retaliation","Shop Mod","StSLib","Stuff the Spire","Swap Starting Deck Mod","The Blue Laboratory","The Gatherer","The Poker Player","The Runesmith","Wandering Minibosses"],"gold_per_floor":[114,114,134,134,149,184,184,211,211,211,223,223,19,49,49,153,153,167,167,19,19,19,53,53,72,126,142,160,160,160,171,171,171,171],"floor_reached":33,"playtime":2311,"items_purged":["Defend_G"],"score":400,"play_id":"b179ddc6-4df5-4842-8489-876e90d07e84","local_time":"20201222224255","is_ascension_mode":true,"campfire_choices":[{"data":"Die Die Die","floor":7.0,"key":"SMITH"},{"data":"Night Terror","floor":10.0,"key":"SMITH"},{"floor":12.0,"key":"REST"},{"data":"jedi:rejectivetoxin","floor":15.0,"key":"SMITH"},{"data":"Gatherer:MindSearch","floor":24.0,"key":"SMITH"},{"data":"expansioncontent:DefensiveMode","floor":29.0,"key":"SMITH"},{"floor":32.0,"key":"REST"}],"circlet_count":0,"master_deck":["Strike_G","Strike_G","Strike_G","Strike_G","Strike_G","Defend_G","Defend_G","Survivor","Neutralize+1","Poisoned Stab+1","StuffTheSpire:MirrorStance","Die Die Die+1","jedi:pocketpoison","Night Terror+1","jedi:pocketpoison","expansioncontent:DefensiveMode+1","Toxin Wave","jedi:rejectivetoxin+1","jedi:studypoison","Deflect","Distraction","Gatherer:MindSearch+1","stsjorbsmod:BookOfTongues+1"],"relics":["Ring of the Snake","aspiration:Lifesprig","ReplayTheSpireMod:TigerMarble","Potion Belt","infinitespire:EmpoweringShard","BargainBundle","jedi:rubbersling","Empty Cage","hubris:AncientText","PrismaticShard","aspiration:HiddenCompartment","Replay:Baseball"],"acts_visited":["Exordium","TheCity"],"potions_floor_usage":[33],"damage_taken":[{"damage":0.0,"enemies":"Cultist","floor":1.0,"turns":5.0},{"damage":0.0,"enemies":"2 Louse","floor":3.0,"turns":3.0},{"damage":4.0,"enemies":"Small Slimes","floor":5.0,"turns":3.0},{"damage":27.0,"enemies":"Replay:BlueRogue","floor":6.0,"turns":4.0},{"damage":15.0,"enemies":"Lagavulin","floor":8.0,"turns":5.0},{"damage":0.0,"enemies":"3 Louse","floor":11.0,"turns":1.0},{"damage":0.0,"enemies":"3 Sentries","floor":14.0,"turns":2.0},{"damage":26.0,"enemies":"Fading Forest","floor":16.0,"turns":11.0},{"damage":17.0,"enemies":"2 Thieves","floor":18.0,"turns":3.0},{"damage":40.0,"enemies":"Slavers","floor":23.0,"turns":4.0},{"damage":14.0,"enemies":"Shell Parasite","floor":25.0,"turns":3.0},{"damage":20.0,"enemies":"Snake Plant","floor":27.0,"turns":2.0},{"damage":13.0,"enemies":"Shelled Parasite and Fungi","floor":28.0,"turns":4.0},{"damage":2.0,"enemies":"Centurion and Healer","floor":31.0,"turns":5.0},{"damage":60,"enemies":"Automaton","floor":33,"turns":6}],"seed_played":"-5629928994891693173","potions_obtained":[{"floor":3.0,"key":"DuplicationPotion"},{"floor":5.0,"key":"SmokeBomb"},{"floor":8.0,"key":"BlessingOfTheForge"},{"floor":14.0,"key":"FearPotion"},{"floor":18.0,"key":"blueLaboratory:EnragingPotion"},{"floor":27.0,"key":"BlessingOfTheForge"},{"floor":31.0,"key":"champ:CounterPotion"}],"is_trial":false,"path_per_floor":["M","T","M","?","M","E","R","E","T","R","M","R","$","E","R","B",null,"M","?","$","?","?","E","R","M","T","M","M","R","?","M","R","B"],"character_chosen":"THE_SILENT","items_purchased":["BargainBundle","expansioncontent:DefensiveMode","Toxin Wave","Milkshake","blueLaboratory:PyrophylliteBrew","EntropicBrew","hubris:AncientText"],"campfire_rested":2,"item_purchase_floors":[13,13,13,13,13,13,20],"current_hp_per_floor":[63,63,63,63,59,32,32,17,17,17,17,38,38,38,38,20,58,41,64,64,56,56,16,16,2,2,40,27,27,27,25,43,0,0],"gold":171,"neow_bonus":"UPGRADE_CARD","is_daily":false,"chose_seed":false,"campfire_upgraded":5,"win_rate":0.0,"timestamp":1608669775,"path_taken":["M","?","M","?","M","E","R","E","T","R","M","R","$","E","R","BOSS","M","?","$","?","?","E","R","M","T","M","M","R","?","?","R","BOSS"],"items_purchased_type":["Relic","Card","Card","Potion","Potion","Potion","Relic"],"build_version":"2020-12-13","purchased_purges":1,"victory":false,"max_hp_per_floor":[70,70,70,70,70,70,70,70,70,70,70,70,70,70,70,70,70,70,70,70,70,70,70,70,70,70,60,60,60,60,60,60,60,60],"card_choices":[{"not_picked":["PiercingWail","Blade Dance"],"picked":"Poisoned Stab","floor":1.0},{"not_picked":["Dagger Spray","Dagger Throw"],"picked":"StuffTheSpire:MirrorStance","floor":3.0},{"not_picked":["StuffTheSpire:MirrorStance","Toxin Wave"],"picked":"Die Die Die","floor":5.0},{"not_picked":["Prepared","Outmaneuver"],"picked":"jedi:pocketpoison","floor":6.0},{"not_picked":["hubris:Counter","Prepared"],"picked":"Night Terror","floor":8.0},{"not_picked":["jedi:unstablefumes","Cloak And Dagger"],"picked":"jedi:pocketpoison","floor":11.0},{"not_picked":["Accuracy","Deadly Poison"],"picked":"jedi:rejectivetoxin","floor":14.0},{"not_picked":["Storm of Steel","Unload"],"picked":"jedi:studypoison","floor":16.0},{"not_picked":["Backflip","Outmaneuver"],"picked":"Deflect","floor":18.0},{"not_picked":["Backflip+1","Slice"],"picked":"Distraction","floor":21.0},{"not_picked":["ReplayTheSpireMod:Reroute Power+1","champ:Haymaker"],"picked":"Gatherer:MindSearch","floor":23.0},{"not_picked":["stsjorbsmod:GatheringEvil","Gatherer:Liquidism","Gatherer:Solidify"],"picked":"SKIP","floor":25.0},{"not_picked":["champ:BringItOn+1","stsjorbsmod:Phantasm","sneckomod:UnknownX+1"],"picked":"SKIP","floor":27.0},{"not_picked":["Guardian:Harden","stsjorbsmod:ColorSpray"],"picked":"stsjorbsmod:BookOfTongues","floor":28.0},{"not_picked":["Slimebound:FirmFortitude+1","Slimebound:SplitAcid","ReplayTheSpireMod:Muscle Training"],"picked":"SKIP","floor":31.0}],"player_experience":475143,"relics_obtained":[{"floor":2.0,"key":"aspiration:Lifesprig"},{"floor":6.0,"key":"ReplayTheSpireMod:TigerMarble"},{"floor":8.0,"key":"Potion Belt"},{"floor":9.0,"key":"infinitespire:EmpoweringShard"},{"floor":14.0,"key":"jedi:rubbersling"},{"floor":21.0,"key":"PrismaticShard"},{"floor":23.0,"key":"aspiration:HiddenCompartment"},{"floor":26.0,"key":"Replay:Baseball"}],"event_choices":[{"damage_healed":23.0,"max_hp_gain":0.0,"max_hp_loss":0.0,"gold_gain":0.0,"event_name":"The Library","player_choice":"Heal","floor":19.0,"gold_loss":0.0,"damage_taken":0.0},{"damage_healed":0.0,"max_hp_gain":0.0,"max_hp_loss":0.0,"gold_gain":0.0,"event_name":"Upgrade Shrine","player_choice":"Upgraded","floor":30.0,"gold_loss":0.0,"damage_taken":0.0,"cards_upgraded":["stsjorbsmod:BookOfTongues"]}],"is_beta":false,"boss_relics":[{"not_picked":["Kintsugi","aspiration:RunicSpoon"],"picked":"Empty Cage"}],"items_purged_floors":[13],"is_endless":false,"potions_floor_spawned":[3,5,8,14,18,27,31],"killed_by":"Automaton","ascension_level":6}}