{"host":"qwv9nni2x0umspiu","time":1608607356,"event":{"mods":["BaseMod","Downfall","Minty Spire (QoL Compilation)","Replay The Spire","StSLib","The Hierophant","Wandering Minibosses"],"gold_per_floor":[110,120,133,19,19,19,37,55,55,55,55,55],"floor_reached":11,"playtime":359,"items_purged":["hierophant:Strike_Hierophant"],"score":130,"play_id":"de983926-aac4-4a76-ab5a-f51f4662a8aa","local_time":"20201221192236","is_ascension_mode":true,"campfire_choices":[{"data":"hierophant:Exaltation","floor":6,"key":"SMITH"},{"data":"hierophant:Punish","floor":10,"key":"SMITH"}],"circlet_count":0,"master_deck":["AscendersBane","hierophant:Strike_Hierophant","hierophant:Strike_Hierophant","hierophant:Strike_Hierophant","hierophant:Punish+1","hierophant:Defend_Hierophant","hierophant:Defend_Hierophant","hierophant:Defend_Hierophant","hierophant:Defend_Hierophant","hierophant:ChurchCoffers+1","hierophant:Upheaval","hierophant:Exaltation+1"],"relics":["hierophant:PropheticMaskRelic","NeowsBlessing"],"acts_visited":["Exordium"],"potions_floor_usage":[],"damage_taken":[{"damage":0,"enemies":"2 Louse","floor":1,"turns":1},{"damage":0,"enemies":"Small Slimes","floor":2,"turns":1},{"damage":0,"enemies":"Cultist","floor":3,"turns":1},{"damage":4,"enemies":"Lots of Slimes","floor":7,"turns":3},{"damage":6,"enemies":"2 Fungi Beasts","floor":8,"turns":3},{"damage":0,"enemies":"Lagavulin","floor":11,"turns":1}],"seed_played":"-2620896759494128520","potions_obtained":[{"floor":1,"key":"sneckomod:MuddlingPotion"},{"floor":2,"key":"Elixir"},{"floor":3,"key":"GamblersBrew"}],"is_trial":false,"path_per_floor":["M","M","M","$","?","R","M","M","T","R","E"],"character_chosen":"HIEROPHANT","items_purchased":["hierophant:Exaltation"],"campfire_rested":0,"item_purchase_floors":[4],"current_hp_per_floor":[68,68,68,68,68,68,64,58,58,58,58,58],"gold":55,"neow_bonus":"THREE_ENEMY_KILL","is_daily":false,"chose_seed":false,"campfire_upgraded":2,"win_rate":0.0,"timestamp":1608607356,"path_taken":["M","M","M","$","?","R","M","M","T","R","E"],"items_purchased_type":["Card"],"build_version":"2020-12-13","purchased_purges":1,"victory":false,"max_hp_per_floor":[75,75,75,75,75,75,75,75,75,75,75,75],"card_choices":[{"not_picked":["hierophant:AuricBeam","hierophant:DisplayOfPower","hierophant:Refuge"],"picked":"SKIP","floor":1},{"not_picked":["hierophant:PassingBell","hierophant:RepressedViolence","hierophant:Blessing"],"picked":"SKIP","floor":2},{"not_picked":["hierophant:Glossolalia","hierophant:Encroach"],"picked":"hierophant:Upheaval","floor":3},{"not_picked":["hierophant:RustyCrate","hierophant:Sermon","hierophant:Glossolalia"],"picked":"SKIP","floor":7},{"not_picked":["hierophant:Refuge","hierophant:Charity","hierophant:Sermon"],"picked":"SKIP","floor":8}],"player_experience":1293524,"relics_obtained":[],"event_choices":[{"damage_healed":0,"gold_gain":0,"player_choice":"Grow","damage_taken":0,"max_hp_gain":0,"max_hp_loss":0,"event_name":"Living Wall","floor":5,"gold_loss":0,"cards_upgraded":["hierophant:ChurchCoffers"]}],"is_beta":false,"boss_relics":[],"items_purged_floors":[4],"is_endless":false,"potions_floor_spawned":[1,2,3],"killed_by":"Lagavulin","ascension_level":20}}