{"host":"gj32n68c553yo87c","time":1608676085,"event":{"mods":["BaseMod","Downfall","Minty Spire (QoL Compilation)","Replay The Spire","StSLib","The Exalted"],"gold_per_floor":[117,131,131,146,163,163,163,183,233,91,102,102,122,122,122,222,222,240,140,15,26,36,36,36,50,50,66,66,66,81,93,93,111,111,216,216,232,245,245,15,33,33,60,60,83,83,83,133,152,172,172,172],"floor_reached":53,"playtime":2067,"items_purged":["Bromod:Strike_Bro","Bromod:Defend_Bro","Bromod:Defend_Bro","Bromod:Stormbringer"],"score":585,"play_id":"ada5346f-b16b-44e7-9d67-0a8ced03ab9b","local_time":"20201222142805","is_ascension_mode":false,"campfire_choices":[{"data":"Bromod:NorthWind","floor":6.0,"key":"SMITH"},{"data":"Bromod:SlashDash","floor":12.0,"key":"SMITH"},{"floor":15.0,"key":"REST"},{"data":"Bromod:CollisionForce","floor":23.0,"key":"SMITH"},{"data":"Bromod:RelentlessCombination","floor":32,"key":"SMITH"},{"data":"Bromod:NorthWind","floor":34,"key":"SMITH"},{"data":"Bromod:SlashDash","floor":42,"key":"SMITH"},{"data":"Bromod:LifeStrike","floor":44,"key":"SMITH"},{"floor":51,"key":"REST"}],"circlet_count":0,"master_deck":["Bromod:Strike_Bro","Bromod:SlashDash+1","Bromod:SlashDash+1","Bromod:SlashDash+1","Bromod:NorthWind+1","Bromod:BloodRush+1","Bromod:CollisionForce+1","Bromod:OrganShatter+1","Bromod:NorthWind+1","Bromod:HeatedCharge+1","Bromod:RelentlessCombination+1","Bromod:LifeStrike+1"],"relics":["Bromod:Ordis","Bromod:AscarisDevice","MealTicket","Bromod:ArcaneNullifier","Empty Cage","Potion Belt","Busted Crown","Membership Card","Quantum Egg","Boot","Replay:Arrowhead"],"acts_visited":["Exordium","TheCity","TheBeyond"],"potions_floor_usage":[30,35,43,52,52,52],"damage_taken":[{"damage":1.0,"enemies":"Cultist","floor":1.0,"turns":3.0},{"damage":6.0,"enemies":"Jaw Worm","floor":2.0,"turns":2.0},{"damage":3.0,"enemies":"2 Louse","floor":4.0,"turns":3.0},{"damage":13.0,"enemies":"Red Slaver","floor":5.0,"turns":3.0},{"damage":9.0,"enemies":"Blue Slaver","floor":8.0,"turns":3.0},{"damage":5.0,"enemies":"Lots of Slimes","floor":11.0,"turns":5.0},{"damage":5.0,"enemies":"Looter","floor":13.0,"turns":2.0},{"damage":33.0,"enemies":"The Guardian","floor":16.0,"turns":6.0},{"damage":10.0,"enemies":"2 Thieves","floor":18.0,"turns":3.0},{"damage":0.0,"enemies":"Shell Parasite","floor":21.0,"turns":2.0},{"damage":9.0,"enemies":"Snake Plant","floor":22.0,"turns":2.0},{"damage":0,"enemies":"3 Cultists","floor":25,"turns":3},{"damage":2,"enemies":"Centurion and Healer","floor":27,"turns":3},{"damage":0,"enemies":"Snecko","floor":30,"turns":2},{"damage":1,"enemies":"Sentry and Sphere","floor":31,"turns":3},{"damage":6,"enemies":"Centurion and Healer","floor":33,"turns":3},{"damage":0,"enemies":"Champ","floor":35,"turns":5},{"damage":4,"enemies":"Orb Walker","floor":37,"turns":2},{"damage":3,"enemies":"3 Shapes","floor":38,"turns":2},{"damage":14,"enemies":"3 Darklings","floor":41,"turns":3},{"damage":30,"enemies":"Reptomancer","floor":43,"turns":3},{"damage":3,"enemies":"Mind Bloom Boss Battle","floor":48,"turns":3},{"damage":15,"enemies":"Jaw Worm Horde","floor":49,"turns":2},{"damage":16,"enemies":"Maw","floor":50,"turns":4},{"damage":42,"enemies":"Replay:Hell Engine","floor":52,"turns":6}],"seed_played":"-6018669097020315147","potions_obtained":[{"floor":1.0,"key":"DuplicationPotion"},{"floor":4.0,"key":"ColorlessPotion"},{"floor":5.0,"key":"Milkshake"},{"floor":13.0,"key":"Energy Potion"},{"floor":18.0,"key":"Adrenaline Potion"},{"floor":30,"key":"Guardian:BlockOnCardUsePotion"},{"floor":35,"key":"Bromod:EnergyRestore"},{"floor":38,"key":"Guardian:BlockOnCardUsePotion"},{"floor":41,"key":"Bromod:ShieldRestore"}],"is_trial":false,"path_per_floor":["M","M","?","M","M","R","?","M","T","$","M","R","M","?","R","B",null,"M","$","$","M","M","R","?","M","T","M","PTL","PTL","M","M","R","M","R","B",null,"M","M","?","$","M","R","E","R","T","$","?","?","M","M","R","B",null],"character_chosen":"THE_EXALTED","items_purchased":["Bromod:BloodRush","Membership Card"],"campfire_rested":2,"item_purchase_floors":[10,40],"current_hp_per_floor":[74,68,68,65,52,52,52,43,43,58,53,53,48,48,70,37,75,65,75,75,75,66,66,66,66,66,64,64,64,64,63,63,57,57,57,75,71,68,68,75,61,61,31,31,31,46,46,59,56,54,75,66],"gold":172,"neow_bonus":"RANDOM_COMMON_RELIC","is_daily":false,"chose_seed":false,"campfire_upgraded":7,"win_rate":0.0,"timestamp":1608676085,"path_taken":["M","?","?","?","M","R","?","M","T","$","?","R","M","?","R","BOSS","M","?","$","M","M","R","?","M","T","M","PTL","PTL","M","?","R","M","R","BOSS","M","M","?","$","?","R","E","R","T","$","?","?","M","M","R","BOSS"],"items_purchased_type":["Card","Relic"],"build_version":"2020-12-13","purchased_purges":4,"victory":true,"max_hp_per_floor":[75,75,75,75,75,75,75,75,75,75,75,75,75,75,75,75,75,75,75,75,75,75,75,75,75,75,75,75,75,75,75,75,75,75,75,75,75,75,75,75,75,75,75,75,75,75,75,75,75,75,75,75],"card_choices":[{"not_picked":["Bromod:TargetCracker","Bromod:HornetStrike"],"picked":"Bromod:NorthWind","floor":1.0},{"not_picked":["Bromod:SteelCharge","Bromod:RadialBlind","Bromod:SlashDash"],"picked":"SKIP","floor":2.0},{"not_picked":["Bromod:Serration","Bromod:Redirection","Bromod:ReflexCoil"],"picked":"SKIP","floor":4.0},{"not_picked":["Bromod:HornetStrike","Bromod:SlipMagazine","Bromod:FormaBlueprint"],"picked":"SKIP","floor":5.0},{"not_picked":["Bromod:Redirection","Bromod:Foundry","Bromod:FormaBlueprint"],"picked":"SKIP","floor":8.0},{"not_picked":["Bromod:HellsChamber","Bromod:ReflexCoil","Bromod:EnergySiphon"],"picked":"SKIP","floor":11.0},{"not_picked":["Bromod:SteelFiber","Bromod:Foundry","Bromod:PointStrike"],"picked":"SKIP","floor":13.0},{"not_picked":["Bromod:JaggedEdge","Bromod:ConditionOverload"],"picked":"Bromod:CollisionForce","floor":16.0},{"not_picked":["Bromod:TargetCracker","Bromod:SpeedTrigger+1"],"picked":"Bromod:OrganShatter+1","floor":18.0},{"not_picked":["Bromod:SteelFiber","Bromod:BodyCount","Bromod:PointStrike"],"picked":"SKIP","floor":21.0},{"not_picked":["Bromod:PressurePoint","Bromod:SeismicWave","Bromod:Reflection"],"picked":"SKIP","floor":22.0},{"not_picked":["Bromod:Vitality","Bromod:PressurePoint+1","Bromod:Stormbringer"],"picked":"SKIP","floor":25},{"not_picked":["Bromod:Vitality","Bromod:PressurePoint+1"],"picked":"Bromod:Stormbringer","floor":25},{"not_picked":["Bromod:RadialBlind","Bromod:ThermiteRounds"],"picked":"Bromod:NorthWind","floor":27},{"not_picked":["Bromod:PointStrike","Bromod:TargetCracker"],"picked":"Bromod:HeatedCharge+1","floor":30},{"not_picked":["Bromod:Foundry","Bromod:SteelFiber"],"picked":"Bromod:RelentlessCombination","floor":31},{"not_picked":["Bromod:Stormbringer","Bromod:QuickDraw","Bromod:BulletJump"],"picked":"SKIP","floor":33},{"not_picked":["Bromod:Stretch"],"picked":"SKIP","floor":37},{"not_picked":["Bromod:HeatedCharge"],"picked":"SKIP","floor":38},{"not_picked":["Bromod:Provoked"],"picked":"SKIP","floor":41},{"not_picked":[],"picked":"Bromod:LifeStrike","floor":43},{"not_picked":["Bromod:Patagium+1"],"picked":"SKIP","floor":49},{"not_picked":["Bromod:Foundry+1"],"picked":"SKIP","floor":50}],"player_experience":37795,"relics_obtained":[{"floor":9.0,"key":"Bromod:ArcaneNullifier"},{"floor":26,"key":"Potion Belt"},{"floor":43,"key":"Quantum Egg"},{"floor":45,"key":"Boot"},{"floor":48,"key":"Replay:Arrowhead"}],"event_choices":[{"damage_healed":0.0,"max_hp_gain":0.0,"max_hp_loss":0.0,"gold_gain":0.0,"event_name":"The Woman in Blue","player_choice":"Bought 0 Potions","floor":3.0,"gold_loss":0.0,"damage_taken":0.0},{"damage_healed":0.0,"max_hp_gain":0.0,"max_hp_loss":0.0,"gold_gain":0.0,"event_name":"Upgrade Shrine","player_choice":"Upgraded","floor":7.0,"gold_loss":0.0,"damage_taken":0.0,"cards_upgraded":["Bromod:SlashDash"]},{"damage_healed":0.0,"max_hp_gain":0.0,"max_hp_loss":0.0,"gold_gain":0.0,"event_name":"Lab","player_choice":"Got Potions","floor":14.0,"gold_loss":0.0,"damage_taken":0.0},{"damage_healed":0,"gold_gain":0,"player_choice":"Ignored","damage_taken":0,"max_hp_gain":0,"max_hp_loss":0,"event_name":"Purifier","floor":24,"gold_loss":0},{"damage_healed":0,"gold_gain":0,"player_choice":"Upgraded","damage_taken":0,"max_hp_gain":0,"max_hp_loss":0,"event_name":"Upgrade Shrine","floor":39,"gold_loss":0,"cards_upgraded":["Bromod:BloodRush"]},{"cards_removed":["Bromod:Strike_Bro"],"damage_healed":0,"gold_gain":0,"player_choice":"Removed Attack","damage_taken":0,"max_hp_gain":0,"max_hp_loss":0,"event_name":"Falling","floor":47,"gold_loss":0},{"damage_healed":0,"gold_gain":0,"player_choice":"Fight","damage_taken":0,"max_hp_gain":0,"max_hp_loss":0,"event_name":"MindBloom","floor":48,"gold_loss":0}],"is_beta":false,"boss_relics":[{"not_picked":["SacredBark","Runic Dome"],"picked":"Empty Cage"},{"not_picked":["Bromod:ArcaneGrace","Calling Bell"],"picked":"Busted Crown"}],"items_purged_floors":[10,19,20,40],"is_endless":false,"potions_floor_spawned":[1,4,5,13,16,18,30,35,38,41],"ascension_level":0}}