{"host":"x4i48uok34n1rpsm","time":1608635783,"event":{"mods":["Aspiration","BaseMod","Better Third Choice","Colored Map","Highlight Path","Minty Spire (QoL Compilation)","Permanent Neow","Replay The Spire","StSLib","The Mystic"],"gold_per_floor":[111,111,111,58,69,100,100,115,115,115,147,164,182,213,213,316,316,333,333,348,273,273,306,318,318,363,60,60,77,77,106,170,265,265,280,292,311,311,329,329,360,374,421,454,454,474,504,544,544,558,558,558,101,154,160],"floor_reached":56,"playtime":6197,"items_purged":["mysticmod:Defend_Mystic","mysticmod:Strike_Mystic","mysticmod:Strike_Mystic"],"score":1349,"play_id":"2e3c7827-b911-4060-a9e4-32580d8ffa5d","local_time":"20201222131623","is_ascension_mode":true,"campfire_choices":[{"data":"mysticmod:SuddenClarity","floor":7.0,"key":"SMITH"},{"data":"mysticmod:PreparedCaster","floor":15.0,"key":"SMITH"},{"data":"mysticmod:Spellstrike","floor":25.0,"key":"SMITH"},{"data":"mysticmod:KeenEdge","floor":28.0,"key":"SMITH"},{"floor":30.0,"key":"RECALL"},{"data":"mysticmod:BladeMaster","floor":40.0,"key":"SMITH"},{"data":"mysticmod:FloatingDisk","floor":49,"key":"SMITH"},{"data":"mysticmod:ArcaneDodge","floor":52,"key":"SMITH"}],"circlet_count":0,"master_deck":["mysticmod:Defend_Mystic","mysticmod:Defend_Mystic","mysticmod:Defend_Mystic","mysticmod:ArcaneDodge+1","mysticmod:ShockingGrasp","mysticmod:PowerSlash","mysticmod:EbbAndFlow","mysticmod:SuddenClarity+1","mysticmod:CureLightWounds","mysticmod:PreparedCaster+1","mysticmod:Lunge","mysticmod:KnowledgePool+1","mysticmod:DiviningBlow+1","mysticmod:KeenEdge+1","mysticmod:Spellstrike+1","mysticmod:MagicWeapon","mysticmod:MagicWeapon","mysticmod:Flurry+1","mysticmod:Momentum+1","mysticmod:BladeMaster+1","mysticmod:FloatingDisk+1","mysticmod:Shield+1","mysticmod:MirrorEntity","mysticmod:BladedDash"],"relics":["mysticmod:SpellBook","NeowsBlessing","Blood Vial","Mercury Hourglass","Replay:Bottled Snecko","Vajra","ReplayTheSpireMod:Ninjato","aspiration:SecretTechniqueScroll","Torii","aspiration:Lifesprig","Lantern","Bronze Scales","Black Star","Happy Flower","Question Card","Replay:Baseball","Boot","Singing Bowl","Centennial Puzzle","Replay:Bandana","Pen Nib","Thread and Needle","aspiration:HiddenCompartment"],"acts_visited":["Exordium","TheCity","TheBeyond","TheEnding"],"potions_floor_usage":[50,50,55,55],"damage_taken":[{"damage":0.0,"enemies":"Cultist","floor":1.0,"turns":1.0},{"damage":0.0,"enemies":"Small Slimes","floor":5.0,"turns":1.0},{"damage":0.0,"enemies":"3 Sentries","floor":6.0,"turns":1.0},{"damage":0.0,"enemies":"2 Louse","floor":8.0,"turns":2.0},{"damage":17.0,"enemies":"Gremlin Nob","floor":11.0,"turns":4.0},{"damage":1.0,"enemies":"Large Slime","floor":12.0,"turns":4.0},{"damage":0.0,"enemies":"Lots of Slimes","floor":13.0,"turns":2.0},{"damage":8.0,"enemies":"3 Sentries","floor":14.0,"turns":6.0},{"damage":28.0,"enemies":"Hexaghost","floor":16.0,"turns":11.0},{"damage":0.0,"enemies":"Spheric Guardian","floor":18.0,"turns":3.0},{"damage":6.0,"enemies":"2 Thieves","floor":20.0,"turns":3.0},{"damage":11.0,"enemies":"Book of Stabbing","floor":23.0,"turns":5.0},{"damage":0.0,"enemies":"Shelled Parasite and Fungi","floor":24.0,"turns":4.0},{"damage":0.0,"enemies":"Sentry and Sphere","floor":29.0,"turns":3.0},{"damage":0.0,"enemies":"Gremlin Leader","floor":31.0,"turns":3.0},{"damage":17.0,"enemies":"Automaton","floor":33.0,"turns":8.0},{"damage":1.0,"enemies":"3 Shapes","floor":35.0,"turns":3.0},{"damage":0.0,"enemies":"Orb Walker","floor":36.0,"turns":2.0},{"damage":0.0,"enemies":"Transient","floor":37.0,"turns":5.0},{"damage":3.0,"enemies":"4 Shapes","floor":39.0,"turns":4.0},{"damage":42.0,"enemies":"Nemesis","floor":41.0,"turns":9.0},{"damage":0.0,"enemies":"Sphere and 2 Shapes","floor":42.0,"turns":2.0},{"damage":0.0,"enemies":"Giant Head","floor":44.0,"turns":5.0},{"damage":0.0,"enemies":"Transient","floor":46.0,"turns":5.0},{"damage":3,"enemies":"R_Hoarder","floor":47,"turns":6},{"damage":15,"enemies":"Writhing Mass","floor":48,"turns":5},{"damage":53,"enemies":"Time Eater","floor":50,"turns":8},{"damage":21,"enemies":"Shield and Spear","floor":54,"turns":5},{"damage":54,"enemies":"The Heart","floor":55,"turns":9}],"seed_played":"6724086476644456812","potions_obtained":[{"floor":5.0,"key":"SkillPotion"},{"floor":6.0,"key":"mysticmod:EssenceOfMagic"},{"floor":11.0,"key":"Weak Potion"},{"floor":13.0,"key":"Strength Potion"},{"floor":14.0,"key":"Swift Potion"},{"floor":16.0,"key":"PowerPotion"},{"floor":20.0,"key":"SpeedPotion"},{"floor":23.0,"key":"Block Potion"},{"floor":24.0,"key":"ColorlessPotion"},{"floor":31.0,"key":"EssenceOfSteel"},{"floor":33.0,"key":"Dexterity Potion"},{"floor":39.0,"key":"SteroidPotion"},{"floor":42.0,"key":"Death Potion"},{"floor":48,"key":"Energy Potion"}],"is_trial":false,"path_per_floor":["M","T","?","$","M","E","R","M","T","?","E","M","M","E","R","B",null,"M","?","M","$","?","E","M","R","T","$","R","M","R","E","R_BF","B",null,"M","M","M","?","M","R","E","M","T","E","?","M","E","M","R","B",null,"R","$","E","B",null],"character_chosen":"MYSTIC_CLASS","items_purchased":["mysticmod:PowerSlash","mysticmod:MagicWeapon","Lantern","Pen Nib","Languid Potion","Reflective Coating","mysticmod:BladedDash"],"campfire_rested":0,"item_purchase_floors":[4,27,27,53,53,53,53],"current_hp_per_floor":[77,77,70,70,70,70,70,72,72,72,57,60,64,61,61,38,77,77,77,72,72,72,66,71,71,71,71,71,76,76,77,77,60,77,76,77,77,77,74,74,37,41,41,48,48,53,57,49,49,1,83,83,83,65,16],"gold":160,"neow_bonus":"THREE_ENEMY_KILL","is_daily":false,"chose_seed":false,"campfire_upgraded":7,"win_rate":0.0,"timestamp":1608635783,"path_taken":["M","?","?","$","M","E","R","M","T","?","E","M","?","E","R","BOSS","M","?","M","?","?","E","M","R","T","$","R","M","R","E","R_BF","BOSS","M","M","M","?","?","R","E","M","T","E","?","M","E","M","R","BOSS","R","$","E","BOSS"],"items_purchased_type":["Card","Card","Relic","Relic","Potion","Potion","Card"],"build_version":"2020-12-13","purchased_purges":3,"victory":true,"max_hp_per_floor":[77,77,77,77,77,77,77,77,77,77,77,77,77,77,77,77,77,77,77,77,77,77,77,77,77,77,77,77,77,77,77,77,77,77,77,77,77,77,77,77,77,77,77,79,79,79,81,83,83,83,83,83,83,85,85],"card_choices":[{"not_picked":["mysticmod:BulkUp","mysticmod:CorrosiveTouch","mysticmod:VorpalThrust"],"picked":"SKIP","floor":1.0},{"not_picked":["mysticmod:Snowball","mysticmod:SuddenClarity"],"picked":"mysticmod:EbbAndFlow","floor":5.0},{"not_picked":["mysticmod:KeenEdge","mysticmod:FloatingDisk"],"picked":"mysticmod:SuddenClarity","floor":6.0},{"not_picked":["mysticmod:CorrosiveTouch","mysticmod:DiviningBlow","mysticmod:LightningBolt"],"picked":"SKIP","floor":8.0},{"not_picked":["mysticmod:PureInstinct","mysticmod:KeenEdge"],"picked":"mysticmod:CureLightWounds","floor":11.0},{"not_picked":["mysticmod:PowerAttack","mysticmod:Grapple","mysticmod:PureInstinct"],"picked":"SKIP","floor":12.0},{"not_picked":["mysticmod:ComponentsPouch","mysticmod:CureLightWounds"],"picked":"mysticmod:PreparedCaster","floor":13.0},{"not_picked":["mysticmod:MagicWeapon","mysticmod:TomeOfSpells"],"picked":"mysticmod:Lunge","floor":14.0},{"not_picked":["mysticmod:SpontaneousCaster","mysticmod:Disintegrate"],"picked":"mysticmod:KnowledgePool","floor":16.0},{"not_picked":["mysticmod:Shield","mysticmod:FiveFootStep+1"],"picked":"mysticmod:DiviningBlow+1","floor":18.0},{"not_picked":["mysticmod:BulkUp","mysticmod:Snowball"],"picked":"mysticmod:KeenEdge","floor":20.0},{"not_picked":["mysticmod:CorrosiveTouch","mysticmod:PreparedCaster"],"picked":"mysticmod:Spellstrike","floor":23.0},{"not_picked":["mysticmod:PowerSlash","mysticmod:SuddenClarity","mysticmod:HunkerDown+1"],"picked":"SKIP","floor":24.0},{"not_picked":["mysticmod:Fireball","mysticmod:CorrosiveTouch"],"picked":"mysticmod:Flurry+1","floor":29.0},{"not_picked":["mysticmod:TomeOfSpells","mysticmod:EbbAndFlow","mysticmod:FiveFootStep"],"picked":"SKIP","floor":31.0},{"not_picked":["mysticmod:SpellRecall","mysticmod:Spellstrike"],"picked":"mysticmod:Momentum","floor":33.0},{"not_picked":["mysticmod:EarthenWall+1","mysticmod:Snowball","mysticmod:Probe"],"picked":"SKIP","floor":35.0},{"not_picked":["mysticmod:ComponentsPouch","mysticmod:LightningBolt","mysticmod:Snowball"],"picked":"SKIP","floor":36.0},{"not_picked":["mysticmod:Feint","mysticmod:LightningBolt+1","mysticmod:StyleChange"],"picked":"SKIP","floor":37.0},{"not_picked":["mysticmod:Grapple+1","mysticmod:TomeOfSpells"],"picked":"mysticmod:BladeMaster","floor":39.0},{"not_picked":["mysticmod:ChargedParry+1","mysticmod:Sideswipe+1"],"picked":"mysticmod:FloatingDisk","floor":41.0},{"not_picked":["mysticmod:SpellCombat+1","mysticmod:Disengage","mysticmod:TomeOfSpells"],"picked":"mysticmod:Shield+1","floor":42.0},{"not_picked":["mysticmod:CorrosiveTouch","mysticmod:Flurry+1","mysticmod:PureInstinct","mysticmod:DiviningBlow"],"picked":"Singing Bowl","floor":44.0},{"not_picked":["mysticmod:FiveFootStep","mysticmod:Disengage+1","mysticmod:KeenEdge+1"],"picked":"mysticmod:MirrorEntity","floor":46.0},{"not_picked":["mysticmod:Grapple+1","mysticmod:RapidCaster","mysticmod:ComboCaster","mysticmod:EnergizedRift"],"picked":"Singing Bowl","floor":47},{"not_picked":["mysticmod:IllusionOfCalm+1","mysticmod:BladeMaster","mysticmod:ComboCaster","mysticmod:HeavyStrike"],"picked":"Singing Bowl","floor":48},{"not_picked":["mysticmod:Riposte+1","mysticmod:Disengage+1","mysticmod:LightningBolt+1","mysticmod:Natural20"],"picked":"Singing Bowl","floor":54}],"player_experience":249905,"relics_obtained":[{"floor":6.0,"key":"Blood Vial"},{"floor":9.0,"key":"Mercury Hourglass"},{"floor":11.0,"key":"Vajra"},{"floor":14.0,"key":"ReplayTheSpireMod:Ninjato"},{"floor":23.0,"key":"Torii"},{"floor":26.0,"key":"aspiration:Lifesprig"},{"floor":31.0,"key":"Bronze Scales"},{"floor":41.0,"key":"Happy Flower"},{"floor":41.0,"key":"Question Card"},{"floor":43.0,"key":"Replay:Baseball"},{"floor":44.0,"key":"Boot"},{"floor":44.0,"key":"Singing Bowl"},{"floor":47,"key":"Centennial Puzzle"},{"floor":47,"key":"Replay:Bandana"},{"floor":54,"key":"Thread and Needle"},{"floor":54,"key":"aspiration:HiddenCompartment"}],"event_choices":[{"cards_removed":["mysticmod:Strike_Mystic"],"damage_healed":0.0,"max_hp_gain":0.0,"max_hp_loss":0.0,"gold_gain":0.0,"event_name":"Golden Wing","player_choice":"Card Removal","floor":3.0,"gold_loss":0.0,"damage_taken":7.0},{"damage_healed":0.0,"max_hp_gain":0.0,"max_hp_loss":0.0,"gold_gain":0.0,"event_name":"WeMeetAgain","player_choice":"Gave Potion","floor":10.0,"gold_loss":0.0,"damage_taken":0.0,"relics_obtained":["Replay:Bottled Snecko"]},{"damage_healed":0.0,"max_hp_gain":0.0,"max_hp_loss":0.0,"gold_gain":0.0,"event_name":"Upgrade Shrine","player_choice":"Upgraded","floor":19.0,"gold_loss":0.0,"damage_taken":0.0,"cards_upgraded":["mysticmod:KnowledgePool"]},{"damage_healed":0.0,"max_hp_gain":0.0,"max_hp_loss":0.0,"gold_gain":0.0,"event_name":"Vampires","player_choice":"Ignored","floor":22.0,"gold_loss":0.0,"damage_taken":0.0},{"damage_healed":0.0,"max_hp_gain":0.0,"max_hp_loss":0.0,"gold_gain":0.0,"event_name":"Upgrade Shrine","player_choice":"Upgraded","floor":38.0,"gold_loss":0.0,"damage_taken":0.0,"cards_upgraded":["mysticmod:Momentum"]},{"cards_removed":["mysticmod:Strike_Mystic"],"damage_healed":0.0,"max_hp_gain":0.0,"max_hp_loss":0.0,"gold_gain":0.0,"event_name":"Wheel of Change","player_choice":"Card Removal","floor":45.0,"gold_loss":0.0,"damage_taken":0.0}],"is_beta":false,"boss_relics":[{"not_picked":["Pandora\u0027s Box","Runic Pyramid"],"picked":"aspiration:SecretTechniqueScroll"},{"not_picked":["Replay:Wanted Poster","aspiration:RunicSpoon"],"picked":"Black Star"}],"items_purged_floors":[21,27,53],"is_endless":false,"potions_floor_spawned":[5,6,11,13,14,16,20,23,24,31,33,39,42,48],"ascension_level":1}}