{"host":"7i2b4pyo6x2376bs","time":1608610851,"event":{"mods":["BaseMod","Better Note","Colored Map","Highlight Path","Minty Spire (QoL Compilation)","Quick Restart","Rare Cards Sparkle","Shop Mod","StSLib","The Jungle"],"gold_per_floor":[109,119,139,156,156,156,171,171,171,182,201,201,220,252,252,252,252],"floor_reached":16,"playtime":2599,"items_purged":[],"score":164,"play_id":"89c6162d-b493-4d36-bcb2-7eedd4507660","local_time":"20201221202051","is_ascension_mode":true,"campfire_choices":[{"floor":6,"key":"RECALL"},{"data":"Rage","floor":8,"key":"SMITH"},{"floor":15,"key":"REST"}],"circlet_count":0,"master_deck":["AscendersBane","Strike_R","Strike_R","Strike_R+1","Strike_R","Defend_R","Defend_R","Defend_R","Defend_R","Bash","Flame Barrier","Havoc","Combust","Rage+1","Rupture","Heavy Blade","Clothesline+1","Body Slam","Headbutt"],"relics":["Burning Blood","Oddly Smooth Stone","Tiny Chest","Whetstone"],"acts_visited":["Exordium"],"potions_floor_usage":[4,7,11,14],"damage_taken":[{"damage":4,"enemies":"Cultist","floor":1,"turns":4},{"damage":1,"enemies":"Small Slimes","floor":2,"turns":4},{"damage":1,"enemies":"2 Louse","floor":3,"turns":3},{"damage":9,"enemies":"Blue Slaver","floor":4,"turns":3},{"damage":15,"enemies":"Lots of Slimes","floor":7,"turns":5},{"damage":19,"enemies":"3 Louse","floor":10,"turns":3},{"damage":6,"enemies":"Large Slime","floor":11,"turns":7},{"damage":7,"enemies":"Looter","floor":13,"turns":4},{"damage":52,"enemies":"Gremlin Nob","floor":14,"turns":5},{"damage":32,"enemies":"The Guardian","floor":16,"turns":5}],"seed_played":"4030778539469912426","potions_obtained":[{"floor":3,"key":"LiquidMemories"},{"floor":4,"key":"LiquidMemories"},{"floor":10,"key":"Block Potion"},{"floor":11,"key":"Fire Potion"}],"is_trial":false,"path_per_floor":["M","M","M","M","$","R","M","R","T","M","M","?","M","E","R","B"],"character_chosen":"IRONCLAD","items_purchased":[],"campfire_rested":1,"item_purchase_floors":[],"current_hp_per_floor":[74,79,80,77,77,77,68,68,68,55,55,55,54,8,32,0,0],"gold":252,"neow_bonus":"RANDOM_COMMON_RELIC","is_daily":false,"chose_seed":false,"campfire_upgraded":1,"win_rate":0.0,"timestamp":1608610851,"path_taken":["M","?","M","M","$","R","?","R","T","M","M","?","?","E","R","BOSS"],"items_purchased_type":[],"build_version":"2020-12-13","purchased_purges":0,"victory":false,"max_hp_per_floor":[80,80,80,80,80,80,80,80,80,80,80,80,80,80,80,80,80],"card_choices":[{"not_picked":["Cleave","Uppercut"],"picked":"Flame Barrier","floor":1},{"not_picked":["Shrug It Off","Havoc","Twin Strike"],"picked":"SKIP","floor":2},{"not_picked":["Blood for Blood","Twin Strike"],"picked":"Havoc","floor":3},{"not_picked":["Warcry","Burning Pact"],"picked":"Combust","floor":4},{"not_picked":["Power Through","Shrug It Off"],"picked":"Rage","floor":7},{"not_picked":["Body Slam","Rage"],"picked":"Rupture","floor":10},{"not_picked":["Thunderclap","Clothesline"],"picked":"Heavy Blade","floor":11},{"not_picked":["Whirlwind","Iron Wave"],"picked":"Body Slam","floor":13},{"not_picked":["Cleave","Sever Soul"],"picked":"Headbutt","floor":14}],"player_experience":659267,"relics_obtained":[{"floor":9,"key":"Tiny Chest"},{"floor":14,"key":"Whetstone"}],"event_choices":[{"damage_healed":0,"gold_gain":0,"cards_transformed":["Strike_R"],"player_choice":"Transformed","damage_taken":0,"max_hp_gain":0,"max_hp_loss":0,"event_name":"Transmorgrifier","floor":12,"gold_loss":0,"cards_obtained":["Clothesline"]}],"is_beta":false,"boss_relics":[],"items_purged_floors":[],"is_endless":false,"potions_floor_spawned":[3,4,10,11],"killed_by":"The Guardian","ascension_level":11}}