{"host":"8u40nq559zpgb6zp","time":1608605354,"event":{"mods":["Aspiration","Bard","BaseMod","Beaked The Cultist","Better Altar","Better Match","Better Note","Better Sensory Stone","Better Skull","Better Third Choice","BetterRewards","CCEM","Clawfect","Conspire","Duelist Mod","Googly Eyes","Halation","Hermit","Highlight Path","Infinite Spire","Jedi Mod","Jorbs\u0027s Wanderer Trilogy","Mad Scientist","Marisa（霧雨　魔理沙）","Minty Spire (QoL Compilation)","Permanent Neow","Replay The Spire","Shade Mod","Shop Mod","Spicy Shops","StSLib","The Bladedancer","The Construct","The Cursed","The Disciple","The Druid","The Gatherer","The Hierophant","The IronCluck","The Jungle","The Mystic","The Necromancer","The Runesmith","The Senshi","The Servant 0.9.4","The Spell Scribe","The Witch","slay the spire mod where everything is the same but ironclad has a cowboy hat"],"gold_per_floor":[113,3,14,34,49,75,25,25,25,43,43,67,67,82,82,82,82],"floor_reached":16,"playtime":1531,"items_purged":[],"score":114,"play_id":"f5991884-cfcb-4203-a164-aa03393795e7","local_time":"20201221214914","is_ascension_mode":false,"campfire_choices":[{"data":"Negative_Energy_Arrows","floor":8,"key":"SMITH"},{"floor":15,"key":"REST"}],"circlet_count":0,"master_deck":["Strike_W","Strike_W","Strike_W","Strike_W","Defend_W","Defend_W","Defend_W","Defend_W","Negative_Energy_Arrows+1","Bone_Wall","Summon_Lich","Blood_Curse","Negative_Energy_Javelin","conspire:SpireCoStock","Requiem","Injury","Acid_Javelin","Bone_Armory+1"],"relics":["Vampire_Amulet","aspiration:Nostalgia","MiniHakkero","Smiling Mask","infinitespire:CursedDice","infinitespire:WardingShard","Frozen Egg 2"],"acts_visited":["Exordium"],"potions_floor_usage":[6,13,13,13],"damage_taken":[{"damage":3,"enemies":"Jaw Worm","floor":1,"turns":3},{"damage":4,"enemies":"Cultist","floor":3,"turns":4},{"damage":0,"enemies":"2 Louse","floor":4,"turns":3},{"damage":27,"enemies":"Exordium Thugs","floor":5,"turns":5},{"damage":35,"enemies":"Lagavulin","floor":6,"turns":9},{"damage":27,"enemies":"Gremlin Gang","floor":10,"turns":4},{"damage":0,"enemies":"Large Slime","floor":12,"turns":5},{"damage":13,"enemies":"Gremlin Nob","floor":13,"turns":4},{"damage":0,"enemies":"Exordium Wildlife","floor":14,"turns":3},{"damage":35,"enemies":"Slime Boss","floor":16,"turns":11}],"seed_played":"9143432635437707173","potions_obtained":[{"floor":3,"key":"SmokeBomb"},{"floor":4,"key":"Regen Potion"},{"floor":5,"key":"BlessingOfTheForge"},{"floor":10,"key":"Weak Potion"}],"is_trial":false,"path_per_floor":["M","?","M","M","M","E","?","R","T","M","?","M","E","M","R","B"],"character_chosen":"NECROMANCER","items_purchased":[],"campfire_rested":1,"item_purchase_floors":[],"current_hp_per_floor":[74,74,72,75,52,34,34,34,34,15,15,19,6,10,32,0,0],"gold":82,"neow_bonus":"NOSTALGIA","is_daily":false,"chose_seed":false,"campfire_upgraded":1,"win_rate":0.0,"timestamp":1608605354,"path_taken":["M","?","?","M","M","E","?","R","T","M","?","?","E","?","R","BOSS"],"items_purchased_type":[],"build_version":"2020-12-13","purchased_purges":0,"victory":false,"max_hp_per_floor":[75,75,75,75,75,75,75,75,75,75,75,75,75,75,75,75,75],"card_choices":[{"not_picked":["Necromantic_Selection","Bone_Shift","Blood_Whip"],"picked":"SKIP","floor":1},{"not_picked":["Blood_for_Blood","Blood_Whip","Vampiric_Strike"],"picked":"SKIP","floor":3},{"not_picked":["Death_March_Dance","Chill_Blood"],"picked":"Summon_Lich","floor":4},{"not_picked":["Consume_Illness","Shackles_Of_Pain"],"picked":"Blood_Curse","floor":5},{"not_picked":["Slay_Living","Siphon_Strength"],"picked":"Negative_Energy_Javelin","floor":6},{"not_picked":["Negative_Energy_Mist","Blood_for_Blood"],"picked":"Requiem","floor":10},{"not_picked":["Consume_Illness","Finger_Of_Death"],"picked":"Acid_Javelin","floor":12},{"not_picked":["Negative_Energy_Burst","Chill_Blood"],"picked":"Bone_Armory+1","floor":14}],"player_experience":919739,"relics_obtained":[{"floor":6,"key":"infinitespire:CursedDice"},{"floor":9,"key":"infinitespire:WardingShard"}],"event_choices":[{"damage_healed":0,"gold_gain":0,"player_choice":"Paid Gold","damage_taken":0,"relics_obtained":["Smiling Mask"],"max_hp_gain":0,"max_hp_loss":0,"event_name":"WeMeetAgain","floor":2,"gold_loss":110},{"damage_healed":0,"gold_gain":0,"player_choice":"Invest 1","damage_taken":0,"max_hp_gain":0,"max_hp_loss":0,"event_name":"conspire:Investor","floor":7,"gold_loss":0}],"is_beta":false,"boss_relics":[],"items_purged_floors":[],"is_endless":false,"potions_floor_spawned":[3,4,5,10],"killed_by":"Slime Boss","ascension_level":0}}