{"host":"4edbuligkc8x13l4","time":1608645225,"event":{"mods":["BaseMod","Minty Spire (QoL Compilation)","StSLib","SuperFastMode"],"gold_per_floor":[109,120,120,45,17,17,48,48,103,103,116,23,55,55,55,127,127,146,51,61,71,71,71,71,71],"floor_reached":24,"playtime":561,"items_purged":["Defend_R","Defend_R"],"score":420,"play_id":"8cd42ac2-acda-4b7d-ba27-75707a5bdfc6","local_time":"20201222215345","is_ascension_mode":true,"campfire_choices":[{"data":"Armaments","floor":6.0,"key":"SMITH"},{"data":"Sword Boomerang","floor":8.0,"key":"SMITH"},{"floor":15.0,"key":"REST"},{"floor":23.0,"key":"REST"}],"circlet_count":0,"master_deck":["AscendersBane","Defend_R","Defend_R","Bash","Pommel Strike","Armaments+1","Sword Boomerang+1","Fiend Fire","Flame Barrier","Spot Weakness","Fire Breathing","Limit Break","Shrug It Off","Writhe"],"relics":["Burning Blood","NeowsBlessing","Regal Pillow","Mummified Hand","Smiling Mask","The Courier","Empty Cage","TungstenRod"],"acts_visited":["Exordium","TheCity"],"potions_floor_usage":[24,24],"damage_taken":[{"damage":0.0,"enemies":"Cultist","floor":1.0,"turns":1.0},{"damage":0.0,"enemies":"2 Louse","floor":2.0,"turns":1.0},{"damage":0.0,"enemies":"Gremlin Nob","floor":7.0,"turns":1.0},{"damage":8.0,"enemies":"Small Slimes","floor":11.0,"turns":4.0},{"damage":13.0,"enemies":"3 Sentries","floor":13.0,"turns":5.0},{"damage":37.0,"enemies":"The Guardian","floor":16.0,"turns":9.0},{"damage":0.0,"enemies":"3 Byrds","floor":18.0,"turns":1.0},{"damage":21.0,"enemies":"2 Thieves","floor":20.0,"turns":5.0},{"damage":23.0,"enemies":"Snake Plant","floor":21.0,"turns":4.0},{"damage":82,"enemies":"Gremlin Leader","floor":24,"turns":6}],"seed_played":"437798320252406007","potions_obtained":[{"floor":1.0,"key":"SpeedPotion"},{"floor":7.0,"key":"ColorlessPotion"},{"floor":16.0,"key":"Ancient Potion"},{"floor":21.0,"key":"SpeedPotion"}],"is_trial":false,"path_per_floor":["M","M","?","?","$","R","E","R","T","?","M","$","E","?","R","B",null,"M","$","M","M","?","R","E"],"character_chosen":"IRONCLAD","items_purchased":["Sword Boomerang","Fire Breathing","Shrug It Off"],"campfire_rested":2,"item_purchase_floors":[5,12,19],"current_hp_per_floor":[74,75,57,57,57,57,63,63,63,63,61,61,54,47,75,44,67,73,73,58,41,41,75,0,0],"gold":71,"neow_bonus":"THREE_ENEMY_KILL","is_daily":false,"chose_seed":false,"campfire_upgraded":2,"win_rate":0.0,"timestamp":1608645225,"path_taken":["M","?","?","?","$","R","E","R","T","?","?","$","E","?","R","BOSS","M","$","M","M","?","R","E"],"items_purchased_type":["Card","Card","Card"],"build_version":"2020-12-13","purchased_purges":2,"victory":false,"max_hp_per_floor":[75,75,75,75,75,75,75,75,75,75,75,75,75,75,75,75,75,75,75,75,75,75,75,75,75],"card_choices":[{"not_picked":["Ghostly Armor","Sentinel"],"picked":"Pommel Strike","floor":1.0},{"not_picked":["Sword Boomerang","Rage"],"picked":"Armaments","floor":2.0},{"not_picked":["Combust","Twin Strike"],"picked":"Fiend Fire","floor":7.0},{"not_picked":["Thunderclap","Cleave"],"picked":"Spot Weakness","floor":11.0},{"not_picked":["Headbutt","Infernal Blade","Body Slam"],"picked":"SKIP","floor":13.0},{"not_picked":["Juggernaut","Impervious"],"picked":"Limit Break","floor":16.0},{"not_picked":["Wild Strike","Shrug It Off","Sentinel"],"picked":"SKIP","floor":18.0},{"not_picked":["Spot Weakness","Clothesline","Iron Wave"],"picked":"SKIP","floor":20.0},{"not_picked":["Cleave","Searing Blow","Infernal Blade"],"picked":"SKIP","floor":21.0}],"player_experience":907162,"relics_obtained":[{"floor":7.0,"key":"Mummified Hand"},{"floor":9.0,"key":"Smiling Mask"},{"floor":13.0,"key":"The Courier"}],"event_choices":[{"damage_healed":0.0,"max_hp_gain":0.0,"max_hp_loss":0.0,"gold_gain":0.0,"event_name":"Scrap Ooze","player_choice":"Success","floor":3.0,"gold_loss":0.0,"damage_taken":18.0,"relics_obtained":["Regal Pillow"]},{"cards_removed":["Strike_R"],"damage_healed":0.0,"max_hp_gain":0.0,"max_hp_loss":0.0,"gold_gain":0.0,"event_name":"The Cleric","player_choice":"Card Removal","floor":4.0,"gold_loss":75.0,"damage_taken":0.0},{"damage_healed":0.0,"max_hp_gain":0.0,"max_hp_loss":0.0,"gold_gain":0.0,"cards_transformed":["Strike_R"],"event_name":"Living Wall","player_choice":"Change","floor":10.0,"gold_loss":0.0,"damage_taken":0.0,"cards_obtained":["Flame Barrier"]},{"cards_removed":["Strike_R"],"damage_healed":0.0,"max_hp_gain":0.0,"max_hp_loss":0.0,"gold_gain":0.0,"event_name":"Golden Wing","player_choice":"Card Removal","floor":14.0,"gold_loss":0.0,"damage_taken":7.0},{"damage_healed":0.0,"max_hp_gain":0.0,"max_hp_loss":0.0,"gold_gain":0.0,"event_name":"The Mausoleum","player_choice":"Opened","floor":22.0,"gold_loss":0.0,"damage_taken":0.0,"relics_obtained":["TungstenRod"],"cards_obtained":["Writhe"]}],"is_beta":false,"boss_relics":[{"not_picked":["Coffee Dripper","Runic Pyramid"],"picked":"Empty Cage"}],"items_purged_floors":[12,19],"is_endless":false,"potions_floor_spawned":[1,7,16,21],"killed_by":"Gremlin Leader","ascension_level":17}}