{"host":"nsu382cuivk29rjh","time":1608609824,"event":{"mods":["BaseMod","Downfall","Minty Spire (QoL Compilation)","StSLib"],"gold_per_floor":[99,117,133,133,143,143,167,193,205,205,218,203,128,139,149,248,248,248,260,279,108,122,148,228,247,257,257,269,269,282,317,334,438,438,438,454,454,36,85,10,84,84,112,112,54,64,82,97,116,116],"floor_reached":51,"playtime":3476,"items_purged":["Guardian:PrimingBeam","Guardian:MultiBeam","Guardian:PrimingBeam"],"score":810,"play_id":"10c3636e-0c4e-439e-82d1-e7dedecf80ed","local_time":"20201222120344","is_ascension_mode":true,"campfire_choices":[{"data":"Guardian:FastForward","floor":1.0,"key":"SMITH"},{"data":"Guardian:ChargeUp","floor":6.0,"key":"SMITH"},{"data":"Guardian:Orbwalk","floor":10.0,"key":"SMITH"},{"data":"Guardian:Suspension","floor":13.0,"key":"SMITH"},{"data":"Guardian:WalkerClaw","floor":18.0,"key":"SMITH"},{"floor":27.0,"key":"REST"},{"floor":29.0,"key":"REST"},{"data":"Guardian:ConstructionForm","floor":35.0,"key":"SMITH"},{"data":"Guardian:AncientConstruct","floor":40.0,"key":"SMITH"},{"data":"Guardian:TemporalShield","floor":42.0,"key":"SMITH"},{"floor":44,"key":"RECALL"}],"circlet_count":0,"master_deck":["Guardian:CurlUp","Guardian:TwinSlam","Guardian:WalkerClaw+1","Guardian:ShieldSpikes+1","Guardian:FastForward+1","Guardian:Reroute","Guardian:DonusPower","Guardian:ChargeUp+1","Guardian:Suspension+1","Guardian:Orbwalk+1","Guardian:ShieldCharger","Guardian:TemporalShield+1","Guardian:GatlingBeam","Guardian:ExploitGems","Guardian:MultiBeam","Guardian:TemporalShield+1","Guardian:AncientConstruct+1","Guardian:Planning","Guardian:ConstructionForm+1","Guardian:TemporalShield","Guardian:SpikerProtocol","Guardian:Clone","Guardian:SpikerProtocol","Guardian:Incinerate","Guardian:ShieldCharger","Guardian:GuardianWhirl","Guardian:Recover","Guardian:Harden","Parasite","Guardian:TemporalShield"],"relics":["Pandora\u0027s Box","MealTicket","Boot","downfall:HeartBlessingGreen","Sozu","Akabeko","Bottled Tornado","War Paint","Runic Dome","Ice Cream","downfall:HeartBlessingBlue","Blue Candle","Ginger"],"acts_visited":["Exordium","TheCity","TheBeyond"],"potions_floor_usage":[50],"damage_taken":[{"damage":0.0,"enemies":"Small Slimes","floor":2.0,"turns":3.0},{"damage":0.0,"enemies":"Cultist","floor":3.0,"turns":2.0},{"damage":5.0,"enemies":"2 Louse","floor":5.0,"turns":2.0},{"damage":9.0,"enemies":"3 Sentries","floor":8.0,"turns":5.0},{"damage":14.0,"enemies":"Exordium Thugs","floor":9.0,"turns":4.0},{"damage":0.0,"enemies":"Large Slime","floor":11.0,"turns":3.0},{"damage":0.0,"enemies":"downfall:FleeingMerchant","floor":12.0,"turns":4.0},{"damage":4.0,"enemies":"Blue Slaver","floor":14.0,"turns":3.0},{"damage":0.0,"enemies":"Red Slaver","floor":15.0,"turns":3.0},{"damage":12.0,"enemies":"downfall:Watcher","floor":16.0,"turns":6.0},{"damage":0.0,"enemies":"Spheric Guardian","floor":19.0,"turns":3.0},{"damage":0.0,"enemies":"Chosen","floor":20.0,"turns":3.0},{"damage":0.0,"enemies":"downfall:FleeingMerchant","floor":21.0,"turns":4.0},{"damage":12.0,"enemies":"3 Cultists","floor":22.0,"turns":5.0},{"damage":31.0,"enemies":"Book of Stabbing","floor":23.0,"turns":5.0},{"damage":30.0,"enemies":"Cultist and Chosen","floor":25.0,"turns":7.0},{"damage":15.0,"enemies":"Shelled Parasite and Fungi","floor":26.0,"turns":4.0},{"damage":10.0,"enemies":"Sentry and Sphere","floor":28.0,"turns":6.0},{"damage":0.0,"enemies":"Centurion and Healer","floor":30.0,"turns":7.0},{"damage":5.0,"enemies":"Slavers","floor":31.0,"turns":5.0},{"damage":21.0,"enemies":"Snake Plant","floor":32.0,"turns":5.0},{"damage":11.0,"enemies":"downfall:Silent","floor":33.0,"turns":7.0},{"damage":10.0,"enemies":"Orb Walker","floor":36.0,"turns":3.0},{"damage":0.0,"enemies":"downfall:FleeingMerchant","floor":38.0,"turns":4.0},{"damage":0.0,"enemies":"Nemesis","floor":43.0,"turns":5.0},{"damage":0,"enemies":"downfall:FleeingMerchant","floor":45,"turns":1},{"damage":16,"enemies":"3 Shapes","floor":46,"turns":4},{"damage":0,"enemies":"Jaw Worm Horde","floor":47,"turns":1},{"damage":17,"enemies":"Writhing Mass","floor":48,"turns":5},{"damage":0,"enemies":"Sphere and 2 Shapes","floor":49,"turns":5},{"damage":53,"enemies":"downfall:Defect","floor":50,"turns":10}],"seed_played":"6638074735973938198","potions_obtained":[{"floor":3.0,"key":"Swift Potion"},{"floor":5.0,"key":"Swift Potion"},{"floor":15.0,"key":"FairyPotion"}],"is_trial":false,"path_per_floor":["R","M","M","?","M","R","T","E","M","R","M","$","R","M","M","B",null,"R","M","M","$","M","E","T","M","M","R","M","R","M","E","M","B",null,"R","M","?","$","T","R","T","R","E","R","?","M","M","M","M","B",null],"character_chosen":"GUARDIAN","items_purchased":["Guardian:AncientConstruct","Ice Cream","Guardian:SpikerProtocol","Guardian:Incinerate","Guardian:ShieldCharger","Guardian:GuardianWhirl","Guardian:Recover"],"campfire_rested":2,"item_purchase_floors":[21,38,45,45,45,45,45],"current_hp_per_floor":[80,80,80,80,75,75,75,66,52,52,52,67,67,63,63,51,80,80,80,80,80,68,37,37,7,24,48,38,62,62,57,36,25,80,80,70,70,80,80,90,90,90,90,90,90,74,74,57,57,4],"gold":116,"neow_bonus":"BOSS_RELIC","is_daily":false,"chose_seed":false,"campfire_upgraded":8,"win_rate":0.0,"timestamp":1608609824,"path_taken":["R","M","M","?","M","R","T","E","M","R","M","$","R","?","M","BOSS","R","M","M","$","M","E","T","M","M","R","M","R","M","E","M","BOSS","R","M","?","$","?","R","T","R","E","R","?","M","M","?","M","BOSS"],"items_purchased_type":["Card","Relic","Card","Card","Card","Card","Card"],"build_version":"2020-12-13","purchased_purges":3,"victory":true,"max_hp_per_floor":[80,80,80,80,80,80,80,80,80,80,80,80,80,80,80,80,80,80,80,80,80,80,80,80,80,80,80,80,80,80,80,80,80,80,80,80,80,80,80,90,90,90,90,90,90,90,90,90,90,90],"card_choices":[{"not_picked":["Guardian:Suspension","Guardian:ShieldSpikes"],"picked":"Guardian:BronzeOrb","floor":2.0},{"not_picked":["Guardian:ShieldCharger","Guardian:Gem_Green"],"picked":"Guardian:ChargeUp","floor":3.0},{"not_picked":["Guardian:WalkerClaw","Guardian:Gem_Red"],"picked":"Guardian:PrimingBeam","floor":5.0},{"not_picked":["Guardian:Gem_Lightblue","Guardian:SentryBeam"],"picked":"Guardian:Suspension","floor":8.0},{"not_picked":["Guardian:ChargeUp","Guardian:FastForward"],"picked":"Guardian:Orbwalk","floor":9.0},{"not_picked":["Guardian:Planning","Guardian:Gem_Lightblue"],"picked":"Guardian:ShieldCharger","floor":11.0},{"not_picked":["Guardian:Gem_Lightblue","Guardian:TemporalShield","Guardian:Reroute"],"picked":"SKIP","floor":12.0},{"not_picked":["Guardian:Gem_Lightblue","Guardian:Reroute"],"picked":"Guardian:TemporalShield","floor":12.0},{"not_picked":["Guardian:PrismaticBarrier","Guardian:Gem_Cyan"],"picked":"Guardian:GatlingBeam","floor":14.0},{"not_picked":["Guardian:Clone","Guardian:PrimingBeam"],"picked":"Guardian:MultiBeam","floor":15.0},{"not_picked":["Guardian:FierceBash","Guardian:StasisField"],"picked":"Guardian:ExploitGems","floor":16.0},{"not_picked":["Guardian:CrystalBeam","Guardian:ChargeCore"],"picked":"Guardian:MultiBeam","floor":19.0},{"not_picked":["Guardian:ShieldCharger","Guardian:PrimingBeam+1","Guardian:CrystalBeam"],"picked":"SKIP","floor":20.0},{"not_picked":["Guardian:ShieldCharger","Guardian:PrimingBeam+1","Guardian:CrystalBeam"],"picked":"SKIP","floor":20.0},{"not_picked":["Guardian:Gem_Crimson","Guardian:Gem_Red"],"picked":"Guardian:TemporalShield","floor":21.0},{"not_picked":["Guardian:Reroute","Guardian:GatlingBeam"],"picked":"Guardian:Planning","floor":22.0},{"not_picked":["Guardian:PrimingBeam","Guardian:Gem_Green"],"picked":"Guardian:ConstructionForm","floor":23.0},{"not_picked":["Guardian:CrystalBeam","Guardian:GuardianWhirl+1","Guardian:ChargeUp"],"picked":"SKIP","floor":25.0},{"not_picked":["Guardian:Preprogram","Guardian:VentSteam+1","Guardian:ChargeCore"],"picked":"SKIP","floor":26.0},{"not_picked":["Guardian:Suspension","Guardian:Gem_Fragmented"],"picked":"Guardian:Gem_Cyan","floor":28.0},{"not_picked":["Guardian:Gem_Purple","Guardian:Preprogram","Guardian:BronzeArmor"],"picked":"SKIP","floor":30.0},{"not_picked":["Guardian:SphericShield","Guardian:Recover+1"],"picked":"Guardian:TemporalShield","floor":31.0},{"not_picked":["Guardian:Recover+1","Guardian:WalkerClaw"],"picked":"Guardian:SpikerProtocol","floor":32.0},{"not_picked":["Guardian:FierceBash","Guardian:AncientConstruct"],"picked":"Guardian:Gem_Orange","floor":33.0},{"not_picked":["Guardian:PrimingBeam+1","Guardian:Gem_White"],"picked":"Guardian:Clone","floor":36.0},{"not_picked":["Guardian:PrismaticBarrier","Guardian:Suspension","Guardian:MultiBeam+1"],"picked":"SKIP","floor":38.0},{"not_picked":["Guardian:RollAttack+1","Guardian:Incinerate+1"],"picked":"Guardian:Gem_Orange","floor":43.0},{"not_picked":["Guardian:Incinerate","Guardian:MultiBeam+1","Guardian:Orbwalk+1"],"picked":"SKIP","floor":45},{"not_picked":["Guardian:ShieldCharger","Guardian:RollAttack+1","Guardian:VentSteam+1"],"picked":"SKIP","floor":46},{"not_picked":["Guardian:VentSteam+1","Guardian:Reroute+1"],"picked":"Guardian:Harden","floor":47},{"not_picked":["Guardian:Suspension","Guardian:ShieldCharger"],"picked":"Guardian:TemporalShield","floor":48},{"not_picked":["Guardian:Harden","Guardian:VentSteam","Guardian:PiercingHide"],"picked":"SKIP","floor":49}],"player_experience":1112259,"relics_obtained":[{"floor":7.0,"key":"MealTicket"},{"floor":8.0,"key":"Boot"},{"floor":23.0,"key":"Akabeko"},{"floor":24.0,"key":"Bottled Tornado"},{"floor":31.0,"key":"War Paint"},{"floor":41.0,"key":"Blue Candle"},{"floor":43.0,"key":"Ginger"}],"event_choices":[{"cards_removed":["Guardian:BronzeOrb"],"damage_healed":0.0,"max_hp_gain":0.0,"max_hp_loss":0.0,"gold_gain":0.0,"event_name":"Bonfire Elementals","player_choice":"Offered Uncommon","floor":4.0,"gold_loss":0.0,"damage_taken":0.0}],"is_beta":false,"boss_relics":[{"not_picked":["Fusion Hammer","SacredBark"],"picked":"Sozu"},{"not_picked":["Snecko Eye","Astrolabe"],"picked":"Runic Dome"}],"items_purged_floors":[21,38,45],"is_endless":false,"potions_floor_spawned":[3,5,15,16,19,25,31,32,33,47,48,49],"ascension_level":1}}