{"host":"40bskn0fwnfkmxz7","time":1608630358,"event":{"mods":["BaseMod","Minty Spire (QoL Compilation)","Replay The Spire","StSLib"],"gold_per_floor":[118,135,135,148,162,177,187,221,221,221,221,239,239,265,265,265,265],"floor_reached":16,"playtime":502,"items_purged":[],"score":114,"play_id":"f5cfb343-0f1e-4557-91cb-462bff381d9c","local_time":"20201222114558","is_ascension_mode":false,"campfire_choices":[{"floor":10,"key":"REST"},{"data":"Entrench","floor":15,"key":"SMITH"}],"circlet_count":0,"master_deck":["Strike_R","Strike_R","Strike_R","Strike_R","Strike_R+1","Defend_R","Defend_R","Defend_R","Defend_R+1","Bash","Double Tap","Seeing Red","Armaments","Sword Boomerang","Combust","Entrench+1"],"relics":["Burning Blood","Ancient Tea Set","Replay:Mystery Machine","Pocketwatch"],"acts_visited":["Exordium"],"potions_floor_usage":[8,8,14,16],"damage_taken":[{"damage":5,"enemies":"Small Slimes","floor":1,"turns":5},{"damage":1,"enemies":"2 Louse","floor":2,"turns":3},{"damage":0,"enemies":"Cultist","floor":4,"turns":4},{"damage":1,"enemies":"2 Fungi Beasts","floor":5,"turns":4},{"damage":19,"enemies":"Blue Slaver","floor":6,"turns":3},{"damage":0,"enemies":"Red Slaver","floor":7,"turns":5},{"damage":23,"enemies":"Lagavulin","floor":8,"turns":5},{"damage":5,"enemies":"Looter","floor":12,"turns":2},{"damage":15,"enemies":"3 Sentries","floor":14,"turns":6},{"damage":26,"enemies":"Hexaghost","floor":16,"turns":10}],"seed_played":"6587051831610999170","potions_obtained":[{"floor":1,"key":"FearPotion"},{"floor":5,"key":"Block Potion"},{"floor":6,"key":"Explosive Potion"},{"floor":8,"key":"Dexterity Potion"}],"is_trial":false,"path_per_floor":["M","M","?","M","M","M","M","E","T","R","?","M","?","E","R","B"],"character_chosen":"IRONCLAD","items_purchased":[],"campfire_rested":1,"item_purchase_floors":[],"current_hp_per_floor":[57,62,46,52,57,44,50,33,33,57,57,58,58,49,49,23,23],"gold":265,"neow_bonus":"THREE_RARE_CARDS","is_daily":false,"chose_seed":false,"campfire_upgraded":1,"win_rate":0.0,"timestamp":1608630358,"path_taken":["M","M","?","M","M","M","M","E","T","R","?","M","?","E","R","BOSS"],"items_purchased_type":[],"build_version":"2020-12-13","purchased_purges":0,"victory":false,"max_hp_per_floor":[80,80,80,80,80,80,80,80,80,80,80,80,80,80,80,80,80],"card_choices":[{"not_picked":["Brutality","Reaper"],"picked":"Double Tap","floor":0},{"not_picked":["Disarm","Pommel Strike"],"picked":"Seeing Red","floor":1},{"not_picked":["Run Through","Thunderclap"],"picked":"Armaments","floor":2},{"not_picked":["Shockwave","Metallicize","Warcry"],"picked":"SKIP","floor":4},{"not_picked":["Clash","Rampage"],"picked":"Sword Boomerang","floor":5},{"not_picked":["Warcry","Corruption","Shockwave"],"picked":"SKIP","floor":6},{"not_picked":["Reckless Charge","ReplayTheSpireMod:LeadingStrike"],"picked":"Combust","floor":7},{"not_picked":["Flame Barrier","Disarm"],"picked":"Entrench","floor":8},{"not_picked":["Life Link","Rampage","ReplayTheSpireMod:Corrosion Curse"],"picked":"SKIP","floor":12},{"not_picked":["Abandon","Blood for Blood","Run Through"],"picked":"SKIP","floor":14}],"player_experience":466593,"relics_obtained":[{"floor":8,"key":"Ancient Tea Set"},{"floor":9,"key":"Replay:Mystery Machine"},{"floor":14,"key":"Pocketwatch"}],"event_choices":[{"damage_healed":0,"gold_gain":0,"player_choice":"Entered Light","damage_taken":16,"max_hp_gain":0,"max_hp_loss":0,"event_name":"Shining Light","floor":3,"gold_loss":0,"cards_upgraded":["Defend_R","Strike_R"]},{"damage_healed":0,"gold_gain":0,"player_choice":"Ignored","damage_taken":0,"max_hp_gain":0,"max_hp_loss":0,"event_name":"Golden Idol","floor":11,"gold_loss":0}],"is_beta":false,"boss_relics":[],"items_purged_floors":[],"is_endless":false,"potions_floor_spawned":[1,5,6,8],"killed_by":"Hexaghost","ascension_level":0}}