{"host":"raai0vtvcfkt8csp","time":1608673312,"event":{"mods":["2.2 Compatiblity","AchievementEnabler","BaseMod","Block Reminder","Booster Modes","DeckTracker","Defective Defect","GifTheSpireLib","Minty Spire (QoL Compilation)","Quick Restart","Random Character Button","Rare Cards Sparkle","StSLib","Unceasing Turn Reminder"],"gold_per_floor":[110,110,129,144,144,144,174,191,191,191,43,55,89,89,89,189,189,202,162,182,199,213,213,225,19,44,69,69,69,69],"floor_reached":29,"playtime":1735,"items_purged":[],"score":268,"play_id":"fe9ca8d0-af4e-423c-8706-a1049cfa75b4","local_time":"20201222224152","is_ascension_mode":true,"campfire_choices":[{"floor":6,"key":"RECALL"},{"floor":10,"key":"REST"},{"floor":15,"key":"REST"},{"floor":23,"key":"REST"}],"circlet_count":0,"master_deck":["Strike_G+1","Strike_G","Strike_G","Strike_G","Strike_G","Defend_G","Defend_G","Defend_G","Defend_G","Defend_G+1","Survivor","Neutralize","Phantasmal Killer","Cloak And Dagger+1","Sucker Punch","All Out Attack","Quick Slash+1","Phantasmal Killer","Footwork+1","Deadly Poison","Acrobatics","Footwork","Eviscerate+1","A Thousand Cuts","CurseOfTheBell","Footwork","Prepared","Sucker Punch+1","Bouncing Flask","Escape Plan","Concentrate"],"relics":["Ring of the Snake","Molten Egg 2","Torii","Lizard Tail","Calling Bell","Lantern","Matryoshka","Calipers","TwistedFunnel","Snake Skull","Regal Pillow"],"acts_visited":["Exordium","TheCity"],"potions_floor_usage":[7,13,18,24,27,27,29],"damage_taken":[{"damage":0,"enemies":"2 Louse","floor":1,"turns":2},{"damage":0,"enemies":"Small Slimes","floor":3,"turns":4},{"damage":0,"enemies":"Cultist","floor":4,"turns":4},{"damage":20,"enemies":"Lagavulin","floor":7,"turns":11},{"damage":1,"enemies":"Blue Slaver","floor":8,"turns":3},{"damage":21,"enemies":"Gremlin Gang","floor":12,"turns":6},{"damage":26,"enemies":"Gremlin Nob","floor":13,"turns":4},{"damage":18,"enemies":"Hexaghost","floor":16,"turns":12},{"damage":6,"enemies":"Shell Parasite","floor":18,"turns":8},{"damage":13,"enemies":"Spheric Guardian","floor":20,"turns":6},{"damage":9,"enemies":"Snecko","floor":21,"turns":8},{"damage":20,"enemies":"Centurion and Healer","floor":22,"turns":12},{"damage":39,"enemies":"Cultist and Chosen","floor":24,"turns":9},{"damage":22,"enemies":"Slavers","floor":27,"turns":9},{"damage":26,"enemies":"Colosseum Slavers","floor":28,"turns":6},{"damage":3,"enemies":"Gremlin Leader","floor":29,"turns":5}],"seed_played":"3328737211818260683","potions_obtained":[{"floor":4,"key":"SteroidPotion"},{"floor":12,"key":"SneckoOil"},{"floor":13,"key":"Fire Potion"},{"floor":18,"key":"Weak Potion"},{"floor":22,"key":"FearPotion"},{"floor":27,"key":"SteroidPotion"}],"is_trial":false,"path_per_floor":["M","?","M","M","?","R","E","M","T","R","$","M","E","?","R","B",null,"M","?","M","M","M","R","M","$","T","E","?","E"],"character_chosen":"THE_SILENT","items_purchased":["Footwork","Deadly Poison","Acrobatics","TwistedFunnel","SkillPotion"],"campfire_rested":3,"item_purchase_floors":[11,11,11,25,25],"current_hp_per_floor":[70,75,75,75,60,60,40,39,39,61,61,40,14,14,36,18,75,69,69,56,47,27,49,10,10,10,29,3,0,0],"gold":69,"neow_bonus":"ONE_RANDOM_RARE_CARD","is_daily":false,"chose_seed":false,"campfire_upgraded":0,"win_rate":0.0,"timestamp":1608673312,"path_taken":["M","?","M","M","?","R","E","M","T","R","$","M","E","?","R","BOSS","M","?","M","M","?","R","M","$","T","E","?","E"],"items_purchased_type":["Card","Card","Card","Relic","Potion"],"build_version":"2020-12-13","purchased_purges":0,"victory":false,"max_hp_per_floor":[70,75,75,75,75,75,75,75,75,75,75,75,75,75,75,75,75,75,75,75,75,75,75,75,75,75,75,75,75,75],"card_choices":[{"not_picked":["PiercingWail","Underhanded Strike"],"picked":"Cloak And Dagger","floor":1},{"not_picked":["Deflect","Blade Dance"],"picked":"Sucker Punch","floor":3},{"not_picked":["Reflex","Outmaneuver"],"picked":"All Out Attack","floor":4},{"not_picked":["Bane+1","Dodge and Roll"],"picked":"Quick Slash+1","floor":7},{"not_picked":["Flying Knee+1","Eviscerate+1"],"picked":"Phantasmal Killer","floor":8},{"not_picked":["Bane+1","Terror"],"picked":"Footwork","floor":12},{"not_picked":["Deflect","Deadly Poison"],"picked":"Eviscerate+1","floor":13},{"not_picked":["Storm of Steel","Night Terror"],"picked":"A Thousand Cuts","floor":16},{"not_picked":["Sucker Punch+1","Flechettes+1"],"picked":"Footwork","floor":18},{"not_picked":["Cloak And Dagger","Backflip"],"picked":"Prepared","floor":20},{"not_picked":["Outmaneuver","Eviscerate+1"],"picked":"Sucker Punch+1","floor":21},{"not_picked":["Unload+1","Slice+1"],"picked":"Bouncing Flask","floor":22},{"not_picked":["Eviscerate+1","PiercingWail"],"picked":"Escape Plan","floor":24},{"not_picked":["Bane+1","Calculated Gamble"],"picked":"Concentrate","floor":27}],"player_experience":412714,"relics_obtained":[{"floor":7,"key":"Molten Egg 2"},{"floor":9,"key":"Torii"},{"floor":13,"key":"Lizard Tail"},{"floor":17,"key":"Lantern"},{"floor":17,"key":"Matryoshka"},{"floor":17,"key":"Calipers"},{"floor":26,"key":"Snake Skull"},{"floor":27,"key":"Regal Pillow"}],"event_choices":[{"damage_healed":0,"gold_gain":0,"player_choice":"Donut","damage_taken":0,"max_hp_gain":5,"max_hp_loss":0,"event_name":"Big Fish","floor":2,"gold_loss":0},{"damage_healed":0,"gold_gain":0,"player_choice":"Entered Light","damage_taken":15,"max_hp_gain":0,"max_hp_loss":0,"event_name":"Shining Light","floor":5,"gold_loss":0,"cards_upgraded":["Defend_G","Strike_G"]},{"damage_healed":0,"gold_gain":0,"player_choice":"Ignored","damage_taken":0,"max_hp_gain":0,"max_hp_loss":0,"event_name":"Liars Game","floor":14,"gold_loss":0},{"damage_healed":0,"gold_gain":0,"player_choice":"Upgraded Two","damage_taken":0,"max_hp_gain":0,"max_hp_loss":0,"event_name":"Designer","floor":19,"gold_loss":40,"cards_upgraded":["Cloak And Dagger","Footwork"]},{"damage_healed":0,"gold_gain":0,"player_choice":"Fight","damage_taken":0,"max_hp_gain":0,"max_hp_loss":0,"event_name":"Colosseum","floor":28,"gold_loss":0},{"damage_healed":0,"gold_gain":0,"player_choice":"Fled From Nobs","damage_taken":0,"max_hp_gain":0,"max_hp_loss":0,"event_name":"Colosseum","floor":28,"gold_loss":0}],"is_beta":false,"boss_relics":[{"not_picked":["Ectoplasm","Runic Dome"],"picked":"Calling Bell"}],"items_purged_floors":[],"is_endless":false,"potions_floor_spawned":[4,12,13,18,22,27],"killed_by":"Gremlin Leader","ascension_level":1}}