{"host":"7pal6f3elqhvlig9","time":1608621981,"event":{"mods":["2.2 Compatiblity","AchievementEnabler","BaseMod","Colored Map","Minty Spire (QoL Compilation)","StSLib","everything is the same but u backflip on backflip"],"gold_per_floor":[111,77,95,95,95,130,142,154,204,234,234,92,117,132,132,236,236,248,248,96,110,121,121,149,162,208,123,23,23,23,39,39,143,143,153,28,28,28,41,41,53,0,47,47,59,59,69,119,119,119],"floor_reached":51,"playtime":2344,"items_purged":["Strike_R","Strike_R","Feel No Pain+1"],"score":1031,"play_id":"4c78d076-546c-4430-9582-81cdf93467ae","local_time":"20201222162621","is_ascension_mode":true,"campfire_choices":[{"data":"Feed","floor":11.0,"key":"SMITH"},{"data":"Evolve","floor":15.0,"key":"SMITH"},{"floor":23.0,"key":"REST"},{"floor":29.0,"key":"REST"},{"data":"Corruption","floor":32.0,"key":"SMITH"},{"data":"Offering","floor":40,"key":"SMITH"},{"data":"Pommel Strike","floor":44,"key":"SMITH"},{"data":"Shockwave","floor":46,"key":"SMITH"},{"floor":49,"key":"DIG"}],"circlet_count":0,"master_deck":["Defend_R","Defend_R","Defend_R","Defend_R","Pummel","Disarm","Evolve+1","Feed+1","Thunderclap","Whirlwind","Pommel Strike+1","Shrug It Off","Corruption+1","Ghostly","Ghostly","Ghostly","Ghostly","Ghostly","Offering+1","Warcry+1","Second Wind+1","Shockwave+1","Dark Embrace+1"],"relics":["Burning Blood","NeowsBlessing","HornCleat","Bronze Scales","Boot","Omamori","Mark of Pain","Lantern","Ancient Tea Set","PreservedInsect","Shovel","Dead Branch","Astrolabe","Red Mask","Pen Nib","Pocketwatch","Vajra"],"acts_visited":["Exordium","TheCity","TheBeyond"],"potions_floor_usage":[33,41,50,50,50],"damage_taken":[{"damage":0.0,"enemies":"Small Slimes","floor":1.0,"turns":1.0},{"damage":0.0,"enemies":"Cultist","floor":3.0,"turns":1.0},{"damage":0.0,"enemies":"Gremlin Nob","floor":6.0,"turns":1.0},{"damage":10.0,"enemies":"Jaw Worm","floor":7.0,"turns":3.0},{"damage":14.0,"enemies":"Red Slaver","floor":8.0,"turns":5.0},{"damage":27.0,"enemies":"3 Sentries","floor":10.0,"turns":7.0},{"damage":12.0,"enemies":"Gremlin Nob","floor":13.0,"turns":4.0},{"damage":0.0,"enemies":"3 Louse","floor":14.0,"turns":1.0},{"damage":48.0,"enemies":"Slime Boss","floor":16.0,"turns":12.0},{"damage":14.0,"enemies":"Shell Parasite","floor":18.0,"turns":7.0},{"damage":6.0,"enemies":"3 Byrds","floor":21.0,"turns":3.0},{"damage":42.0,"enemies":"Centurion and Healer","floor":22.0,"turns":7.0},{"damage":38.0,"enemies":"Gremlin Leader","floor":24.0,"turns":7.0},{"damage":30.0,"enemies":"Snake Plant","floor":25.0,"turns":4.0},{"damage":1.0,"enemies":"Snecko","floor":31.0,"turns":6.0},{"damage":16,"enemies":"Champ","floor":33,"turns":12},{"damage":3,"enemies":"3 Darklings","floor":35,"turns":4},{"damage":13,"enemies":"3 Shapes","floor":39,"turns":3},{"damage":8,"enemies":"Transient","floor":41,"turns":5},{"damage":4,"enemies":"Maw","floor":45,"turns":5},{"damage":8,"enemies":"3 Darklings","floor":47,"turns":4},{"damage":3,"enemies":"Mind Bloom Boss Battle","floor":48,"turns":4},{"damage":3,"enemies":"Donu and Deca","floor":50,"turns":4}],"seed_played":"2531236009722766316","potions_obtained":[{"floor":1.0,"key":"SteroidPotion"},{"floor":13.0,"key":"ColorlessPotion"},{"floor":16.0,"key":"Swift Potion"},{"floor":24.0,"key":"GamblersBrew"},{"floor":25.0,"key":"AttackPotion"},{"floor":31.0,"key":"Weak Potion"},{"floor":39,"key":"DuplicationPotion"},{"floor":41,"key":"Dexterity Potion"},{"floor":45,"key":"Dexterity Potion"}],"is_trial":false,"path_per_floor":["M","$","M","$","?","E","M","M","T","E","R","$","E","M","R","B",null,"M","?","$","M","M","R","E","M","T","?","$","R","?","M","R","B",null,"M","$","?","$","M","R","M","?","T","R","M","R","M","?","R","B",null],"character_chosen":"IRONCLAD","items_purchased":["Disarm","Whirlwind","Lantern"],"campfire_rested":2,"item_purchase_floors":[2,12,20],"current_hp_per_floor":[78,78,80,80,80,80,79,71,71,53,53,53,51,57,57,19,75,67,67,67,67,35,64,32,8,8,8,8,37,37,46,46,36,49,52,52,52,52,49,49,47,47,47,47,49,49,47,50,50,57],"gold":119,"neow_bonus":"THREE_ENEMY_KILL","is_daily":false,"chose_seed":false,"campfire_upgraded":6,"win_rate":0.0,"timestamp":1608621981,"path_taken":["M","$","M","$","?","E","?","M","T","E","R","?","E","M","R","BOSS","M","?","$","?","M","R","E","M","T","?","$","R","?","M","R","BOSS","M","$","?","$","M","R","M","?","T","R","M","R","M","?","R","BOSS"],"items_purchased_type":["Card","Card","Relic"],"build_version":"2020-12-13","purchased_purges":3,"victory":true,"max_hp_per_floor":[80,80,80,80,80,80,83,83,83,86,86,86,90,90,90,94,94,94,94,94,94,98,98,98,98,98,98,98,98,49,53,53,53,53,53,53,53,53,57,57,57,57,57,57,57,57,57,57,57,61],"card_choices":[{"not_picked":["Dual Wield","Clash"],"picked":"Pummel","floor":1.0},{"not_picked":["Havoc","Thunderclap"],"picked":"Evolve","floor":3.0},{"not_picked":["Clothesline","Burning Pact","Feel No Pain"],"picked":"SKIP","floor":6.0},{"not_picked":["Entrench","Havoc"],"picked":"Thunderclap","floor":7.0},{"not_picked":["Thunderclap","Clash","Warcry"],"picked":"SKIP","floor":8.0},{"not_picked":["Battle Trance","Heavy Blade","Exhume"],"picked":"SKIP","floor":10.0},{"not_picked":["Clothesline","Feed"],"picked":"Pommel Strike","floor":13.0},{"not_picked":["Havoc","Iron Wave"],"picked":"Shrug It Off","floor":14.0},{"not_picked":["Juggernaut","Double Tap"],"picked":"Corruption","floor":16.0},{"not_picked":["Body Slam+1","Spot Weakness","Disarm"],"picked":"SKIP","floor":18.0},{"not_picked":["Iron Wave","Flex","Combust"],"picked":"SKIP","floor":21.0},{"not_picked":["Reckless Charge","Havoc","Warcry+1"],"picked":"SKIP","floor":22.0},{"not_picked":["Perfected Strike+1","Pommel Strike"],"picked":"Carnage","floor":24.0},{"not_picked":["Armaments","Fiend Fire","Pummel+1"],"picked":"SKIP","floor":25.0},{"not_picked":["Shrug It Off","Iron Wave","Headbutt"],"picked":"SKIP","floor":31.0},{"not_picked":["Exhume","Juggernaut"],"picked":"Offering","floor":33},{"not_picked":["Headbutt","Warcry","Evolve+1"],"picked":"SKIP","floor":35},{"not_picked":["Pommel Strike","Bludgeon","Body Slam+1"],"picked":"SKIP","floor":39},{"not_picked":["Metallicize+1","Warcry+1"],"picked":"Shockwave","floor":41},{"not_picked":["Clothesline","Hemokinesis"],"picked":"Dark Embrace+1","floor":45},{"not_picked":["Reckless Charge+1","Heavy Blade+1","Entrench+1"],"picked":"SKIP","floor":47}],"player_experience":198157,"relics_obtained":[{"floor":6.0,"key":"HornCleat"},{"floor":9.0,"key":"Bronze Scales"},{"floor":10.0,"key":"Boot"},{"floor":13.0,"key":"Omamori"},{"floor":24.0,"key":"Ancient Tea Set"},{"floor":26.0,"key":"PreservedInsect"},{"floor":43,"key":"Pen Nib"},{"floor":48,"key":"Pocketwatch"},{"floor":49,"key":"Vajra"}],"event_choices":[{"damage_healed":0.0,"max_hp_gain":0.0,"max_hp_loss":0.0,"gold_gain":0.0,"event_name":"Match and Keep!","player_choice":"1 cards matched","floor":5.0,"gold_loss":0.0,"damage_taken":0.0,"cards_obtained":["Feed"]},{"cards_removed":["Strike_R"],"damage_healed":0.0,"max_hp_gain":0.0,"max_hp_loss":0.0,"gold_gain":0.0,"event_name":"Purifier","player_choice":"Purged","floor":19.0,"gold_loss":0.0,"damage_taken":0.0},{"damage_healed":0.0,"max_hp_gain":0.0,"max_hp_loss":0.0,"gold_gain":0.0,"event_name":"Addict","player_choice":"Obtained Relic","floor":27.0,"gold_loss":85.0,"damage_taken":0.0,"relics_obtained":["Shovel"]},{"damage_healed":0.0,"max_hp_gain":0.0,"max_hp_loss":49.0,"gold_gain":0.0,"event_name":"Ghosts","player_choice":"Became a Ghost","floor":30.0,"gold_loss":0.0,"damage_taken":0.0,"cards_obtained":["Ghostly","Ghostly","Ghostly","Ghostly","Ghostly"]},{"cards_removed":["Bash"],"damage_healed":0,"gold_gain":0,"player_choice":"Removed Attack","damage_taken":0,"max_hp_gain":0,"max_hp_loss":0,"event_name":"Falling","floor":37,"gold_loss":0},{"damage_healed":0,"gold_gain":0,"player_choice":"Paid","damage_taken":0,"relics_obtained":["Red Mask"],"max_hp_gain":0,"max_hp_loss":0,"event_name":"Tomb of Lord Red Mask","floor":42,"gold_loss":53},{"damage_healed":0,"gold_gain":0,"player_choice":"Fight","damage_taken":0,"max_hp_gain":0,"max_hp_loss":0,"event_name":"MindBloom","floor":48,"gold_loss":0}],"is_beta":false,"boss_relics":[{"not_picked":["Cursed Key","Ectoplasm"],"picked":"Mark of Pain"},{"not_picked":["Runic Pyramid","Busted Crown"],"picked":"Astrolabe"}],"items_purged_floors":[12,28,36],"is_endless":false,"potions_floor_spawned":[1,13,16,24,25,31,39,41,45],"ascension_level":6}}