{"host":"56xwnffi6e9z5l58","time":1608651141,"event":{"mods":["Aspiration","BaseMod","Better Match","Better Note","Better Sensory Stone","BetterRewards","Colored Map","Colored Powertips","Conspire","GifTheSpireLib","Hermit","Highlight Path","Hubris","Infinite Spire","Key Reminder","Minty Spire (QoL Compilation)","Permanent Neow","Quick Restart","Rare Cards Sparkle","Replay The Spire","StSLib","Stuff the Spire","SuperFastMode","Unceasing Turn Reminder"],"gold_per_floor":[13,13,30,30,83,83,83,83,110,122,139,149,149,160,160,263,263,281,294,309,234,244,244,244,244],"floor_reached":24,"playtime":807,"items_purged":["ReplayTheSpireMod:Splinters"],"score":247,"play_id":"d4cd203c-be4d-4884-b0c5-c3b856689704","local_time":"20201222233221","is_ascension_mode":true,"campfire_choices":[{"data":"Draining Mist","floor":6,"key":"SMITH"},{"data":"Catalyst","floor":8,"key":"SMITH"},{"data":"Venomology","floor":13,"key":"SMITH"},{"data":"Dash","floor":15,"key":"SMITH"},{"floor":23,"key":"REST"}],"circlet_count":0,"master_deck":["Strike_G","Strike_G","Strike_G","Strike_G","Strike_G","Defend_G","Defend_G","Defend_G","Defend_G","Defend_G","Survivor","Neutralize","Catalyst+1","Draining Mist+1","Fluid Movement","Venomology+1","Caltrops","Dash+1","StuffTheSpire:FinalStruggle","ReplayTheSpireMod:Speed Training","Bouncing Flask","StuffTheSpire:Shiver"],"relics":["Ring of the Snake","hubris:BundleOfHerbs","Pen Nib","Oddly Smooth Stone","HoveringKite"],"acts_visited":["Exordium","TheCity"],"potions_floor_usage":[11,11,14,16,18,18,19,20,20,20,22,24,24],"damage_taken":[{"damage":0,"enemies":"Cultist","floor":1,"turns":5},{"damage":5,"enemies":"2 Louse","floor":3,"turns":3},{"damage":8,"enemies":"Small Slimes","floor":10,"turns":5},{"damage":0,"enemies":"Looter","floor":11,"turns":3},{"damage":8,"enemies":"Lots of Slimes","floor":12,"turns":8},{"damage":12,"enemies":"Blue Slaver","floor":14,"turns":5},{"damage":24,"enemies":"Hexaghost","floor":16,"turns":14},{"damage":50,"enemies":"3 Byrds","floor":18,"turns":5},{"damage":53,"enemies":"Shell Parasite","floor":19,"turns":7},{"damage":40,"enemies":"Centurion and Healer","floor":20,"turns":7},{"damage":1,"enemies":"Snecko","floor":22,"turns":4},{"damage":37,"enemies":"Slavers","floor":24,"turns":4}],"seed_played":"-6078612870262148051","potions_obtained":[{"floor":1,"key":"GhostInAJar"},{"floor":3,"key":"SpeedPotion"},{"floor":5,"key":"Block Potion"},{"floor":7,"key":"infinitespire:BlackPotion"},{"floor":7,"key":"Fire Potion"},{"floor":19,"key":"Block Potion"},{"floor":22,"key":"Adrenaline Potion"}],"is_trial":false,"path_per_floor":["M","$","M","$","?","R","?","R","T","M","M","M","R","M","R","B",null,"M","M","M","$","M","R","E"],"character_chosen":"THE_SILENT","items_purchased":[],"campfire_rested":1,"item_purchase_floors":[],"current_hp_per_floor":[63,63,58,58,58,58,58,58,58,50,50,42,42,30,30,16,57,57,44,4,4,3,24,0,0],"gold":244,"neow_bonus":"ONE_RARE_RELIC","is_daily":false,"chose_seed":false,"campfire_upgraded":4,"win_rate":0.0,"timestamp":1608651141,"path_taken":["M","?","?","?","?","R","?","R","T","M","?","M","R","M","R","BOSS","M","M","M","$","M","R","E"],"items_purchased_type":[],"build_version":"2020-12-13","purchased_purges":1,"victory":false,"max_hp_per_floor":[70,70,70,70,70,70,70,70,70,70,70,70,70,70,70,70,70,70,70,70,70,70,70,70,70],"card_choices":[{"not_picked":["Blade Dance","PiercingWail"],"picked":"Catalyst","floor":1},{"not_picked":["Replay:Poison Smokescreen","Fluid Movement"],"picked":"Draining Mist","floor":3},{"not_picked":["Deflect","Skewer"],"picked":"Fluid Movement","floor":5},{"not_picked":["hubris:SlightOfHand","Sucker Punch"],"picked":"Venomology","floor":10},{"not_picked":["Endless Agony","StuffTheSpire:BumpUp","Blade Dance"],"picked":"SKIP","floor":11},{"not_picked":["Hidden Blade","hubris:Sniper"],"picked":"Caltrops","floor":12},{"not_picked":["StuffTheSpire:Sprint","Flying Knee"],"picked":"Dash","floor":14},{"not_picked":["aspiration:Lunge","Night Terror"],"picked":"StuffTheSpire:FinalStruggle","floor":16},{"not_picked":["StuffTheSpire:BumpUp","Underhanded Strike"],"picked":"ReplayTheSpireMod:Speed Training","floor":18},{"not_picked":["StuffTheSpire:BrimstoneBlast","Setup"],"picked":"Bouncing Flask","floor":19},{"not_picked":["StuffTheSpire:Incantation","StuffTheSpire:ReptileScales"],"picked":"StuffTheSpire:Shiver","floor":20},{"not_picked":["StuffTheSpire:Python","Cloak And Dagger","Outmaneuver"],"picked":"SKIP","floor":22}],"player_experience":948701,"relics_obtained":[{"floor":5,"key":"Pen Nib"},{"floor":9,"key":"Oddly Smooth Stone"}],"event_choices":[{"damage_healed":0,"gold_gain":0,"player_choice":"Got Potions","damage_taken":0,"max_hp_gain":0,"max_hp_loss":0,"event_name":"Lab","floor":7,"gold_loss":0}],"is_beta":false,"boss_relics":[{"not_picked":["hubris:VirtuousBlindfold","Busted Crown"],"picked":"HoveringKite"}],"items_purged_floors":[21],"is_endless":false,"potions_floor_spawned":[1,3,10,19,22],"killed_by":"Slavers","ascension_level":6}}