{"host":"qyjrmrr57odine7m","time":1608669341,"event":{"mods":["AchievementEnabler","BaseMod","Bestiary","Block Reminder","Card Forge","Highlight Path","Minty Spire (QoL Compilation)","Permanent Neow","StSLib"],"gold_per_floor":[119,136,211,211,231,265,284,318,343,343,358,533,533,565,565,667,667,680,698,648,421,431,458,470,482,509,524,524,542,571,585,585,685,685,703,717,278,278,278,278,278,278,278,278,278,313,313,329,329,329,329],"floor_reached":50,"playtime":2320,"items_purged":[],"score":607,"play_id":"4d8fc34b-e4f2-4e2c-99d8-cd5aa3bea564","local_time":"20201222203541","is_ascension_mode":false,"campfire_choices":[{"floor":10.0,"key":"REST"},{"floor":13.0,"key":"REST"},{"floor":15.0,"key":"REST"},{"floor":28.0,"key":"REST"},{"floor":32.0,"key":"REST"},{"floor":40,"key":"RECALL"}],"circlet_count":0,"master_deck":["Strike_B+1","Zap+1","Leap+1","Leap+1","Leap+1","Electrodynamics+1","Leap+1","Machine Learning+1","Ball Lightning+1","Defragment+1","Defragment+1","Redo+1","Creative AI+1","Ball Lightning+1","Leap+1"],"relics":["Cracked Core","Hammer of Thor","Seething Fire","Anvil of the Gods","NeowsBlessing","Sundial","Bronze Scales","Anchor","Vajra","Busted Crown","DollysMirror","Gremlin Horn","Whetstone","Art of War","Coffee Dripper","Juzu Bracelet","MealTicket","Cauldron","Shuriken","Lantern"],"acts_visited":["Exordium","TheCity","TheBeyond"],"potions_floor_usage":[50,50,50],"damage_taken":[{"damage":0.0,"enemies":"Cultist","floor":1.0,"turns":1.0},{"damage":0.0,"enemies":"Small Slimes","floor":2.0,"turns":1.0},{"damage":0.0,"enemies":"2 Louse","floor":5.0,"turns":1.0},{"damage":5.0,"enemies":"Lagavulin","floor":6.0,"turns":8.0},{"damage":5.0,"enemies":"Red Slaver","floor":7.0,"turns":3.0},{"damage":27.0,"enemies":"Gremlin Nob","floor":8.0,"turns":4.0},{"damage":0.0,"enemies":"Lots of Slimes","floor":11.0,"turns":2.0},{"damage":0.0,"enemies":"Lagavulin","floor":14.0,"turns":4.0},{"damage":4.0,"enemies":"Hexaghost","floor":16.0,"turns":7.0},{"damage":0.0,"enemies":"3 Byrds","floor":18.0,"turns":1.0},{"damage":0.0,"enemies":"Spheric Guardian","floor":19.0,"turns":4.0},{"damage":0.0,"enemies":"3 Cultists","floor":22.0,"turns":2.0},{"damage":0.0,"enemies":"Gremlin Leader","floor":23.0,"turns":3.0},{"damage":0.0,"enemies":"Snake Plant","floor":24.0,"turns":3.0},{"damage":0.0,"enemies":"Snecko","floor":25.0,"turns":3.0},{"damage":0.0,"enemies":"Centurion and Healer","floor":27.0,"turns":4.0},{"damage":3.0,"enemies":"Snake Plant","floor":29.0,"turns":3.0},{"damage":2.0,"enemies":"Book of Stabbing","floor":30.0,"turns":4.0},{"damage":0.0,"enemies":"Cultist and Chosen","floor":31.0,"turns":3.0},{"damage":24.0,"enemies":"Champ","floor":33.0,"turns":7.0},{"damage":9,"enemies":"3 Darklings","floor":35,"turns":2},{"damage":10,"enemies":"3 Shapes","floor":36,"turns":3},{"damage":29,"enemies":"Nemesis","floor":46,"turns":5},{"damage":0,"enemies":"3 Darklings","floor":48,"turns":3},{"damage":47,"enemies":"Time Eater","floor":50,"turns":8}],"seed_played":"-6512322189000947815","potions_obtained":[{"floor":1.0,"key":"Weak Potion"},{"floor":7.0,"key":"ColorlessPotion"},{"floor":8.0,"key":"Block Potion"},{"floor":11.0,"key":"DuplicationPotion"},{"floor":14.0,"key":"SkillPotion"},{"floor":16.0,"key":"LiquidMemories"},{"floor":18.0,"key":"Explosive Potion"},{"floor":19.0,"key":"GamblersBrew"},{"floor":25.0,"key":"EntropicBrew"},{"floor":33,"key":"BlessingOfTheForge"},{"floor":37,"key":"CultistPotion"},{"floor":37,"key":"Strength Potion"}],"is_trial":false,"path_per_floor":["M","M","?","?","M","E","M","E","T","R","M","?","R","E","R","B",null,"M","M","?","$","M","E","M","M","T","M","R","M","E","M","R","B",null,"M","M","$","?","?","R","?","?","T","?","R","E","?","M","R","B"],"character_chosen":"DEFECT","items_purchased":["Defragment","DollysMirror","Juzu Bracelet","MealTicket","Cauldron"],"campfire_rested":5,"item_purchase_floors":[21,21,37,37,37],"current_hp_per_floor":[75,75,64,57,57,52,47,20,20,42,42,42,64,64,75,71,75,75,75,75,75,75,75,75,75,75,75,75,72,70,70,75,51,75,66,56,56,56,75,75,75,75,75,75,75,46,46,46,46,0,0],"gold":329,"neow_bonus":"THREE_ENEMY_KILL","is_daily":false,"chose_seed":false,"campfire_upgraded":0,"win_rate":0.0,"timestamp":1608669341,"path_taken":["M","?","?","?","M","E","M","E","T","R","M","?","R","E","R","BOSS","M","M","?","$","M","E","M","?","T","?","R","M","E","?","R","BOSS","BOSS","M","M","$","?","?","R","?","?","T","?","R","E","?","M","R","BOSS"],"items_purchased_type":["Card","Relic","Relic","Relic","Relic"],"build_version":"2020-12-13","purchased_purges":0,"victory":false,"max_hp_per_floor":[75,75,75,75,75,75,75,75,75,75,75,75,75,75,75,75,75,75,75,75,75,75,75,75,75,75,75,75,75,75,75,75,75,75,75,75,75,75,75,75,75,75,75,75,75,75,75,75,75,75,75],"card_choices":[{"not_picked":["Melter","Hologram"],"picked":"Leap","floor":1.0},{"not_picked":["Consume","Skim","Barrage"],"picked":"SKIP","floor":2.0},{"not_picked":["Sweeping Beam","Cold Snap"],"picked":"Leap","floor":5.0},{"not_picked":["Recycle","Lockon"],"picked":"Electrodynamics","floor":6.0},{"not_picked":["Go for the Eyes","Consume","Compile Driver"],"picked":"SKIP","floor":7.0},{"not_picked":["BootSequence","Go for the Eyes","Heatsinks"],"picked":"SKIP","floor":8.0},{"not_picked":["Genetic Algorithm","Doom and Gloom","Aggregate"],"picked":"SKIP","floor":11.0},{"not_picked":["Ball Lightning","Beam Cell"],"picked":"Leap","floor":14.0},{"not_picked":["Creative AI","Biased Cognition"],"picked":"Machine Learning","floor":16.0},{"not_picked":["Conserve Battery"],"picked":"SKIP","floor":18.0},{"not_picked":[],"picked":"Ball Lightning","floor":19.0},{"not_picked":["Barrage"],"picked":"SKIP","floor":22.0},{"not_picked":["Electrodynamics"],"picked":"SKIP","floor":23.0},{"not_picked":[],"picked":"Redo+1","floor":24.0},{"not_picked":["Scrape"],"picked":"SKIP","floor":25.0},{"not_picked":["Leap"],"picked":"SKIP","floor":27.0},{"not_picked":[],"picked":"Melter","floor":29.0},{"not_picked":["Aggregate"],"picked":"SKIP","floor":30.0},{"not_picked":["Rebound+1"],"picked":"SKIP","floor":31.0},{"not_picked":[],"picked":"Creative AI","floor":33},{"not_picked":[],"picked":"Ball Lightning+1","floor":35},{"not_picked":["Glacier+1"],"picked":"SKIP","floor":36},{"not_picked":["Chaos"],"picked":"SKIP","floor":46},{"not_picked":["Rebound+1"],"picked":"SKIP","floor":48}],"player_experience":1186601,"relics_obtained":[{"floor":6.0,"key":"Sundial"},{"floor":8.0,"key":"Bronze Scales"},{"floor":9.0,"key":"Anchor"},{"floor":14.0,"key":"Vajra"},{"floor":23.0,"key":"Gremlin Horn"},{"floor":26.0,"key":"Whetstone"},{"floor":30.0,"key":"Art of War"},{"floor":43,"key":"Shuriken"},{"floor":46,"key":"Lantern"}],"event_choices":[{"damage_healed":0.0,"max_hp_gain":0.0,"max_hp_loss":0.0,"gold_gain":75.0,"event_name":"World of Goop","player_choice":"Gather Gold","floor":3.0,"gold_loss":0.0,"damage_taken":11.0},{"cards_removed":["Defend_B"],"damage_healed":0.0,"max_hp_gain":0.0,"max_hp_loss":0.0,"gold_gain":0.0,"event_name":"Golden Wing","player_choice":"Card Removal","floor":4.0,"gold_loss":0.0,"damage_taken":7.0},{"damage_healed":0.0,"max_hp_gain":0.0,"max_hp_loss":0.0,"gold_gain":175.0,"event_name":"Liars Game","player_choice":"AGREE","floor":12.0,"gold_loss":0.0,"damage_taken":0.0,"cards_obtained":["Doubt"]},{"damage_healed":0.0,"max_hp_gain":0.0,"max_hp_loss":0.0,"gold_gain":0.0,"event_name":"The Joust","player_choice":"Bet on Murderer","floor":20.0,"gold_loss":50.0,"damage_taken":0.0},{"damage_healed":0,"gold_gain":0,"player_choice":"Memory 1","damage_taken":0,"max_hp_gain":0,"max_hp_loss":0,"event_name":"SensoryStone","floor":38,"gold_loss":0},{"damage_healed":19,"gold_gain":0,"player_choice":"Writhe","damage_taken":0,"max_hp_gain":0,"max_hp_loss":0,"event_name":"Winding Halls","floor":39,"gold_loss":0,"cards_obtained":["Writhe"]},{"damage_healed":0,"gold_gain":0,"player_choice":"Cursed","damage_taken":0,"max_hp_gain":0,"max_hp_loss":0,"event_name":"Wheel of Change","floor":41,"gold_loss":0,"cards_obtained":["Decay"]},{"damage_healed":0,"gold_gain":0,"player_choice":"Ignored","damage_taken":0,"max_hp_gain":0,"max_hp_loss":0,"event_name":"Tomb of Lord Red Mask","floor":42,"gold_loss":0},{"cards_removed":["Melter"],"damage_healed":0,"gold_gain":0,"player_choice":"Removed Attack","damage_taken":0,"max_hp_gain":0,"max_hp_loss":0,"event_name":"Falling","floor":44,"gold_loss":0},{"damage_healed":0,"gold_gain":0,"player_choice":"Ignored","damage_taken":0,"max_hp_gain":0,"max_hp_loss":0,"event_name":"Mysterious Sphere","floor":47,"gold_loss":0}],"is_beta":false,"boss_relics":[{"not_picked":["Empty Cage","Runic Pyramid"],"picked":"Busted Crown"},{"not_picked":["Velvet Choker","Calling Bell"],"picked":"Coffee Dripper"}],"items_purged_floors":[],"is_endless":false,"potions_floor_spawned":[1,7,8,11,14,16,18,19,25,27,29,33,36,46],"killed_by":"Time Eater","ascension_level":0}}