{"host":"znbbdcd7ock3o34b","time":1608648787,"event":{"mods":["Act Like it!","BaseMod","Downfall","GungeonMod","Minty Spire (QoL Compilation)","Replay The Spire","StSLib","The Animator","The Bug Knight","The Kombatant","The Senshi","TheWitcher"],"gold_per_floor":[112,124,151,180,150,183,183,215,242,242,242,264,264,264,264,4,4,102,102,128,144,182,182,204,204,237,237,262,314,356,356,281,196,196,304,304,320,341,341,341,362,396,464,464,489,513,526,526,194,205,205,213,213,213,113,150,150,150],"floor_reached":57,"playtime":6855,"items_purged":["Writhe","Voices"],"score":841,"play_id":"ca24c392-f190-4e11-b289-c9173a254381","local_time":"20201222225307","is_ascension_mode":false,"campfire_choices":[{"floor":7,"key":"RECALL"},{"data":"SnafuTest:PowerProbingFeint","floor":10,"key":"SMITH"},{"data":"SnafuTest:PowerMartialMagical","floor":17,"key":"SMITH"},{"data":"Apotheosis","floor":25,"key":"SMITH"},{"data":"SnafuTest:PowerRhymeBeyondTime","floor":27,"key":"SMITH"},{"floor":31,"key":"REST"},{"floor":48,"key":"REST"},{"floor":51,"key":"REST"},{"data":"SnafuTest:SpellLivingArmor","floor":54,"key":"SMITH"}],"circlet_count":0,"master_deck":["SnafuTest:DefaultCommonAttack","SnafuTest:DefaultCommonAttack","SnafuTest:BountyHunt","SnafuTest:DefaultCommonSkill","SnafuTest:DefaultCommonSkill","SnafuTest:DefaultCommonSkill","SnafuTest:SignIgni","SnafuTest:PowerProbingFeint+1","SnafuTest:SpellLivingArmor+1","SnafuTest:SpellDispellingPush","SnafuTest:SpellChainLightning+1","SnafuTest:SmashingSlash","SnafuTest:MagePersecution","SnafuTest:PowerMartialMagical+1","SnafuTest:Amputation","SnafuTest:MercilessReaper+1","SnafuTest:SignAard","SnafuTest:LastWish","Apotheosis+1","SnafuTest:SignAxii+1","SnafuTest:PowerRhymeBeyondTime+1","SnafuTest:SignYrden","SnafuTest:PowerBloodLust","SnafuTest:ConciliatoryPresence","SnafuTest:Shooting+1","SnafuTest:Shooting+1","SnafuTest:SpellArcaneDomain","SnafuTest:MCSuccubusSeduction+1","SnafuTest:GraveDancingPaleFire","SnafuTest:SpellLifeDrain+1","SnafuTest:PowerCounterAttack+1","SnafuTest:SpellChainLightning+1","SnafuTest:BombDragonsDream+1","Parasite","SnafuTest:PowerCrimsonRitual+1","SnafuTest:ShieldUp+1"],"relics":["SnafuTest:PlaceholderRelic","NeowsBlessing","ReplayFunnel","InkBottle","theSenshi:SailorFukuRelic","Ring of Panic","ReplayTheSpireMod:Ring of Challenge","Bottled Lightning","Honey Jar","Kunai","Prayer Wheel","SnafuTest:EnergyMutagenRelic","Mercury Hourglass","ReplayTheSpireMod:TigerMarble","SnafuTest:YrdenRelic","Mirror","DemoMod:OrangeGuonStone"],"acts_visited":["Exordium","TheCity","TheBeyond","TheEnding"],"potions_floor_usage":[5,18,26,26,30,35,42,47,52,52,57,57],"damage_taken":[{"damage":0,"enemies":"Cultist","floor":1,"turns":1},{"damage":0,"enemies":"Small Slimes","floor":2,"turns":1},{"damage":0,"enemies":"2 Louse","floor":3,"turns":1},{"damage":3,"enemies":"Large Slime","floor":4,"turns":6},{"damage":4,"enemies":"Looter","floor":5,"turns":4},{"damage":0,"enemies":"3 Sentries","floor":6,"turns":4},{"damage":6,"enemies":"HollowMod:MossKnight","floor":8,"turns":10},{"damage":0,"enemies":"Gremlin Gang","floor":11,"turns":3},{"damage":2,"enemies":"Blue Slaver","floor":12,"turns":2},{"damage":27,"enemies":"The Guardian","floor":18,"turns":10},{"damage":1,"enemies":"3 Byrds","floor":20,"turns":5},{"damage":0,"enemies":"2 Thieves","floor":21,"turns":3},{"damage":0,"enemies":"Cultist and Chosen","floor":22,"turns":4},{"damage":16,"enemies":"Sentry and Sphere","floor":24,"turns":5},{"damage":6,"enemies":"Slavers","floor":26,"turns":4},{"damage":5,"enemies":"Chosen and Byrds","floor":29,"turns":4},{"damage":21,"enemies":"Snake Plant","floor":30,"turns":4},{"damage":31,"enemies":"Automaton","floor":35,"turns":10},{"damage":0,"enemies":"3 Shapes","floor":37,"turns":6},{"damage":8,"enemies":"3 Darklings","floor":38,"turns":5},{"damage":0,"enemies":"Writhing Mass","floor":41,"turns":5},{"damage":0,"enemies":"Reptomancer","floor":42,"turns":5},{"damage":8,"enemies":"3 Darklings","floor":46,"turns":4},{"damage":27,"enemies":"Writhing Mass","floor":47,"turns":5},{"damage":0,"enemies":"Transient","floor":50,"turns":5},{"damage":56,"enemies":"Time Eater","floor":52,"turns":9},{"damage":0,"enemies":"Shield and Spear","floor":56,"turns":5},{"damage":76,"enemies":"The Heart","floor":57,"turns":8}],"seed_played":"-2024428783194187376","potions_obtained":[{"floor":3,"key":"Energy Potion"},{"floor":8,"key":"SnafuTest:PlaceholderPotion"},{"floor":11,"key":"Elixir"},{"floor":12,"key":"Flashbang"},{"floor":18,"key":"DuplicationPotion"},{"floor":20,"key":"LiquidMemories"},{"floor":21,"key":"SkillPotion"},{"floor":24,"key":"Adrenaline Potion"},{"floor":29,"key":"PowerPotion"},{"floor":30,"key":"SkillPotion"},{"floor":41,"key":"Swift Potion"},{"floor":42,"key":"FearPotion"},{"floor":43,"key":"Reflective Coating"},{"floor":46,"key":"champ:CounterPotion"},{"floor":56,"key":"LiquidMemories"}],"is_trial":false,"path_per_floor":["M","M","M","M","M","E","R","E","T","R","M","M","PTL","PTL","?","$","R","B",null,"M","M","M","?","M","R","E","R","T","M","M","R","?","?","R","B",null,"M","M","?","?","M","E","?","?","T","M","M","R","$","M","R","B",null,"R","$","E","B"],"character_chosen":"THE_WITCHER","items_purchased":["Bottled Lightning","Mirror"],"campfire_rested":3,"item_purchase_floors":[16,49],"current_hp_per_floor":[75,75,75,72,68,68,68,62,62,62,62,60,60,60,60,60,60,33,75,74,74,74,74,58,58,60,60,60,55,34,56,56,56,56,25,75,75,67,67,75,75,75,57,57,57,49,22,44,44,44,66,10,75,75,75,75,0,0],"gold":150,"neow_bonus":"THREE_ENEMY_KILL","is_daily":false,"chose_seed":false,"campfire_upgraded":5,"win_rate":0.0,"timestamp":1608648787,"path_taken":["M","M","M","M","M","E","R","E","T","R","?","M","PTL","PTL","?","$","R","BOSS","M","M","M","?","M","R","E","R","T","M","M","R","?","?","R","BOSS","M","M","?","?","M","E","?","?","T","M","M","R","$","M","R","BOSS","R","$","E","BOSS"],"items_purchased_type":["Relic","Relic"],"build_version":"2020-12-13","purchased_purges":2,"victory":false,"max_hp_per_floor":[75,75,75,75,75,75,75,75,75,75,75,75,75,75,75,75,75,75,75,75,75,75,75,75,75,75,75,75,75,75,75,75,75,75,75,75,75,75,75,75,75,75,75,75,75,75,75,75,75,75,75,75,75,75,75,75,75,75],"card_choices":[{"not_picked":["SnafuTest:MercilessReaper","SnafuTest:BattleCry"],"picked":"SnafuTest:PowerProbingFeint","floor":1},{"not_picked":["SnafuTest:UndefeatedNarcissism","SnafuTest:SpellBlindFury"],"picked":"SnafuTest:SpellLivingArmor","floor":2},{"not_picked":["SnafuTest:NoPass","SnafuTest:SpellBitingFrost"],"picked":"SnafuTest:SpellDispellingPush","floor":3},{"not_picked":["SnafuTest:ArmoredSortie","SnafuTest:Siege"],"picked":"SnafuTest:SpellChainLightning","floor":4},{"not_picked":["SnafuTest:PayArmorSmith","SnafuTest:PowerTrialOfGrasses"],"picked":"SnafuTest:SmashingSlash","floor":5},{"not_picked":["SnafuTest:UnpredictablePuncture","SnafuTest:CalculatingAmbition"],"picked":"SnafuTest:MagePersecution","floor":6},{"not_picked":["SnafuTest:GetPaid","SnafuTest:AncestralRitual"],"picked":"SnafuTest:PaySmithWorkshop","floor":8},{"not_picked":["SnafuTest:SpellBlindFury","SnafuTest:ScholarsIntrigue"],"picked":"SnafuTest:PaySmithWorkshop","floor":11},{"not_picked":["SnafuTest:SpellHellfire","SnafuTest:BombSamum"],"picked":"SnafuTest:PowerMartialMagical","floor":12},{"not_picked":["SnafuTest:SpellIthlinneProphecy","SnafuTest:PayExoticTreasure"],"picked":"SnafuTest:Amputation","floor":18},{"not_picked":["SnafuTest:Shooting","SnafuTest:NoPass","SnafuTest:ShieldUp"],"picked":"SnafuTest:MercilessReaper+1","floor":20},{"not_picked":["SnafuTest:BattleCry+1","SnafuTest:BombDancingStar","SnafuTest:SpellHellfire"],"picked":"SnafuTest:SignAard","floor":21},{"not_picked":["SnafuTest:PowerAlwaysOnRoads","SnafuTest:BombDragonsDream","SnafuTest:BombDimeritium"],"picked":"SnafuTest:LastWish","floor":22},{"not_picked":["SnafuTest:BombDimeritium","SnafuTest:RecklessBlow","SnafuTest:BattleCry"],"picked":"SnafuTest:SignAxii+1","floor":24},{"not_picked":["SnafuTest:PowerProbingFeint","SnafuTest:SignYrden","SnafuTest:Portal"],"picked":"SnafuTest:PowerRhymeBeyondTime","floor":26},{"not_picked":["SnafuTest:GetPaid+1","SnafuTest:SpellHellfire","SnafuTest:Oriole"],"picked":"SnafuTest:BlueWhale","floor":29},{"not_picked":["SnafuTest:PaySmithWorkshop+1","SnafuTest:Meditation","SnafuTest:SpellIncendiaryShower"],"picked":"SnafuTest:SignYrden","floor":30},{"not_picked":["SnafuTest:PowerRhymeBeyondTime","SnafuTest:PayExoticTreasure","SnafuTest:BlackSunReturn"],"picked":"SnafuTest:ConciliatoryPresence","floor":35},{"not_picked":["SnafuTest:SpellBitingFrost","SnafuTest:PowerBloodLust+1","SnafuTest:HermitsErudition"],"picked":"SnafuTest:Shooting+1","floor":37},{"not_picked":["SnafuTest:BattleCry","SnafuTest:SpellBitingFrost","SnafuTest:BombNorthernWind"],"picked":"SnafuTest:Shooting+1","floor":37},{"not_picked":["SnafuTest:AncestralRitual+1","SnafuTest:BattleCry","SnafuTest:SpellBitingFrost+1"],"picked":"SnafuTest:SpellArcaneDomain","floor":38},{"not_picked":["SnafuTest:SpellTelekinesis","SnafuTest:ShoulderSlam+1","SnafuTest:SpellBlindFury"],"picked":"SnafuTest:MCSuccubusSeduction+1","floor":38},{"not_picked":["SnafuTest:NoPass+1","SnafuTest:BombMoonDust+1","SnafuTest:PayArmorSmith"],"picked":"SnafuTest:GraveDancingPaleFire","floor":41},{"not_picked":["SnafuTest:AncestralRitual+1","SnafuTest:SpellHellfire","SnafuTest:Portal","SnafuTest:ShoulderSlam"],"picked":"SKIP","floor":41},{"not_picked":["SnafuTest:PowerCrimsonRitual","SnafuTest:MCMockAndRun","SnafuTest:PowerBloodLust"],"picked":"SnafuTest:SpellLifeDrain+1","floor":42},{"not_picked":["SnafuTest:WeddingDance","SnafuTest:FlashingEvasion","SnafuTest:ShieldUp"],"picked":"SnafuTest:PowerCounterAttack+1","floor":43},{"not_picked":["SnafuTest:PayWeaponSmith+1","SnafuTest:UndefeatedNarcissism+1","SnafuTest:SignIgni"],"picked":"SnafuTest:SpellChainLightning+1","floor":46},{"not_picked":["SnafuTest:FirstAid+1","SnafuTest:MCMockAndRun","SnafuTest:SignAard+1"],"picked":"SnafuTest:BombDragonsDream+1","floor":46},{"not_picked":["SnafuTest:BombDevilsPuffball","SnafuTest:MCMockAndRun","SnafuTest:SpellChainLightning+1"],"picked":"SnafuTest:PowerCrimsonRitual+1","floor":47},{"not_picked":["SnafuTest:SneakKill","SnafuTest:SignIgni","SnafuTest:SignAxii+1","SnafuTest:PowerCounterAttack+1"],"picked":"SKIP","floor":47},{"not_picked":["SnafuTest:AncestralRitual+1","SnafuTest:FirstAid+1","SnafuTest:SpellBlindFury+1","SnafuTest:CareTaker"],"picked":"SKIP","floor":50},{"not_picked":["SnafuTest:UnpredictablePuncture","SnafuTest:MCSuccubusSeduction+1","SnafuTest:MercilessReaper+1","SnafuTest:Meditation"],"picked":"SKIP","floor":50},{"not_picked":["SnafuTest:SignYrden+1","SnafuTest:SpellTelekinesis","SnafuTest:WeddingDance"],"picked":"SnafuTest:ShieldUp+1","floor":56}],"player_experience":180622,"relics_obtained":[{"floor":6,"key":"ReplayFunnel"},{"floor":8,"key":"InkBottle"},{"floor":9,"key":"theSenshi:SailorFukuRelic"},{"floor":15,"key":"Ring of Panic"},{"floor":15,"key":"ReplayTheSpireMod:Ring of Challenge"},{"floor":26,"key":"Kunai"},{"floor":42,"key":"Mercury Hourglass"},{"floor":43,"key":"ReplayTheSpireMod:TigerMarble"},{"floor":45,"key":"SnafuTest:YrdenRelic"},{"floor":56,"key":"DemoMod:OrangeGuonStone"}],"event_choices":[{"cards_removed":["SnafuTest:DefaultCommonAttack"],"damage_healed":0,"gold_gain":0,"player_choice":"Gave Gold","damage_taken":0,"max_hp_gain":0,"max_hp_loss":0,"event_name":"Beggar","floor":32,"gold_loss":75},{"damage_healed":0,"gold_gain":0,"player_choice":"Obtained Relic","damage_taken":0,"relics_obtained":["Prayer Wheel"],"max_hp_gain":0,"max_hp_loss":0,"event_name":"Addict","floor":33,"gold_loss":85},{"damage_healed":0,"gold_gain":0,"player_choice":"Read","damage_taken":0,"max_hp_gain":0,"max_hp_loss":0,"event_name":"The Library","floor":34,"gold_loss":0,"cards_obtained":["SnafuTest:PowerBloodLust"]},{"cards_removed":["SnafuTest:BlueWhale"],"damage_healed":0,"gold_gain":0,"player_choice":"Removed Skill","damage_taken":0,"max_hp_gain":0,"max_hp_loss":0,"event_name":"Falling","floor":39,"gold_loss":0},{"damage_healed":19,"gold_gain":0,"player_choice":"Writhe","damage_taken":0,"max_hp_gain":0,"max_hp_loss":0,"event_name":"Winding Halls","floor":40,"gold_loss":0,"cards_obtained":["Writhe"]},{"damage_healed":0,"gold_gain":0,"player_choice":"Ignored","damage_taken":0,"max_hp_gain":0,"max_hp_loss":0,"event_name":"Tomb of Lord Red Mask","floor":44,"gold_loss":0}],"is_beta":false,"boss_relics":[{"not_picked":["Cursed Key","Runic Pyramid"],"picked":"Honey Jar"},{"not_picked":["Philosopher\u0027s Stone","Replay:Grab Bag"],"picked":"SnafuTest:EnergyMutagenRelic"}],"items_purged_floors":[49,55],"is_endless":false,"potions_floor_spawned":[3,8,11,12,18,20,21,24,29,30,41,42,46,56],"killed_by":"The Heart","ascension_level":0}}