{"host":"7yxt37kap0q16lk4","time":1608636116,"event":{"mods":["2.2 Compatiblity","Act Like it!","BaseMod","Better Third Choice","Better-Laid Plans","Colored Map","Custom Start","Highlight Path","Keyboard Shortcuts","Minty Spire (QoL Compilation)","Quick Restart","Rare Cards Sparkle","Relic Stats","Shop Mod","Slay the Relics Exporter","StSLib","SuperFastMode"],"gold_per_floor":[113,132,132,148,148,148,188,263,314,347,367,367,367],"floor_reached":12,"playtime":141,"items_purged":[],"score":176,"play_id":"8c5071b9-ec93-4990-8804-0373012d995e","local_time":"20201222202156","is_ascension_mode":true,"campfire_choices":[{"data":"Bash","floor":6,"key":"SMITH"}],"circlet_count":0,"master_deck":["AscendersBane","Strike_R","Strike_R","Strike_R","Strike_R","Strike_R","Defend_R","Defend_R","Defend_R","Defend_R","Bash+1","Perfected Strike","Wild Strike","Thunderclap","Sword Boomerang"],"relics":["Burning Blood","NeowsBlessing","Strawberry","Golden Idol","Smiling Mask","Orichalcum","Ornamental Fan"],"acts_visited":["Exordium"],"potions_floor_usage":[],"damage_taken":[{"damage":0,"enemies":"Cultist","floor":1,"turns":1},{"damage":0,"enemies":"Jaw Worm","floor":2,"turns":1},{"damage":0,"enemies":"Small Slimes","floor":4,"turns":1},{"damage":38,"enemies":"3 Sentries","floor":7,"turns":7},{"damage":2,"enemies":"Gremlin Nob","floor":10,"turns":3},{"damage":7,"enemies":"Blue Slaver","floor":11,"turns":2},{"damage":14,"enemies":"Lagavulin","floor":12,"turns":4}],"seed_played":"-3921315236187884173","potions_obtained":[{"floor":4,"key":"SpeedPotion"},{"floor":7,"key":"SpeedPotion"},{"floor":10,"key":"Block Potion"}],"is_trial":false,"path_per_floor":["M","M","T","M","?","R","E","?","T","E","M","E"],"character_chosen":"IRONCLAD","items_purchased":[],"campfire_rested":0,"item_purchase_floors":[],"current_hp_per_floor":[74,75,82,82,54,54,22,11,11,15,14,0,0],"gold":367,"neow_bonus":"THREE_ENEMY_KILL","is_daily":false,"chose_seed":false,"campfire_upgraded":1,"win_rate":0.0,"timestamp":1608636116,"path_taken":["M","?","?","M","?","R","E","?","T","E","?","E"],"items_purchased_type":[],"build_version":"2020-12-13","purchased_purges":0,"victory":false,"max_hp_per_floor":[75,75,82,82,82,82,82,82,82,82,82,82,82],"relic_stats":{"counters":[7,19],"Golden Idol":19,"Ornamental Fan":[4],"Orichalcum":[42],"Smiling Mask":0,"obtain_stats":[{"NeowsBlessing":0,"Golden Idol":5,"Ornamental Fan":10,"Strawberry":3,"Orichalcum":9,"Smiling Mask":7,"Burning Blood":0},{"NeowsBlessing":0,"Golden Idol":3,"Ornamental Fan":5,"Strawberry":2,"Orichalcum":4,"Smiling Mask":4,"Burning Blood":0},{"NeowsBlessing":0,"Golden Idol":3,"Ornamental Fan":13,"Strawberry":2,"Orichalcum":10,"Smiling Mask":10,"Burning Blood":0}],"Burning Blood":25},"card_choices":[{"not_picked":["Iron Wave","Rupture"],"picked":"Perfected Strike","floor":1},{"not_picked":["Sever Soul","Headbutt"],"picked":"Wild Strike","floor":2},{"not_picked":["Iron Wave","Warcry"],"picked":"Thunderclap","floor":4},{"not_picked":["Headbutt","Combust"],"picked":"Sword Boomerang","floor":7},{"not_picked":["Carnage","Shockwave","Juggernaut"],"picked":"SKIP","floor":10},{"not_picked":["Armaments","Body Slam","Bloodletting"],"picked":"SKIP","floor":11}],"player_experience":1012206,"relics_obtained":[{"floor":3,"key":"Strawberry"},{"floor":7,"key":"Smiling Mask"},{"floor":9,"key":"Orichalcum"},{"floor":10,"key":"Ornamental Fan"}],"event_choices":[{"damage_healed":0,"gold_gain":0,"player_choice":"Take Damage","damage_taken":28,"relics_obtained":["Golden Idol"],"max_hp_gain":0,"max_hp_loss":0,"event_name":"Golden Idol","floor":5,"gold_loss":0},{"damage_healed":0,"gold_gain":75,"player_choice":"Gold","damage_taken":11,"max_hp_gain":0,"max_hp_loss":0,"event_name":"betterThird:BetterGoop","floor":8,"gold_loss":0}],"is_beta":false,"boss_relics":[],"items_purged_floors":[],"is_endless":false,"potions_floor_spawned":[4,7,10],"killed_by":"Lagavulin","ascension_level":20}}