{"host":"4w8ocelhatf0iefc","time":1608632241,"event":{"mods":["AchievementEnabler","Act Like it!","Aspiration","BaseMod","Colored Map","Colored Powertips","Hubris","Minty Spire (QoL Compilation)","StSLib"],"gold_per_floor":[117,133,133,145,162,162,177,202,229,229,229],"floor_reached":10,"playtime":366,"items_purged":[],"score":81,"play_id":"4c28d6d7-267b-4505-8bcd-3da2c7f79ad2","local_time":"20201222181721","is_ascension_mode":true,"campfire_choices":[{"data":"Cloak And Dagger","floor":6.0,"key":"SMITH"}],"circlet_count":0,"master_deck":["Strike_G","Strike_G","Strike_G","Strike_G","Strike_G","Defend_G","Defend_G","Defend_G","Defend_G","Survivor","Neutralize","Blur","Deadly Poison","Outmaneuver","Cloak And Dagger+1","Well Laid Plans","Prepared"],"relics":["Ring of the Snake","hubris:SlimyHat","hubris:OldNail"],"acts_visited":["Exordium"],"potions_floor_usage":[],"damage_taken":[{"damage":0.0,"enemies":"2 Louse","floor":1.0,"turns":3.0},{"damage":1.0,"enemies":"Cultist","floor":2.0,"turns":5.0},{"damage":2.0,"enemies":"Small Slimes","floor":4.0,"turns":4.0},{"damage":9.0,"enemies":"Red Slaver","floor":5.0,"turns":4.0},{"damage":4.0,"enemies":"Blue Slaver","floor":7.0,"turns":4.0},{"damage":5.0,"enemies":"Lagavulin","floor":8.0,"turns":6.0},{"damage":76,"enemies":"Gremlin Nob","floor":10,"turns":5}],"seed_played":"8451278047748334003","potions_obtained":[{"floor":1.0,"key":"SkillPotion"},{"floor":4.0,"key":"PowerPotion"},{"floor":5.0,"key":"SpeedPotion"},{"floor":7.0,"key":"Block Potion"}],"is_trial":false,"path_per_floor":["M","M","?","M","M","R","M","E","T","E"],"character_chosen":"THE_SILENT","items_purchased":[],"campfire_rested":0,"item_purchase_floors":[],"current_hp_per_floor":[77,76,76,74,65,65,61,56,56,0,0],"gold":229,"neow_bonus":"TEN_PERCENT_HP_BONUS","is_daily":false,"chose_seed":false,"campfire_upgraded":1,"win_rate":0.0,"timestamp":1608632241,"path_taken":["M","M","?","M","?","R","M","E","T","E"],"items_purchased_type":[],"build_version":"2020-12-13","purchased_purges":0,"victory":false,"max_hp_per_floor":[77,77,77,77,77,77,77,77,77,77,77],"card_choices":[{"not_picked":["Caltrops","Skewer"],"picked":"Blur","floor":1.0},{"not_picked":["Bane","Dodge and Roll"],"picked":"Deadly Poison","floor":2.0},{"not_picked":["Expertise","Leg Sweep"],"picked":"Outmaneuver","floor":4.0},{"not_picked":["Calculated Gamble","Masterful Stab"],"picked":"Cloak And Dagger","floor":5.0},{"not_picked":["Caltrops","Predator"],"picked":"Well Laid Plans","floor":7.0},{"not_picked":["Backflip","Infinite Blades"],"picked":"Prepared","floor":8.0}],"player_experience":251283,"relics_obtained":[{"floor":8.0,"key":"hubris:SlimyHat"},{"floor":9.0,"key":"hubris:OldNail"}],"event_choices":[{"cards_removed":["Defend_G"],"damage_healed":0.0,"max_hp_gain":0.0,"max_hp_loss":0.0,"gold_gain":0.0,"event_name":"Bonfire Elementals","player_choice":"Offered Basic","floor":3.0,"gold_loss":0.0,"damage_taken":0.0}],"is_beta":false,"boss_relics":[],"items_purged_floors":[],"is_endless":false,"potions_floor_spawned":[1,4,5,7],"killed_by":"Gremlin Nob","ascension_level":3}}