{"host":"a1kj1kkwgoo3jtle","time":1608636650,"event":{"mods":["2.2 Compatiblity","AchievementEnabler","AlwaysNeverKeys","BaseMod","Better Synergies","Better Third Choice","Colored Powertips","Communication Mod","Custom Start","Downfall","Faster Ascension Climbing","Filter the Spire","Friendly Minions","GifTheSpireLib","Gremlin Skip","Highlight Path","HololiveMod","Infinite Spire","Luminous","Minty Spire (QoL Compilation)","Quick Restart","Reimu??????","Relic Stats","Remilia??????","Replay The Spire","Reworked Bosses","Shade Mod","StSLib","The Alterego","The Druid","The Exalted","The Runesmith","The Servant 0.9.4","TheSwordswoman","Wandering Minibosses","WarShipGirlsR/????R mod","Yuri Mod"],"gold_per_floor":[116,39,59,70,70,70,70,70],"floor_reached":7,"playtime":771,"items_purged":[],"score":87,"play_id":"e9b2dbe2-deab-4292-a31d-a7e7ff8d75ce","local_time":"20201222133050","daily_mods":["Draft","Vintage","Heirloom","Uncertain Future"],"is_ascension_mode":true,"campfire_choices":[{"data":"theDruid:IronbarkArmor","floor":6,"key":"SMITH"}],"circlet_count":0,"master_deck":["AscendersBane","theDruid:Guidance","theDruid:ThickHide","theDruid:Guidance","theDruid:FeralPlants","theDruid:AstralShield","theDruid:Slingshot","theDruid:TwilightsCall","theDruid:ThornStrike","theDruid:Resupply","theDruid:BlessedStrike","theDruid:BristlingDefense","theDruid:Starfall","theDruid:TwilightsCall","theDruid:TwilightsCall","theDruid:TwilightsCall","Pot Of Greed","Pot Of Greed","theDruid:NaturalAgility","theDruid:IronbarkArmor+1"],"relics":["theDruid:CrownOfTheWilds","Replay:Kaleidoscope","Grinning Jar","Bromod:ArcaneMomentum","Hololive_LightStick"],"acts_visited":["Exordium"],"potions_floor_usage":[7],"damage_taken":[{"damage":0,"enemies":"Cultist","floor":1,"turns":3},{"damage":11,"enemies":"Small Slimes","floor":3,"turns":7},{"damage":7,"enemies":"Jaw Worm","floor":4,"turns":4},{"damage":67,"enemies":"Gremlin Nob","floor":7,"turns":5}],"seed_played":"2427333768103529353","potions_obtained":[{"floor":1,"key":"SkillPotion"},{"floor":4,"key":"Swift Potion"}],"is_trial":true,"path_per_floor":["M","$","M","M","?","R","E"],"character_chosen":"DRUID","items_purchased":["theDruid:NaturalAgility"],"campfire_rested":0,"item_purchase_floors":[2],"current_hp_per_floor":[68,68,57,50,50,50,0,0],"gold":70,"neow_bonus":"","is_daily":false,"chose_seed":false,"campfire_upgraded":1,"win_rate":0.0,"timestamp":1608636650,"path_taken":["M","?","M","M","?","R","E"],"items_purchased_type":["Card"],"build_version":"2020-12-13","purchased_purges":0,"victory":false,"max_hp_per_floor":[75,75,75,75,75,75,75,75],"relic_stats":{"counters":[4,19],"obtain_stats":[{"Hololive_LightStick":4,"Replay:Kaleidoscope":0,"Grinning Jar":1,"theDruid:CrownOfTheWilds":0,"Bromod:ArcaneMomentum":3},{"Hololive_LightStick":3,"Replay:Kaleidoscope":0,"Grinning Jar":1,"theDruid:CrownOfTheWilds":0,"Bromod:ArcaneMomentum":2},{"Hololive_LightStick":14,"Replay:Kaleidoscope":0,"Grinning Jar":3,"theDruid:CrownOfTheWilds":0,"Bromod:ArcaneMomentum":10}]},"card_choices":[{"not_picked":["theDruid:Starfall","theDruid:ThornStrike"],"picked":"theDruid:Guidance","floor":0},{"not_picked":["theDruid:ThornStrike","theDruid:PrimalStrength"],"picked":"theDruid:ThickHide","floor":0},{"not_picked":["theDruid:FelineGrace","theDruid:AstralShield"],"picked":"theDruid:Guidance","floor":0},{"not_picked":["theDruid:LunarScythe","theDruid:Starfall"],"picked":"theDruid:FeralPlants","floor":0},{"not_picked":["theDruid:Impale","theDruid:Recoil"],"picked":"theDruid:AstralShield","floor":0},{"not_picked":["theDruid:TwilightsCall","theDruid:Guidance"],"picked":"theDruid:Slingshot","floor":0},{"not_picked":["theDruid:BlessedStrike","theDruid:BrambleLash"],"picked":"theDruid:TwilightsCall","floor":0},{"not_picked":["theDruid:TakeShelter","theDruid:BloodiedFur"],"picked":"theDruid:ThornStrike","floor":0},{"not_picked":["theDruid:ExposingSlash","theDruid:Eclipse"],"picked":"theDruid:Resupply","floor":0},{"not_picked":["theDruid:BrambleLash","theDruid:Impale"],"picked":"theDruid:BlessedStrike","floor":0},{"not_picked":["theDruid:BloodiedFur","theDruid:PouncingStrike"],"picked":"theDruid:BristlingDefense","floor":0},{"not_picked":["theDruid:Moonbeam","theDruid:WallofRoots"],"picked":"theDruid:Starfall","floor":0},{"not_picked":["theDruid:WildArmor","theDruid:BristlingBulwark"],"picked":"theDruid:TwilightsCall","floor":0},{"not_picked":["theDruid:Recoil","theDruid:PlagueClaw"],"picked":"theDruid:TwilightsCall","floor":0},{"not_picked":["theDruid:AstralShield","theDruid:ThickHide"],"picked":"theDruid:TwilightsCall","floor":0},{"not_picked":[],"picked":"theDruid:IronbarkArmor","floor":5}],"player_experience":63364,"relics_obtained":[{"floor":1,"key":"Grinning Jar"},{"floor":3,"key":"Bromod:ArcaneMomentum"},{"floor":4,"key":"Hololive_LightStick"}],"event_choices":[],"is_beta":false,"boss_relics":[],"items_purged_floors":[],"is_endless":false,"potions_floor_spawned":[1,4],"killed_by":"Gremlin Nob","ascension_level":10}}