{"host":"odz7g4gpgch153rb","time":1608663224,"event":{"mods":["AchievementEnabler","BaseMod","Better Match","Better Third Choice","BetterRewards","GifTheSpireLib","Infinite Spire","Jedi Mod","Minty Spire (QoL Compilation)","Quick Restart","Replay The Spire","Spikes Relics","StSLib","Stuff the Spire","The Blue Laboratory","Trackpad"],"gold_per_floor":[110,163,178,178,188,188,218,218,218,246,246,309,309,77,77,77,77],"floor_reached":16,"playtime":736,"items_purged":["Bane"],"score":186,"play_id":"23cc19b8-3d49-4d1c-81c3-743b2e0ffe50","local_time":"20201222135344","is_ascension_mode":true,"campfire_choices":[{"data":"StuffTheSpire:DoubleShiv","floor":6,"key":"SMITH"},{"data":"All Out Attack","floor":8,"key":"SMITH"},{"data":"Infinite Blades","floor":11,"key":"SMITH"},{"data":"Neutralize","floor":13,"key":"SMITH"},{"data":"Deflect","floor":15,"key":"SMITH"}],"circlet_count":0,"master_deck":["AscendersBane","Strike_G","Strike_G","Strike_G","Strike_G","Defend_G","Defend_G","Defend_G","Defend_G","Defend_G","Survivor","Neutralize+1","StuffTheSpire:DoubleShiv+1","All Out Attack+1","Deflect+1","Infinite Blades+1"],"relics":["Ring of the Snake","NeowsBlessing","trackpad:Mousetrap","Blood Vial","Lantern","trackpad:SappingStone","trackpad:AdjectivePendant","Omamori"],"acts_visited":["Exordium"],"potions_floor_usage":[7,10,12],"damage_taken":[{"damage":0,"enemies":"Cultist","floor":1,"turns":1},{"damage":0,"enemies":"Small Slimes","floor":3,"turns":1},{"damage":0,"enemies":"2 Louse","floor":5,"turns":1},{"damage":12,"enemies":"Gremlin Nob","floor":7,"turns":4},{"damage":12,"enemies":"3 Sentries","floor":10,"turns":7},{"damage":2,"enemies":"Gremlin Nob","floor":12,"turns":3},{"damage":52,"enemies":"Fading Forest","floor":16,"turns":8}],"seed_played":"3626391033256156770","potions_obtained":[{"floor":5,"key":"Flashbang"},{"floor":7,"key":"blueLaboratory:BottleOfVodka"},{"floor":10,"key":"PowerPotion"}],"is_trial":false,"path_per_floor":["M","T","M","?","M","R","E","R","T","E","R","?","R","$","R","B"],"character_chosen":"THE_SILENT","items_purchased":["Omamori"],"campfire_rested":0,"item_purchase_floors":[14],"current_hp_per_floor":[59,59,59,59,59,59,47,47,47,37,37,37,37,37,37,0,0],"gold":77,"neow_bonus":"THREE_ENEMY_KILL","is_daily":false,"chose_seed":false,"campfire_upgraded":5,"win_rate":0.0,"timestamp":1608663224,"path_taken":["M","?","M","?","?","R","E","R","T","E","R","?","R","$","R","BOSS"],"items_purchased_type":["Relic"],"build_version":"2020-12-13","purchased_purges":1,"victory":false,"max_hp_per_floor":[66,66,66,66,66,66,66,66,66,66,66,66,66,66,66,66,66],"card_choices":[{"not_picked":["StuffTheSpire:Python","Dagger Throw"],"picked":"StuffTheSpire:DoubleShiv","floor":1},{"not_picked":["Dagger Spray","Replay:Poison Smokescreen"],"picked":"All Out Attack","floor":3},{"not_picked":["Dagger Throw","Sucker Punch","StuffTheSpire:BumpUp"],"picked":"SKIP","floor":5},{"not_picked":["StuffTheSpire:Fury","Sucker Punch"],"picked":"Deflect","floor":7},{"not_picked":["StuffTheSpire:MirrorStance","Heel Hook"],"picked":"Infinite Blades","floor":10},{"not_picked":["StuffTheSpire:ClusterCrunch","Backstab"],"picked":"Bane","floor":12}],"player_experience":926257,"relics_obtained":[{"floor":2,"key":"trackpad:Mousetrap"},{"floor":7,"key":"Blood Vial"},{"floor":9,"key":"Lantern"},{"floor":10,"key":"trackpad:SappingStone"},{"floor":12,"key":"trackpad:AdjectivePendant"}],"event_choices":[{"cards_removed":["Strike_G"],"damage_healed":0,"gold_gain":0,"player_choice":"Offered Basic","damage_taken":0,"max_hp_gain":0,"max_hp_loss":0,"event_name":"Bonfire Elementals","floor":4,"gold_loss":0},{"damage_healed":0,"gold_gain":0,"player_choice":"Searched \u00271\u0027 times","damage_taken":0,"max_hp_gain":0,"max_hp_loss":0,"event_name":"Dead Adventurer","floor":12,"gold_loss":0}],"is_beta":false,"boss_relics":[],"items_purged_floors":[14],"is_endless":false,"potions_floor_spawned":[5,7,10],"killed_by":"Fading Forest","ascension_level":15}}