{"host":"j204k34h42bd6fas","time":1608657473,"event":{"mods":["Aspiration","BaseMod","Colored Map","Colored Powertips","Conspire","Hubris","Infinite Spire","Mimic Mod","Minty Spire (QoL Compilation)","Pikachu Mod","Potionbrewer","Rare Cards Sparkle","Relic Stats","Replay The Spire","Say the Spire","StSLib","The Cursed","The Judge"],"gold_per_floor":[112,144,144,161,9,9,40,40,91,91,91,48,62,77,77,175,175,189,189,207,296,313,338,338,353,353,353,353,353,353,379,379,389,389,389,389],"floor_reached":35,"playtime":1726,"items_purged":["hubris:Sloth"],"score":352,"play_id":"e4af1e34-35ef-4cea-b496-54c03143681f","local_time":"20201222121753","is_ascension_mode":true,"campfire_choices":[{"data":"Infernal Blade","floor":6,"key":"SMITH"},{"floor":10,"key":"REST"},{"data":"Rampage","floor":15,"key":"SMITH"},{"data":"Warcry","floor":24,"key":"SMITH"},{"data":"Feel No Pain","floor":27,"key":"SMITH"},{"data":"Bash","floor":30,"key":"SMITH"},{"data":"ReplayTheSpireMod:Strike From Hell","floor":34,"key":"SMITH"}],"circlet_count":0,"master_deck":["Strike_R+1","Strike_R","Strike_R+1","Strike_R","Strike_R","Defend_R","Defend_R","Defend_R","Bash+1","Dropkick","Bloodletting","Infernal Blade+1","Warcry+1","Survivor+1","Acrobatics","Backflip","Feel No Pain+1","Infernal Blade+1","Rampage+1","Shrug It Off","Thunderclap","Impervious","TheCursedMod:Dregs","hubris:Wrath","hubris:Wrath","Dark Embrace+1","Burning Pact","Bloodletting","conspire:ExplosiveBarrier","ReplayTheSpireMod:Strike From Hell+1","True Grit+1","Disarm+1","Abandon+1","Flex"],"relics":["Burning Blood","NeowsBlessing","Regal Pillow","Kunai","Gremlin Food","ReplayTheSpireMod:CursedCoin","Replay:Ancient Bell","Bronze Scales","Meat on the Bone","Du-Vu Doll","Bag of Marbles","Black Blood","aspiration:SeaSaltIceCream","aspiration:Nostalgia","Cracked Core","Golden Egg","Anchor"],"acts_visited":["Exordium","TheCity"],"potions_floor_usage":[18,18,18,18,25,25,32,35,35],"damage_taken":[{"damage":0,"enemies":"2 Louse","floor":1,"turns":1},{"damage":0,"enemies":"conspire:MimicChest","floor":2,"turns":1},{"damage":0,"enemies":"Jaw Worm","floor":4,"turns":1},{"damage":36,"enemies":"Lagavulin","floor":7,"turns":5},{"damage":9,"enemies":"Small Slimes","floor":13,"turns":4},{"damage":6,"enemies":"Blue Slaver","floor":14,"turns":3},{"damage":43,"enemies":"Fading Forest","floor":16,"turns":11},{"damage":8,"enemies":"conspire:FuzzyDice","floor":18,"turns":8},{"damage":3,"enemies":"2 Thieves","floor":20,"turns":3},{"damage":26,"enemies":"Cultist and Chosen","floor":22,"turns":7},{"damage":24,"enemies":"Replay:Snechameleon","floor":23,"turns":6},{"damage":34,"enemies":"Shelled Parasite and Fungi","floor":25,"turns":7},{"damage":11,"enemies":"Book of Stabbing","floor":31,"turns":3},{"damage":21,"enemies":"conspire:HollyBat","floor":33,"turns":8},{"damage":101,"enemies":"Collector","floor":35,"turns":7}],"seed_played":"-8214048355158849973","potions_obtained":[{"floor":1,"key":"potionbrewer:SplittingPotion"},{"floor":2,"key":"Dexterity Potion"},{"floor":7,"key":"SpeedPotion"},{"floor":22,"key":"Flashbang"},{"floor":25,"key":"EssenceOfSteel"},{"floor":31,"key":"Ancient Potion"},{"floor":32,"key":"Fruit Juice"},{"floor":32,"key":"Explosive Potion"}],"is_trial":false,"path_per_floor":["M","?","?","M","$","R","E","?","T","R","?","$","M","M","R","B",null,"M","AVR","M","?","M","E","R","M","T","R","PTL","PTL","R","E","?","M","R","B"],"character_chosen":"IRONCLAD","items_purchased":["ReplayTheSpireMod:Private Reserves","ReplayTheSpireMod:Muscle Training","ReplayTheSpireMod:CursedCoin","Feel No Pain","Infernal Blade+1","Rampage"],"campfire_rested":1,"item_purchase_floors":[5,5,12,12,12,12],"current_hp_per_floor":[80,80,64,70,70,70,40,40,40,79,79,79,76,76,76,51,80,78,78,80,60,64,70,70,66,66,66,66,66,66,73,78,75,75,0,0],"gold":389,"neow_bonus":"THREE_ENEMY_KILL","is_daily":false,"chose_seed":false,"campfire_upgraded":6,"win_rate":0.0,"timestamp":1608657473,"path_taken":["M","?","?","M","$","R","E","?","T","R","?","$","M","M","R","BOSS","M","AVR","M","?","M","E","R","?","T","R","PTL","PTL","R","E","?","M","R","BOSS"],"items_purchased_type":["Card","Card","Relic","Card","Card","Card"],"build_version":"2020-12-13","purchased_purges":1,"victory":false,"max_hp_per_floor":[80,80,80,80,80,80,80,80,80,80,80,80,80,80,80,80,80,80,80,80,80,80,80,80,80,80,80,80,80,80,80,85,85,85,85,85],"relic_stats":{"Regal Pillow":15,"counters":[15,75],"Bronze Scales":[135],"Black Blood":131,"Kunai":[25],"obtain_stats":[{"Gremlin Food":9,"Golden Egg":26,"Regal Pillow":2,"NeowsBlessing":0,"ReplayTheSpireMod:CursedCoin":12,"aspiration:Nostalgia":23,"Black Blood":19,"Replay:Ancient Bell":17,"aspiration:SeaSaltIceCream":23,"Burning Blood":0,"Du-Vu Doll":17,"Anchor":31,"Bronze Scales":17,"Bag of Marbles":19,"Kunai":7,"Cracked Core":23,"Meat on the Bone":17},{"Gremlin Food":4,"Golden Egg":12,"Regal Pillow":2,"NeowsBlessing":0,"ReplayTheSpireMod:CursedCoin":4,"aspiration:Nostalgia":11,"Black Blood":8,"Replay:Ancient Bell":7,"aspiration:SeaSaltIceCream":11,"Burning Blood":0,"Du-Vu Doll":7,"Anchor":13,"Bronze Scales":7,"Bag of Marbles":8,"Kunai":4,"Cracked Core":11,"Meat on the Bone":7},{"Gremlin Food":8,"Golden Egg":57,"Regal Pillow":2,"NeowsBlessing":0,"ReplayTheSpireMod:CursedCoin":8,"aspiration:Nostalgia":50,"Black Blood":34,"Replay:Ancient Bell":26,"aspiration:SeaSaltIceCream":50,"Burning Blood":0,"Du-Vu Doll":26,"Anchor":60,"Bronze Scales":26,"Bag of Marbles":34,"Kunai":8,"Cracked Core":50,"Meat on the Bone":26}],"Burning Blood":131,"Meat on the Bone":36},"card_choices":[{"not_picked":["Disarm","Evolve"],"picked":"Dropkick","floor":1},{"not_picked":["Shrug It Off","Twin Strike"],"picked":"Bloodletting","floor":2},{"not_picked":["Twin Strike","Flex"],"picked":"Infernal Blade","floor":4},{"not_picked":["Fire Breathing","Life Link"],"picked":"Warcry","floor":7},{"not_picked":["Iron Wave","Reckless Charge"],"picked":"Shrug It Off","floor":13},{"not_picked":["Clothesline","Heavy Blade"],"picked":"Thunderclap","floor":14},{"not_picked":["Demon Form","Bludgeon"],"picked":"Impervious","floor":16},{"not_picked":["WordoMod:FoggyMind","hubris:Gluttony"],"picked":"TheCursedMod:Dregs","floor":17},{"not_picked":["Pain","Shame"],"picked":"hubris:Wrath","floor":17},{"not_picked":["conspire:NecroticWound","Amnesia"],"picked":"hubris:Wrath","floor":17},{"not_picked":["Flame Barrier","Perfected Strike+1"],"picked":"Dark Embrace+1","floor":18},{"not_picked":["hubris:ReadiedAction+1","Shrug It Off"],"picked":"Burning Pact","floor":20},{"not_picked":["Clash","Wild Strike"],"picked":"Bloodletting","floor":21},{"not_picked":["Heavy Blade+1","Pommel Strike"],"picked":"conspire:ExplosiveBarrier","floor":21},{"not_picked":["Battle Trance+1","Iron Wave+1"],"picked":"ReplayTheSpireMod:Strike From Hell","floor":21},{"not_picked":["conspire:Purge","Armaments"],"picked":"True Grit+1","floor":22},{"not_picked":["hubris:ReadiedAction","Whirlwind"],"picked":"Disarm+1","floor":23},{"not_picked":["Pommel Strike","Wild Strike"],"picked":"Abandon+1","floor":25},{"not_picked":["Rage","Evolve"],"picked":"Flex","floor":31},{"not_picked":["Wild Strike","Pommel Strike","Flex"],"picked":"SKIP","floor":33}],"player_experience":272379,"relics_obtained":[{"floor":2,"key":"Regal Pillow"},{"floor":7,"key":"Kunai"},{"floor":9,"key":"Gremlin Food"},{"floor":23,"key":"aspiration:SeaSaltIceCream"},{"floor":26,"key":"Golden Egg"},{"floor":31,"key":"Anchor"}],"event_choices":[{"damage_healed":0,"gold_gain":0,"player_choice":"Entered Light","damage_taken":16,"max_hp_gain":0,"max_hp_loss":0,"event_name":"Shining Light","floor":3,"gold_loss":0,"cards_upgraded":["Strike_R","Strike_R"]},{"damage_healed":0,"gold_gain":0,"player_choice":"Leave","damage_taken":0,"max_hp_gain":0,"max_hp_loss":0,"event_name":"conspire:Investor","floor":11,"gold_loss":0},{"damage_healed":0,"gold_gain":0,"player_choice":"Got Potions","damage_taken":0,"max_hp_gain":0,"max_hp_loss":0,"event_name":"Lab","floor":32,"gold_loss":0}],"is_beta":false,"boss_relics":[{"not_picked":["Coffee Dripper","Painkiller Herb"],"picked":"Replay:Ancient Bell"},{"not_picked":["Vajra","Potion Belt"],"picked":"Bronze Scales"},{"not_picked":["Quantum Egg","potionbrewer:RamsHorn"],"picked":"Meat on the Bone"},{"not_picked":["hubris:Zylophone","Gambling Chip"],"picked":"Du-Vu Doll"}],"items_purged_floors":[19],"is_endless":false,"potions_floor_spawned":[1,2,7,22,25,31],"killed_by":"Collector","ascension_level":4}}