{"host":"cyh4fejqtcjbfr7k","time":1608674972,"event":{"mods":["2.2 Compatiblity","AchievementEnabler","BaseMod","Colored Map","Colored Powertips","DeckTracker","Downfall","Googly Eyes","Hubris","Infinite Spire","Minty Spire (QoL Compilation)","Replay The Spire","Shop Mod","StSLib","SuperFastMode","Unceasing Turn Reminder"],"gold_per_floor":[116,129,129,49,59,59,13,43,69,69,69,84,84,102,102,102,102],"floor_reached":16,"playtime":379,"items_purged":[],"score":120,"play_id":"347ca717-14c9-40fc-ba69-d9e207752c81","local_time":"20201222150932","is_ascension_mode":true,"campfire_choices":[{"data":"Accuracy","floor":6,"key":"SMITH"},{"floor":10,"key":"REST"},{"floor":13,"key":"REST"},{"floor":15,"key":"REST"}],"circlet_count":0,"master_deck":["Strike_G","Strike_G","Strike_G","Strike_G","Strike_G","Defend_G","Defend_G","Defend_G","Defend_G","Defend_G","Survivor","Neutralize","Sucker Punch","Slice","Backflip","Regret","Accuracy+1","Dagger Spray","Blade Dance","Riddle With Holes","Hidden Blade","Escape Plan"],"relics":["Ring of the Snake","hubris:AncientText","Pondfish Scales","Ancient Tea Set"],"acts_visited":["Exordium"],"potions_floor_usage":[],"damage_taken":[{"damage":0,"enemies":"2 Louse","floor":1,"turns":4},{"damage":3,"enemies":"Jaw Worm","floor":2,"turns":5},{"damage":1,"enemies":"Cultist","floor":5,"turns":4},{"damage":48,"enemies":"Lagavulin","floor":8,"turns":6},{"damage":6,"enemies":"Large Slime","floor":12,"turns":4},{"damage":1,"enemies":"Blue Slaver","floor":14,"turns":3},{"damage":80,"enemies":"Fading Forest","floor":16,"turns":11}],"seed_played":"-2610108473151794059","potions_obtained":[{"floor":2,"key":"Reflective Coating"},{"floor":5,"key":"Doom Potion"},{"floor":12,"key":"EssenceOfSteel"}],"is_trial":false,"path_per_floor":["M","M","?","$","M","R","$","E","T","R","?","M","R","M","R","B"],"character_chosen":"THE_SILENT","items_purchased":["Accuracy","Blade Dance"],"campfire_rested":3,"item_purchase_floors":[4,7],"current_hp_per_floor":[70,67,67,67,66,66,66,18,18,39,39,33,54,53,70,0,0],"gold":102,"neow_bonus":"THREE_CARDS","is_daily":false,"chose_seed":false,"campfire_upgraded":1,"win_rate":0.0,"timestamp":1608674972,"path_taken":["M","M","?","$","M","R","$","E","T","R","?","M","R","?","R","BOSS"],"items_purchased_type":["Card","Card"],"build_version":"2020-12-13","purchased_purges":0,"victory":false,"max_hp_per_floor":[70,70,70,70,70,70,70,70,70,70,70,70,70,70,70,70,70],"card_choices":[{"not_picked":["Replay:Poison Smokescreen","Acrobatics"],"picked":"Sucker Punch","floor":0},{"not_picked":["hubris:SlightOfHand","Acrobatics"],"picked":"Slice","floor":1},{"not_picked":["hubris:TrickCloak","Slice"],"picked":"Backflip","floor":2},{"not_picked":["Slice","Deadly Poison"],"picked":"Dagger Spray","floor":5},{"not_picked":["Night Terror","Bouncing Flask"],"picked":"Riddle With Holes","floor":8},{"not_picked":["All Out Attack","Dodge and Roll"],"picked":"Hidden Blade","floor":12},{"not_picked":["Endless Agony","Backflip"],"picked":"Escape Plan","floor":14}],"player_experience":604296,"relics_obtained":[{"floor":8,"key":"Pondfish Scales"},{"floor":9,"key":"Ancient Tea Set"}],"event_choices":[{"damage_healed":0,"gold_gain":0,"player_choice":"Box","damage_taken":0,"relics_obtained":["hubris:AncientText"],"max_hp_gain":0,"max_hp_loss":0,"event_name":"Big Fish","floor":3,"gold_loss":0,"cards_obtained":["Regret"]},{"damage_healed":0,"gold_gain":0,"player_choice":"Ignored","damage_taken":0,"max_hp_gain":0,"max_hp_loss":0,"event_name":"Liars Game","floor":11,"gold_loss":0}],"is_beta":false,"boss_relics":[],"items_purged_floors":[],"is_endless":false,"potions_floor_spawned":[2,5,12],"killed_by":"Fading Forest","ascension_level":4}}