{"host":"r3eb5kff0hcmimdq","time":1608609075,"event":{"mods":["Act Like it!","BaseMod","Colored Powertips","Highlight Path","Luminous","Marisa£®ÏF”Í°°ƒß¿Ì…≥£©","Minty Spire (QoL Compilation)","MostiFishMod","Replay The Spire","Shop Mod","Spicy Shops","StSLib","WarShipGirlsR/’ΩΩ¢…Ÿ≈ÆR mod","Youmu£®ªÍ∆«—˝√Œ£©","Yuyuko","noobMod","°æ“≈ŒÔø®≈∆°øREMEMod"],"gold_per_floor":[114,9,29,29,41,74,74,101,101,139,151,178,190,220,232,345,357,425,493,505,543,583,595,658,670,736,748,748],"floor_reached":27,"playtime":1146,"items_purged":[],"score":306,"play_id":"f632ee24-0033-4b19-ad7c-0b150114abe4","local_time":"20201222115115","is_ascension_mode":true,"campfire_choices":[{"data":"Apotheosis","floor":7,"key":"SMITH"},{"floor":11,"key":"RECALL"},{"floor":13,"key":"REST"},{"data":"Luminous:Arcane_Rage_Luminous","floor":15,"key":"SMITH"},{"floor":23,"key":"DIG"},{"floor":25,"key":"DIG"},{"floor":27,"key":"DIG"}],"circlet_count":0,"master_deck":["Luminous:Light_Flash_Shower","Luminous:Light_Flash_Shower","Luminous:Light_Flash_Shower","Luminous:Dark_Abyssal_Drop","Luminous:Dark_Abyssal_Drop","Luminous:Dark_Abyssal_Drop","Luminous:Defend_Luminous","Luminous:Defend_Luminous","Luminous:Defend_Luminous","Luminous:Defend_Luminous","Luminous:Switch_Luminous","Apotheosis+1","CasketOfStar","Luminous:Balance_Death_Scythe","Doubt","Luminous:Arcane_Rage_Luminous+1","Luminous:Freud_Wisdom1_Luminous","Writhe","Injury","Pot Of Greed","Pot Of Greed"],"relics":["Luminous:MirrorRelic","ice","DaveBox","REME_ComplimentaryCards","RhineCircuit","Question Card","ReplayTheSpireMod:CursedCoin","MerchantsRug","SynthV","Ancient Tea Set","InkBottle","MawBank","Happy Flower","ImportantClient","Replay:Ancient Bell","Smiling Mask","REME_ArchaeologicalTools","Shovel","CaptainsWheel","Grinning Jar","Tiny Chest","Pen Nib","Nunchaku"],"acts_visited":["Exordium","TheCity"],"potions_floor_usage":[10,21,24],"damage_taken":[{"damage":0,"enemies":"Cultist","floor":1,"turns":4},{"damage":9,"enemies":"Small Slimes","floor":3,"turns":2},{"damage":0,"enemies":"2 Louse","floor":5,"turns":2},{"damage":0,"enemies":"3 Sentries","floor":6,"turns":6},{"damage":24,"enemies":"Gremlin Nob","floor":8,"turns":4},{"damage":4,"enemies":"3 Sentries","floor":10,"turns":3},{"damage":0,"enemies":"Blue Slaver","floor":12,"turns":3},{"damage":0,"enemies":"Large Slime","floor":14,"turns":2},{"damage":12,"enemies":"Fading Forest","floor":16,"turns":11},{"damage":4,"enemies":"Spheric Guardian","floor":18,"turns":3},{"damage":0,"enemies":"3 Byrds","floor":19,"turns":5},{"damage":38,"enemies":"Shelled Parasite and Fungi","floor":21,"turns":3},{"damage":27,"enemies":"Centurion and Healer","floor":22,"turns":4},{"damage":35,"enemies":"Book of Stabbing","floor":24,"turns":6}],"seed_played":"-1145858365903895503","potions_obtained":[{"floor":5,"key":"ColorlessPotion"},{"floor":8,"key":"LifebloodPotion"},{"floor":12,"key":"CultistPotion"},{"floor":18,"key":"LiquidMemories"},{"floor":21,"key":"Reflective Coating"}],"is_trial":false,"path_per_floor":["M","$","M","$","M","E","R","E","T","E","R","M","R","M","R","B",null,"M","M","?","M","M","R","E","R","T","R"],"character_chosen":"LuminousClass","items_purchased":["ReplayTheSpireMod:CursedCoin","MerchantsRug","SynthV"],"campfire_rested":1,"item_purchase_floors":[2,2,2],"current_hp_per_floor":[54,54,45,45,49,49,49,25,25,21,21,21,43,43,43,41,75,71,75,75,52,29,29,2,2,2,2,2],"gold":748,"neow_bonus":"RANDOM_COLORLESS_2","is_daily":false,"chose_seed":false,"campfire_upgraded":2,"win_rate":0.0,"timestamp":1608609075,"path_taken":["M","$","M","$","?","E","R","E","T","E","R","M","R","M","R","BOSS","M","M","?","M","M","R","E","R","T","R"],"items_purchased_type":["Relic","Relic","Relic"],"build_version":"2020-12-13","purchased_purges":0,"victory":false,"max_hp_per_floor":[75,75,75,75,75,75,75,75,75,75,75,75,75,75,75,75,75,75,75,75,75,75,75,75,75,75,75,75],"card_choices":[{"not_picked":["REME_AllRoundStrike","Transmutation"],"picked":"Apotheosis","floor":0},{"not_picked":["Luminous:Dark_Apocalypse","Luminous:Magic_Guard_Luminous"],"picked":"Luminous:Balance_Death_Scythe","floor":1},{"not_picked":["Luminous:Mana_Overload_Luminous","Luminous:Light_Glare","Luminous:Dark_Moonlight_Spear","Luminous:Light_Spectral_Light"],"picked":"SKIP","floor":3},{"not_picked":["Luminous:Blinding_Pillar_Luminous","Luminous:Accumulation_Luminous","Luminous:Light_Sylvan_Lance","Luminous:Light_Wash_Luminous"],"picked":"SKIP","floor":5},{"not_picked":["Luminous:Light_Disperse","Luminous:Blinding_Pillar_Luminous","Luminous:Concentrate_Luminous","Luminous:Dark_Dim_Erosion"],"picked":"SKIP","floor":6},{"not_picked":["Luminous:Magic_Boost_Luminous","Luminous:Mana_Overload_Luminous","Luminous:Light_Wash_Luminous","Luminous:Light_Sylvan_Lance"],"picked":"SKIP","floor":8},{"not_picked":["Luminous:Abyss_Heart_Luminous","Luminous:Balance_Ender","Luminous:Magic_Boost_Luminous","Luminous:Concentrate_Luminous"],"picked":"SKIP","floor":10},{"not_picked":["Luminous:Flash_Blink_Luminous","Luminous:Dark_Pressure_Void","Luminous:Light_Sylvan_Lance","Luminous:Dark_Dim_Erosion"],"picked":"SKIP","floor":12},{"not_picked":["Luminous:Dark_Pressure_Void","Luminous:Lights_Protection_Luminous","Luminous:Fast_Spell_Luminous"],"picked":"Luminous:Arcane_Rage_Luminous","floor":14},{"not_picked":["Luminous:Chaos_Field_Luminous","Luminous:Erosion_Luminous","Luminous:Arcane_Rage_Luminous"],"picked":"Luminous:Freud_Wisdom1_Luminous","floor":16},{"not_picked":["Regret","Voices","Spreading Infection"],"picked":"Writhe","floor":17},{"not_picked":["Writhe","ReplayTheSpireMod:IOU","Pain"],"picked":"Injury","floor":17},{"not_picked":["Pain","Spreading Infection","Overencumbered"],"picked":"Regret","floor":17},{"not_picked":["Luminous:Magic_Boost_Luminous","Luminous:Dark_Extract+1","Luminous:Armageddon_Luminous","Luminous:Fast_Spell_Luminous+1"],"picked":"SKIP","floor":18},{"not_picked":["Luminous:Balance_Ender","Luminous:Light_Sylvan_Lance+1","Luminous:Light_Wash_Luminous","Luminous:Shadow_Shell_Luminous"],"picked":"SKIP","floor":19},{"not_picked":["Luminous:Hero_Will_Luminous","Luminous:Magic_Accelerate_Luminous+1","Luminous:Magic_Boost_Luminous","Luminous:Balance_Death_Scythe"],"picked":"SKIP","floor":21},{"not_picked":["Luminous:Light_Wash_Luminous","Luminous:Dark_Dim_Erosion","Luminous:Dark_Raid+1","Luminous:Light_Glare+1"],"picked":"SKIP","floor":22},{"not_picked":["Luminous:Dark_Pressure_Void","Luminous:Accumulation_Luminous","Luminous:Balance_Baptism","Luminous:Sympathy_Luminous"],"picked":"SKIP","floor":24}],"player_experience":170490,"relics_obtained":[{"floor":1,"key":"Question Card"},{"floor":1,"key":"PrismaticShard"},{"floor":6,"key":"Ancient Tea Set"},{"floor":8,"key":"InkBottle"},{"floor":9,"key":"MawBank"},{"floor":10,"key":"Happy Flower"},{"floor":16,"key":"ImportantClient"},{"floor":23,"key":"CaptainsWheel"},{"floor":24,"key":"Grinning Jar"},{"floor":25,"key":"Tiny Chest"},{"floor":26,"key":"Pen Nib"},{"floor":27,"key":"Nunchaku"}],"event_choices":[{"cards_removed":["Regret"],"damage_healed":0,"gold_gain":0,"player_choice":"Purged","damage_taken":0,"max_hp_gain":0,"max_hp_loss":0,"event_name":"Purifier","floor":20,"gold_loss":0}],"is_beta":false,"boss_relics":[{"not_picked":["Ring of Chaos","Philosopher\u0027s Stone"],"picked":"Replay:Ancient Bell"},{"not_picked":["Anchor","PreservedInsect"],"picked":"Smiling Mask"},{"not_picked":["Eternal Feather","Gremlin Horn"],"picked":"REME_ArchaeologicalTools"},{"not_picked":["REME_IWantAll","Lizard Tail"],"picked":"Shovel"}],"items_purged_floors":[],"is_endless":false,"potions_floor_spawned":[5,8,12,18,21,22],"ascension_level":2}}