{"host":"cijwx898anu8dehj","time":1608676444,"event":{"mods":["AchievementEnabler","AlwaysNeverKeys","BaseMod","Colored Map","Colored Powertips","Highlight Path","Minty Spire (QoL Compilation)","Rare Cards Sparkle","Relic Stats","Slay-I"],"gold_per_floor":[112,112,37,137,156,189,200,200,200,200,200],"floor_reached":10,"playtime":527,"items_purged":["Dualcast"],"score":96,"play_id":"2f63ce39-6b1d-44f8-973f-9a8fb0d392d0","local_time":"20201222203404","is_ascension_mode":true,"campfire_choices":[{"floor":8,"key":"REST"}],"circlet_count":0,"master_deck":["Strike_B","Strike_B","Strike_B","Defend_B","Defend_B","Defend_B","Defend_B","Zap","Turbo","Hologram","Streamline"],"relics":["Nuclear Battery","Singing Bowl","Ancient Tea Set"],"acts_visited":["Exordium"],"potions_floor_usage":[6,6],"damage_taken":[{"damage":2,"enemies":"Jaw Worm","floor":1,"turns":4},{"damage":0,"enemies":"2 Louse","floor":5,"turns":4},{"damage":52,"enemies":"3 Sentries","floor":6,"turns":12},{"damage":0,"enemies":"Cultist","floor":7,"turns":4},{"damage":48,"enemies":"Gremlin Nob","floor":10,"turns":4}],"seed_played":"-5678568452983404001","potions_obtained":[{"floor":1,"key":"Block Potion"},{"floor":5,"key":"SpeedPotion"}],"is_trial":false,"path_per_floor":["M","?","$","?","M","E","M","R","T","E"],"character_chosen":"DEFECT","items_purchased":[],"campfire_rested":1,"item_purchase_floors":[],"current_hp_per_floor":[66,66,66,66,66,16,16,39,39,0,0],"gold":200,"neow_bonus":"BOSS_RELIC","is_daily":false,"chose_seed":false,"campfire_upgraded":0,"win_rate":0.0,"timestamp":1608676444,"path_taken":["M","?","$","?","M","E","?","R","T","E"],"items_purchased_type":[],"build_version":"2020-12-13","purchased_purges":1,"victory":false,"max_hp_per_floor":[75,75,75,75,75,77,77,77,77,77,77],"relic_stats":{"Singing Bowl":2,"counters":[5,28],"obtain_stats":[{"Singing Bowl":6,"Cracked Core":0,"Ancient Tea Set":9,"Nuclear Battery":0},{"Singing Bowl":3,"Cracked Core":0,"Ancient Tea Set":4,"Nuclear Battery":0},{"Singing Bowl":20,"Cracked Core":0,"Ancient Tea Set":24,"Nuclear Battery":0}]},"card_choices":[{"not_picked":["Blizzard","Barrage"],"picked":"Turbo","floor":1},{"not_picked":["Tempest","Blizzard"],"picked":"Hologram","floor":5},{"not_picked":["Stack","Tempest","Hologram"],"picked":"Singing Bowl","floor":6},{"not_picked":["Lockon","Multi-Cast"],"picked":"Streamline","floor":7}],"player_experience":910322,"relics_obtained":[{"floor":6,"key":"Singing Bowl"},{"floor":9,"key":"Ancient Tea Set"}],"event_choices":[{"cards_removed":["Strike_B"],"damage_healed":0,"gold_gain":0,"player_choice":"Forget","damage_taken":0,"max_hp_gain":0,"max_hp_loss":0,"event_name":"Living Wall","floor":2,"gold_loss":0},{"damage_healed":0,"gold_gain":100,"player_choice":"Pray","damage_taken":0,"max_hp_gain":0,"max_hp_loss":0,"event_name":"Golden Shrine","floor":4,"gold_loss":0}],"is_beta":false,"boss_relics":[],"items_purged_floors":[3],"is_endless":false,"potions_floor_spawned":[1,5],"killed_by":"Gremlin Nob","ascension_level":9}}