{"host":"ywif2ugnepgiw45s","time":1608601724,"event":{"mods":["Act Like it!","BaseMod","Better Skull","Downfall","Elementarium","GifTheSpireLib","Hermit","Lobotomy","Marisa????????","Minty Spire (QoL Compilation)","READ ME - Guardian Mod","Shade Mod","Shop Mod","StSLib","The Cursed","The Jungle","The Runesmith"],"gold_per_floor":[99,156,166,186,286,211,211,222,247,258,284,297,297,313,324,420,420,345,359,49,65,65,65,112,37,49,49,49,65,65,97,109,109,109,109],"floor_reached":33,"playtime":1488,"items_purged":["hexamod:Strike"],"score":279,"play_id":"1b9e2287-478c-4f14-b703-0d615d4e8ae6","local_time":"20201221204844","is_ascension_mode":false,"campfire_choices":[{"floor":1,"key":"RECALL"},{"data":"hexamod:Float","floor":6,"key":"SMITH"},{"data":"hexamod:Rewind","floor":18,"key":"SMITH"},{"data":"hexamod:GhostOfSpirePresent","floor":23,"key":"SMITH"},{"data":"hexamod:EmpoweringStance","floor":25,"key":"SMITH"},{"data":"hexamod:ThermalTransfer","floor":28,"key":"SMITH"},{"floor":30,"key":"REST"}],"circlet_count":0,"master_deck":["hexamod:Strike","hexamod:Strike","hexamod:Strike","hexamod:Defend","hexamod:Defend","hexamod:Defend","hexamod:Defend","hexamod:Sear","hexamod:Float+1","Good Instincts","hexamod:SpectersWail","hexamod:ThermalTransfer+1","hexamod:InspiringFlames","hexamod:RadiantFlame","hexamod:GhostOfSpirePresent+1","hexamod:GhostflameBarrier","hexamod:Rewind+1","hexamod:EmpoweringStance+1","hexamod:PhantomFireball","hexamod:AdvancingGuard+1"],"relics":["hexamod:SpiritBrand","Gremlin Horn","downfall:HeartBlessingRed","Runesmith:Nanobots","Smiling Mask","HornCleat","Philosopher\u0027s Stone","downfall:HeartBlessingGreen","Kunai","downfall:HeartBlessingBlue","Matryoshka"],"acts_visited":["Exordium","TheCity"],"potions_floor_usage":[9,9,11,16,31,33],"damage_taken":[{"damage":35,"enemies":"Lagavulin Event","floor":2,"turns":7},{"damage":0,"enemies":"2 Louse","floor":3,"turns":2},{"damage":0,"enemies":"Small Slimes","floor":4,"turns":3},{"damage":0,"enemies":"Cultist","floor":8,"turns":3},{"damage":8,"enemies":"Gremlin Nob","floor":9,"turns":4},{"damage":2,"enemies":"Exordium Wildlife","floor":10,"turns":3},{"damage":6,"enemies":"3 Sentries","floor":11,"turns":5},{"damage":0,"enemies":"2 Fungi Beasts","floor":12,"turns":2},{"damage":0,"enemies":"Lots of Slimes","floor":14,"turns":1},{"damage":0,"enemies":"Large Slime","floor":15,"turns":5},{"damage":17,"enemies":"downfall:Silent","floor":16,"turns":10},{"damage":0,"enemies":"Spheric Guardian","floor":19,"turns":5},{"damage":0,"enemies":"downfall:FleeingMerchant","floor":20,"turns":4},{"damage":19,"enemies":"Chosen and Byrds","floor":21,"turns":8},{"damage":0,"enemies":"Centurion and Healer","floor":26,"turns":8},{"damage":8,"enemies":"Snake Plant","floor":29,"turns":4},{"damage":24,"enemies":"Slavers","floor":31,"turns":5},{"damage":27,"enemies":"Cultist and Chosen","floor":32,"turns":8},{"damage":39,"enemies":"downfall:Watcher","floor":33,"turns":4}],"seed_played":"8244468090518366627","potions_obtained":[{"floor":4,"key":"EntropicBrew"},{"floor":9,"key":"Energy Potion"},{"floor":11,"key":"Block Potion"},{"floor":26,"key":"DuplicationPotion"}],"is_trial":false,"path_per_floor":["R","?","M","M","?","R","T","M","E","M","E","M","?","M","M","B",null,"R","M","$","M","?","R","T","R","M","?","R","M","R","E","M","B"],"character_chosen":"THE_SPIRIT","items_purchased":["Kunai"],"campfire_rested":1,"item_purchase_floors":[20],"current_hp_per_floor":[70,35,35,35,35,35,35,35,27,25,19,19,42,42,42,25,70,70,70,70,51,51,51,51,61,61,61,61,53,77,53,26,0,0,0],"gold":109,"neow_bonus":"RANDOM_COLORLESS","is_daily":false,"chose_seed":false,"campfire_upgraded":5,"win_rate":0.0,"timestamp":1608601724,"path_taken":["R","?","M","M","?","R","T","M","E","M","E","?","?","M","M","BOSS","R","M","$","M","?","R","T","R","?","?","R","M","R","E","M","BOSS"],"items_purchased_type":["Relic"],"build_version":"2020-12-13","purchased_purges":1,"victory":false,"max_hp_per_floor":[70,70,70,70,70,70,70,70,70,70,70,70,70,70,70,70,70,70,70,70,70,70,70,70,80,80,80,80,80,80,80,80,80,80,80],"card_choices":[{"not_picked":["expansioncontent:GoopSpray","Dark Shackles"],"picked":"Good Instincts","floor":0},{"not_picked":["hexamod:HauntingEcho","hexamod:BacktrackSmack"],"picked":"hexamod:SpectersWail","floor":2},{"not_picked":["hexamod:FlamesFromBeyond","hexamod:EtherealExpedition"],"picked":"hexamod:ThermalTransfer","floor":3},{"not_picked":["hexamod:SpectersWail","hexamod:PhantomFireball"],"picked":"hexamod:InspiringFlames","floor":4},{"not_picked":["hexamod:RecurringNightmare","hexamod:BurningTouch"],"picked":"hexamod:RadiantFlame","floor":8},{"not_picked":["hexamod:GhostShield","hexamod:RadiantFlame"],"picked":"hexamod:GhostOfSpirePresent","floor":9},{"not_picked":["hexamod:Toasty","hexamod:SwordOfDarkness","hexamod:GhostShield"],"picked":"SKIP","floor":10},{"not_picked":["hexamod:HauntingEcho","hexamod:HeatCrush","hexamod:AdvancingGuard"],"picked":"SKIP","floor":11},{"not_picked":["hexamod:GhostLash","hexamod:CatchUp"],"picked":"hexamod:GhostflameBarrier","floor":12},{"not_picked":["hexamod:AdvancingGuard","hexamod:ShieldOfDarkness","hexamod:SwordOfDarkness"],"picked":"SKIP","floor":14},{"not_picked":["hexamod:SoulSteal","hexamod:HeatShield"],"picked":"hexamod:Rewind","floor":15},{"not_picked":["hexamod:TurnItUp","hexamod:TimeOfNeed"],"picked":"hexamod:EmpoweringStance","floor":16},{"not_picked":["hexamod:Firestarter","hexamod:RecurringNightmare","hexamod:RainOfEmbers"],"picked":"SKIP","floor":19},{"not_picked":["hexamod:RetreatToShadows","hexamod:BurningTouch","hexamod:ExtraCrispy"],"picked":"SKIP","floor":20},{"not_picked":["hexamod:NightmareGuise","hexamod:HeatMetal+1"],"picked":"hexamod:PhantomFireball","floor":21},{"not_picked":["hexamod:DynamicBlow","hexamod:NecessarySacrifice"],"picked":"hexamod:AdvancingGuard+1","floor":26},{"not_picked":["hexamod:GhostShield","hexamod:BacktrackSmack","hexamod:Firestarter"],"picked":"SKIP","floor":29},{"not_picked":["hexamod:HeatCrush","hexamod:BurningTouch","hexamod:RecurringNightmare"],"picked":"SKIP","floor":31},{"not_picked":["hexamod:SuperheatedStrike+1","hexamod:SkipABeat","hexamod:NecessarySacrifice"],"picked":"SKIP","floor":32}],"player_experience":1612980,"relics_obtained":[{"floor":2,"key":"Gremlin Horn"},{"floor":7,"key":"Runesmith:Nanobots"},{"floor":9,"key":"Smiling Mask"},{"floor":11,"key":"HornCleat"},{"floor":31,"key":"Matryoshka"}],"event_choices":[{"damage_healed":23,"gold_gain":0,"player_choice":"Banana","damage_taken":0,"max_hp_gain":0,"max_hp_loss":0,"event_name":"Big Fish","floor":13,"gold_loss":0},{"damage_healed":0,"gold_gain":0,"player_choice":"Ignored","damage_taken":0,"max_hp_gain":0,"max_hp_loss":0,"event_name":"NoteForYourself","floor":22,"gold_loss":0}],"is_beta":false,"boss_relics":[{"not_picked":["Calling Bell","Runesmith:UraniumAnvil"],"picked":"Philosopher\u0027s Stone"}],"items_purged_floors":[20],"is_endless":false,"potions_floor_spawned":[4,9,10,11,26],"killed_by":"downfall:Watcher","ascension_level":0}}