{"host":"2e3z4r48quhw80cc","time":1608639263,"event":{"mods":["BaseMod","Minty Spire (QoL Compilation)","Quick Restart","StSLib","SuperFastMode"],"gold_per_floor":[10,10,185,201,301,329,56,56,111,138,138,158,193,193,193,316,316,341,356,356,367,367,367,367,367],"floor_reached":24,"playtime":1000,"items_purged":["Doubt"],"score":356,"play_id":"465f54dc-fc16-4877-9849-c077767fa618","local_time":"20201222211423","is_ascension_mode":true,"campfire_choices":[{"floor":8.0,"key":"REST"},{"floor":11.0,"key":"REST"},{"floor":15.0,"key":"REST"},{"floor":23.0,"key":"REST"}],"circlet_count":0,"master_deck":["AscendersBane","Strike_G","Strike_G","Strike_G","Defend_G","Defend_G+1","Defend_G","Survivor+1","Neutralize","Envenom","Bane","Backflip","Malaise","Infinite Blades","Flying Knee","Well Laid Plans","Venomology","Blur+1","Bane+1","Quick Slash+1","Deflect+1"],"relics":["Ring of the Snake","Boot","Membership Card","War Paint","Centennial Puzzle","Ornamental Fan","WingedGreaves","Bloody Idol","Astrolabe"],"acts_visited":["Exordium","TheCity"],"potions_floor_usage":[24,24,24,24,24,24,24],"damage_taken":[{"damage":1.0,"enemies":"Jaw Worm","floor":1.0,"turns":6.0},{"damage":4.0,"enemies":"2 Louse","floor":4.0,"turns":4.0},{"damage":46.0,"enemies":"Lagavulin","floor":6.0,"turns":9.0},{"damage":18.0,"enemies":"Gremlin Nob","floor":10.0,"turns":4.0},{"damage":0.0,"enemies":"Cultist","floor":12.0,"turns":4.0},{"damage":0.0,"enemies":"Lagavulin","floor":13.0,"turns":8.0},{"damage":11.0,"enemies":"Hexaghost","floor":16.0,"turns":12.0},{"damage":8.0,"enemies":"Chosen","floor":18.0,"turns":5.0},{"damage":28.0,"enemies":"2 Thieves","floor":19.0,"turns":4.0},{"damage":11.0,"enemies":"Snecko","floor":21.0,"turns":5.0},{"damage":32,"enemies":"Slavers","floor":24,"turns":6}],"seed_played":"-4892341654823326672","potions_obtained":[{"floor":4.0,"key":"DuplicationPotion"},{"floor":10.0,"key":"FearPotion"},{"floor":13.0,"key":"AttackPotion"},{"floor":19.0,"key":"DuplicationPotion"},{"floor":21.0,"key":"EntropicBrew"}],"is_trial":false,"path_per_floor":["M","?","?","M","?","E","$","R","T","E","R","M","E","?","R","B",null,"M","M","?","M","?","R","E"],"character_chosen":"THE_SILENT","items_purchased":["Membership Card","Infinite Blades","War Paint"],"campfire_rested":4,"item_purchase_floors":[7,7,7],"current_hp_per_floor":[62,62,62,58,58,12,12,33,33,15,36,36,36,19,40,29,60,52,24,24,18,18,39,7,7],"gold":367,"neow_bonus":"THREE_RARE_CARDS","is_daily":false,"chose_seed":false,"campfire_upgraded":0,"win_rate":0.0,"timestamp":1608639263,"path_taken":["M","?","?","M","?","E","$","R","T","E","R","?","E","?","R","BOSS","M","M","?","M","?","R","E"],"items_purchased_type":["Relic","Card","Relic"],"build_version":"2020-12-13","purchased_purges":1,"victory":false,"max_hp_per_floor":[70,70,70,70,70,70,70,70,70,70,70,70,70,70,70,70,70,70,70,70,70,70,70,70,70],"card_choices":[{"not_picked":["Doppelganger","Storm of Steel"],"picked":"Envenom","floor":0.0},{"not_picked":["Dagger Throw","Endless Agony"],"picked":"Bane","floor":1.0},{"not_picked":["Dash","Endless Agony"],"picked":"Backflip","floor":4.0},{"not_picked":["Quick Slash","Sucker Punch"],"picked":"Malaise","floor":6.0},{"not_picked":["Dagger Spray","Bouncing Flask"],"picked":"Flying Knee","floor":10.0},{"not_picked":["Heel Hook","Riddle With Holes","Outmaneuver"],"picked":"SKIP","floor":12.0},{"not_picked":["Predator","Unload"],"picked":"Well Laid Plans","floor":13.0},{"not_picked":["Storm of Steel","Wraith Form v2"],"picked":"Venomology","floor":16.0},{"not_picked":["Infinite Blades","Poisoned Stab","Quick Slash+1"],"picked":"SKIP","floor":18.0},{"not_picked":["All Out Attack","Poisoned Stab","Leg Sweep"],"picked":"SKIP","floor":19.0},{"not_picked":["Slice","PiercingWail+1"],"picked":"Deflect+1","floor":21.0}],"player_experience":88166,"relics_obtained":[{"floor":6.0,"key":"Boot"},{"floor":9.0,"key":"Centennial Puzzle"},{"floor":10.0,"key":"Ornamental Fan"},{"floor":13.0,"key":"WingedGreaves"}],"event_choices":[{"cards_removed":["Strike_G"],"damage_healed":0.0,"max_hp_gain":0.0,"max_hp_loss":0.0,"gold_gain":0.0,"event_name":"Living Wall","player_choice":"Forget","floor":2.0,"gold_loss":0.0,"damage_taken":0.0},{"damage_healed":0.0,"max_hp_gain":0.0,"max_hp_loss":0.0,"gold_gain":175.0,"event_name":"Liars Game","player_choice":"AGREE","floor":3.0,"gold_loss":0.0,"damage_taken":0.0,"cards_obtained":["Doubt"]},{"damage_healed":0.0,"max_hp_gain":0.0,"max_hp_loss":0.0,"gold_gain":100.0,"event_name":"Wheel of Change","player_choice":"Gold","floor":5.0,"gold_loss":0.0,"damage_taken":0.0},{"damage_healed":0.0,"max_hp_gain":0.0,"max_hp_loss":0.0,"gold_gain":0.0,"event_name":"Golden Idol","player_choice":"Take Damage","floor":14.0,"gold_loss":0.0,"damage_taken":17.0,"relics_obtained":["Golden Idol"]},{"damage_healed":0.0,"max_hp_gain":0.0,"max_hp_loss":0.0,"gold_gain":0.0,"event_name":"Forgotten Altar","player_choice":"Gave Idol","floor":20.0,"relics_lost":["Golden Idol"],"gold_loss":0.0,"damage_taken":0.0,"relics_obtained":["Bloody Idol"]},{"damage_healed":0.0,"max_hp_gain":0.0,"max_hp_loss":0.0,"gold_gain":0.0,"event_name":"Vampires","player_choice":"Ignored","floor":22.0,"gold_loss":0.0,"damage_taken":0.0}],"is_beta":false,"boss_relics":[{"not_picked":["Velvet Choker","HoveringKite"],"picked":"Astrolabe"}],"items_purged_floors":[7],"is_endless":false,"potions_floor_spawned":[4,10,13,19,21],"killed_by":"Slavers","ascension_level":10}}