{"host":"bg8va46pgqgvtzim","time":1608647339,"event":{"mods":["BaseMod","Minty Spire (QoL Compilation)","Quick Restart","StSLib","SuperFastMode"],"gold_per_floor":[116,134,61,61,61,87,87,113,113,145,70,82,82,96,96,191,191,208,133,232,132,7,36,36,69,92,105,123,153,165,177,177,278,278,297,297,313,17,17,48,48,76,76,76,94,113,113,142,142,142,142,142,94,122,122],"floor_reached":56,"playtime":1718,"items_purged":["Strike_G","Strike_G","Defend_G","Defend_G"],"score":1519,"play_id":"ff4eb240-b658-417e-b164-660dc456e482","local_time":"20201222222859","is_ascension_mode":true,"campfire_choices":[{"data":"Blade Dance","floor":7.0,"key":"SMITH"},{"data":"Prepared","floor":13.0,"key":"SMITH"},{"data":"Accuracy","floor":15.0,"key":"SMITH"},{"data":"Expertise","floor":24.0,"key":"SMITH"},{"data":"Acrobatics","floor":32.0,"key":"SMITH"},{"data":"Impatience","floor":41,"key":"SMITH"},{"data":"Terror","floor":47,"key":"SMITH"},{"floor":49,"key":"RECALL"},{"data":"Calculated Gamble","floor":52,"key":"SMITH"}],"circlet_count":0,"master_deck":["Defend_G","Defend_G","Defend_G","Survivor","Neutralize","Phantasmal Killer+1","Infinite Blades","Blade Dance+1","After Image","Footwork","Prepared+1","Accuracy+1","Expertise+1","After Image","Tactician+1","Blade Dance","Terror+1","Accuracy","Acrobatics+1","Finesse","Forethought","Impatience+1","Blur+1","Calculated Gamble+1"],"relics":["Ring of the Snake","Ice Cream","Boot","Peace Pipe","Lizard Tail","HoveringKite","PreservedInsect","Prayer Wheel","Pen Nib","Dream Catcher","Empty Cage","Medical Kit","Singing Bowl","Vajra","Akabeko","Pear"],"acts_visited":["Exordium","TheCity","TheBeyond","TheEnding"],"potions_floor_usage":[35,55,55,55],"damage_taken":[{"damage":0.0,"enemies":"2 Louse","floor":1.0,"turns":2.0},{"damage":1.0,"enemies":"Cultist","floor":2.0,"turns":3.0},{"damage":11.0,"enemies":"Gremlin Nob","floor":6.0,"turns":4.0},{"damage":8.0,"enemies":"3 Sentries","floor":8.0,"turns":7.0},{"damage":12.0,"enemies":"Gremlin Nob","floor":10.0,"turns":3.0},{"damage":1.0,"enemies":"Jaw Worm","floor":12.0,"turns":2.0},{"damage":5.0,"enemies":"Blue Slaver","floor":14.0,"turns":3.0},{"damage":0.0,"enemies":"Hexaghost","floor":16.0,"turns":6.0},{"damage":1.0,"enemies":"2 Thieves","floor":18.0,"turns":4.0},{"damage":17.0,"enemies":"Slavers","floor":23.0,"turns":4.0},{"damage":9.0,"enemies":"Gremlin Leader","floor":25.0,"turns":4.0},{"damage":0.0,"enemies":"Spheric Guardian","floor":27.0,"turns":3.0},{"damage":0.0,"enemies":"Snake Plant","floor":28.0,"turns":5.0},{"damage":7.0,"enemies":"Book of Stabbing","floor":29.0,"turns":3.0},{"damage":7.0,"enemies":"Centurion and Healer","floor":30.0,"turns":5.0},{"damage":0.0,"enemies":"Sentry and Sphere","floor":31.0,"turns":4.0},{"damage":7.0,"enemies":"Collector","floor":33.0,"turns":4.0},{"damage":5,"enemies":"3 Darklings","floor":35,"turns":4},{"damage":2,"enemies":"Orb Walker","floor":37,"turns":3},{"damage":0,"enemies":"Reptomancer","floor":40,"turns":2},{"damage":0,"enemies":"Nemesis","floor":42,"turns":3},{"damage":3,"enemies":"Jaw Worm Horde","floor":45,"turns":3},{"damage":2,"enemies":"Spire Growth","floor":46,"turns":4},{"damage":0,"enemies":"Giant Head","floor":48,"turns":3},{"damage":23,"enemies":"Time Eater","floor":50,"turns":7},{"damage":9,"enemies":"Shield and Spear","floor":54,"turns":3},{"damage":29,"enemies":"The Heart","floor":55,"turns":7}],"seed_played":"969162348185168391","potions_obtained":[{"floor":1.0,"key":"AttackPotion"},{"floor":10.0,"key":"SpeedPotion"},{"floor":12.0,"key":"DuplicationPotion"},{"floor":14.0,"key":"Weak Potion"},{"floor":16.0,"key":"Block Potion"},{"floor":23.0,"key":"Strength Potion"},{"floor":25.0,"key":"AttackPotion"},{"floor":31.0,"key":"Energy Potion"},{"floor":45,"key":"DuplicationPotion"}],"is_trial":false,"path_per_floor":["M","M","$","?","?","E","R","E","T","E","$","M","R","M","R","B",null,"M","?","?","$","$","E","R","E","T","M","M","E","M","M","R","B",null,"M","?","M","$","?","E","R","E","T","$","M","M","R","E","R","B",null,"R","$","E","B",null],"character_chosen":"THE_SILENT","items_purchased":["After Image","Medical Kit","Dexterity Potion"],"campfire_rested":0,"item_purchase_floors":[3,38,53],"current_hp_per_floor":[63,62,62,49,49,38,38,30,30,18,18,17,17,12,12,12,63,62,62,62,62,62,45,45,36,36,36,36,29,22,22,22,15,63,58,58,56,56,46,48,48,50,50,50,49,51,51,51,51,28,70,70,70,73,44],"gold":122,"neow_bonus":"THREE_RARE_CARDS","is_daily":false,"chose_seed":false,"campfire_upgraded":8,"win_rate":0.0,"timestamp":1608647339,"path_taken":["M","M","$","?","?","E","R","E","T","E","$","M","R","?","R","BOSS","M","?","?","?","$","E","R","E","T","M","M","E","M","M","R","BOSS","M","?","M","$","?","E","R","E","T","$","M","M","R","E","R","BOSS","R","$","E","BOSS"],"items_purchased_type":["Card","Relic","Potion"],"build_version":"2020-12-13","purchased_purges":4,"victory":true,"max_hp_per_floor":[63,63,63,63,63,63,63,63,63,63,63,63,63,63,63,63,63,63,63,63,63,63,63,63,63,63,63,63,63,63,63,63,63,63,63,60,60,60,60,62,62,64,64,64,66,70,70,70,70,70,70,70,70,82,82],"card_choices":[{"not_picked":["Night Terror","After Image"],"picked":"Phantasmal Killer","floor":0.0},{"not_picked":["Calculated Gamble","Acrobatics"],"picked":"Infinite Blades","floor":1.0},{"not_picked":["Slice","Deadly Poison"],"picked":"Blade Dance","floor":2.0},{"not_picked":["Deflect","Cloak And Dagger"],"picked":"Footwork","floor":6.0},{"not_picked":["Outmaneuver","Venomology","Riddle With Holes"],"picked":"SKIP","floor":8.0},{"not_picked":["Dagger Throw","Deadly Poison"],"picked":"Prepared","floor":10.0},{"not_picked":["Dagger Spray","Poisoned Stab"],"picked":"Accuracy","floor":12.0},{"not_picked":["Prepared","Backflip"],"picked":"Expertise","floor":14.0},{"not_picked":["Noxious Fumes","Cloak And Dagger","Dodge and Roll"],"picked":"SKIP","floor":18.0},{"not_picked":["Deflect+1","Setup","Wraith Form v2"],"picked":"SKIP","floor":23.0},{"not_picked":["Malaise","Slice","Endless Agony"],"picked":"SKIP","floor":25.0},{"not_picked":["Deflect","Setup","Crippling Poison"],"picked":"SKIP","floor":27.0},{"not_picked":["Dagger Throw","Sucker Punch","Backflip"],"picked":"SKIP","floor":27.0},{"not_picked":["Finisher+1","Deadly Poison"],"picked":"After Image","floor":28.0},{"not_picked":["Deflect","Poisoned Stab","PiercingWail+1"],"picked":"SKIP","floor":28.0},{"not_picked":["Heel Hook","Dagger Spray"],"picked":"Tactician+1","floor":29.0},{"not_picked":["Accuracy","Cloak And Dagger"],"picked":"Blade Dance","floor":30.0},{"not_picked":["Cloak And Dagger","Outmaneuver+1"],"picked":"Terror","floor":30.0},{"not_picked":["Dagger Throw","Dodge and Roll"],"picked":"Accuracy","floor":31.0},{"not_picked":["PiercingWail","Blur"],"picked":"Acrobatics","floor":31.0},{"not_picked":["Deadly Poison","Outmaneuver+1","Dodge and Roll"],"picked":"SKIP","floor":35},{"not_picked":["PiercingWail+1","Choke+1","Backflip+1"],"picked":"SKIP","floor":35},{"not_picked":["Outmaneuver","Masterful Stab+1","Deadly Poison"],"picked":"SKIP","floor":37},{"not_picked":["Deadly Poison","Predator","PiercingWail"],"picked":"SKIP","floor":37},{"not_picked":["Violence","Bandage Up"],"picked":"Finesse","floor":39},{"not_picked":["Trip","PanicButton"],"picked":"Forethought","floor":39},{"not_picked":["Trip","Deep Breath"],"picked":"Impatience","floor":39},{"not_picked":["Bouncing Flask","Choke","Accuracy"],"picked":"Singing Bowl","floor":40},{"not_picked":["Slice+1","Quick Slash+1","Dodge and Roll+1"],"picked":"Singing Bowl","floor":42},{"not_picked":["Dagger Spray","Backflip+1"],"picked":"Blur+1","floor":45},{"not_picked":["Sucker Punch","Deadly Poison","PiercingWail"],"picked":"Singing Bowl","floor":45},{"not_picked":["Slice+1","Underhanded Strike+1","Endless Agony"],"picked":"Singing Bowl","floor":46},{"not_picked":["Flying Knee+1","Finisher+1","PiercingWail+1"],"picked":"Singing Bowl","floor":46},{"not_picked":["Dagger Spray+1","Predator+1"],"picked":"Calculated Gamble","floor":48},{"not_picked":["Cloak And Dagger","Choke+1","Phantasmal Killer"],"picked":"Singing Bowl","floor":54}],"player_experience":2135639,"relics_obtained":[{"floor":6.0,"key":"Ice Cream"},{"floor":8.0,"key":"Boot"},{"floor":9.0,"key":"Peace Pipe"},{"floor":10.0,"key":"Lizard Tail"},{"floor":23.0,"key":"PreservedInsect"},{"floor":25.0,"key":"Prayer Wheel"},{"floor":26.0,"key":"Pen Nib"},{"floor":29.0,"key":"Dream Catcher"},{"floor":40,"key":"Singing Bowl"},{"floor":42,"key":"Vajra"},{"floor":48,"key":"Akabeko"},{"floor":54,"key":"Pear"}],"event_choices":[{"damage_healed":0.0,"max_hp_gain":0.0,"max_hp_loss":0.0,"gold_gain":0.0,"event_name":"Shining Light","player_choice":"Entered Light","floor":4.0,"gold_loss":0.0,"damage_taken":13.0,"cards_upgraded":["Strike_G","Strike_G"]},{"damage_healed":0.0,"max_hp_gain":0.0,"max_hp_loss":0.0,"gold_gain":0.0,"event_name":"Accursed Blacksmith","player_choice":"Forge","floor":5.0,"gold_loss":0.0,"damage_taken":0.0,"cards_upgraded":["Phantasmal Killer"]},{"cards_removed":["Strike_G"],"damage_healed":0.0,"max_hp_gain":0.0,"max_hp_loss":0.0,"gold_gain":0.0,"event_name":"Beggar","player_choice":"Gave Gold","floor":19.0,"gold_loss":75.0,"damage_taken":0.0},{"damage_healed":0.0,"max_hp_gain":0.0,"max_hp_loss":0.0,"gold_gain":99.0,"event_name":"Nest","player_choice":"Stole From Cult","floor":20.0,"gold_loss":0.0,"damage_taken":0.0},{"damage_healed":0,"gold_gain":0,"player_choice":"Max HP","damage_taken":0,"max_hp_gain":0,"max_hp_loss":3,"event_name":"Winding Halls","floor":36,"gold_loss":0},{"damage_healed":0,"gold_gain":0,"player_choice":"Memory 3","damage_taken":10,"max_hp_gain":0,"max_hp_loss":0,"event_name":"SensoryStone","floor":39,"gold_loss":0}],"is_beta":false,"boss_relics":[{"not_picked":["Busted Crown","Ectoplasm"],"picked":"HoveringKite"},{"not_picked":["Snecko Eye","WristBlade"],"picked":"Empty Cage"}],"items_purged_floors":[11,21,22,38],"is_endless":false,"potions_floor_spawned":[1,10,12,14,16,23,25,28,31,33,45],"ascension_level":1}}