{"host":"Rich","time":1608612056,"event":{"mods":["AchievementEnabler","BaseMod","Highlight Path","Minty Spire (QoL Compilation)","Relic Stats"],"gold_per_floor":[110,110,129,129,46,46,69,69,69,14,57,81,116,130,130,228,228,241,166,166,166,12,12,26,26,102,102,138,138,138,152,152,152,152],"floor_reached":33,"playtime":1358,"items_purged":["Strike_B","Doubt"],"score":542,"play_id":"6bf46e57-1e4c-43f3-a7a9-7c0aa6fe8c94","local_time":"20201221234056","is_ascension_mode":true,"campfire_choices":[{"floor":6.0,"key":"DIG"},{"floor":8.0,"key":"DIG"},{"floor":15.0,"key":"RECALL"},{"floor":23.0,"key":"REST"},{"floor":25.0,"key":"REST"},{"floor":29.0,"key":"DIG"},{"floor":32.0,"key":"REST"}],"circlet_count":0,"master_deck":["AscendersBane","Strike_B","Strike_B","Defend_B","Defend_B","Defend_B","Defend_B","Zap","Dualcast","Ball Lightning","Conserve Battery","Doom and Gloom","Recycle","Cold Snap","Capacitor","Echo Form","Turbo","Coolheaded","Loop+1","Coolheaded"],"relics":["Snecko Eye","Golden Idol","Shovel","Sundial","Torii","Oddly Smooth Stone","White Beast Statue","Tiny Chest","SacredBark","Cables","Shuriken","Prayer Wheel"],"acts_visited":["Exordium","TheCity"],"potions_floor_usage":[33,33],"damage_taken":[{"damage":6.0,"enemies":"Small Slimes","floor":1.0,"turns":4.0},{"damage":0.0,"enemies":"Cultist","floor":3.0,"turns":3.0},{"damage":7.0,"enemies":"Jaw Worm","floor":7.0,"turns":4.0},{"damage":11.0,"enemies":"3 Sentries","floor":11.0,"turns":7.0},{"damage":0.0,"enemies":"2 Fungi Beasts","floor":12.0,"turns":2.0},{"damage":7.0,"enemies":"Lagavulin","floor":13.0,"turns":5.0},{"damage":0.0,"enemies":"Red Slaver","floor":14.0,"turns":2.0},{"damage":32.0,"enemies":"Hexaghost","floor":16.0,"turns":11.0},{"damage":24.0,"enemies":"2 Thieves","floor":18.0,"turns":5.0},{"damage":14.0,"enemies":"Chosen","floor":24.0,"turns":7.0},{"damage":21.0,"enemies":"Book of Stabbing","floor":28.0,"turns":6.0},{"damage":14.0,"enemies":"3 Cultists","floor":31.0,"turns":4.0},{"damage":63,"enemies":"Champ","floor":33,"turns":14}],"seed_played":"-270109844501181973","potions_obtained":[{"floor":1.0,"key":"Swift Potion"},{"floor":11.0,"key":"FearPotion"},{"floor":12.0,"key":"Swift Potion"},{"floor":13.0,"key":"SteroidPotion"},{"floor":14.0,"key":"FearPotion"},{"floor":16.0,"key":"DuplicationPotion"},{"floor":18.0,"key":"Energy Potion"},{"floor":24.0,"key":"Weak Potion"},{"floor":28.0,"key":"LiquidBronze"},{"floor":31.0,"key":"Energy Potion"}],"is_trial":false,"path_per_floor":["M","?","M","?","?","R","M","R","T","$","E","M","E","M","R","B",null,"M","$","?","?","$","R","M","R","T","T","E","R","?","M","R","B"],"character_chosen":"DEFECT","items_purchased":["Block Potion","Coolheaded"],"campfire_rested":3,"item_purchase_floors":[10,22],"current_hp_per_floor":[58,58,58,58,58,58,51,51,51,51,40,40,33,33,33,1,48,24,24,24,24,24,43,29,48,48,48,27,27,27,13,32,0,0],"gold":152,"neow_bonus":"BOSS_RELIC","is_daily":false,"chose_seed":false,"campfire_upgraded":0,"win_rate":0.0,"timestamp":1608612056,"path_taken":["M","?","?","?","?","R","?","R","T","$","E","M","E","M","R","BOSS","M","$","?","?","$","R","?","R","T","?","E","R","?","M","R","BOSS"],"items_purchased_type":["Potion","Card"],"build_version":"2020-12-18","purchased_purges":2,"victory":false,"max_hp_per_floor":[71,71,71,64,64,64,64,64,64,64,64,64,64,64,64,64,64,64,64,64,64,64,64,64,64,64,64,64,64,64,64,64,64,64],"relic_stats":{"Shovel":3,"Torii":54,"counters":[13,74],"Golden Idol":65,"Sundial":[22],"Shuriken":[4],"Snecko Eye":[117,117,127,124],"Tiny Chest":1,"Prayer Wheel":1,"obtain_stats":[{"Torii":8,"Golden Idol":4,"SacredBark":17,"Oddly Smooth Stone":9,"White Beast Statue":11,"Cables":27,"Shovel":5,"Sundial":6,"Shuriken":28,"Snecko Eye":0,"Tiny Chest":13,"Prayer Wheel":29,"Cracked Core":0},{"Torii":3,"Golden Idol":2,"SacredBark":8,"Oddly Smooth Stone":3,"White Beast Statue":4,"Cables":10,"Shovel":2,"Sundial":2,"Shuriken":11,"Snecko Eye":0,"Tiny Chest":6,"Prayer Wheel":11,"Cracked Core":0},{"Torii":11,"Golden Idol":7,"SacredBark":38,"Oddly Smooth Stone":11,"White Beast Statue":18,"Cables":50,"Shovel":7,"Sundial":7,"Shuriken":56,"Snecko Eye":0,"Tiny Chest":25,"Prayer Wheel":56,"Cracked Core":0}],"Cables":[22,4,12,6,0]},"card_choices":[{"not_picked":["Storm","Streamline"],"picked":"Ball Lightning","floor":1.0},{"not_picked":["Static Discharge","Leap"],"picked":"Conserve Battery","floor":3.0},{"not_picked":["White Noise","Coolheaded"],"picked":"Doom and Gloom","floor":7.0},{"not_picked":["Recycle","Reprogram","Conserve Battery"],"picked":"SKIP","floor":11.0},{"not_picked":["Reprogram","Conserve Battery"],"picked":"Recycle","floor":11.0},{"not_picked":["Chaos","Conserve Battery","Barrage"],"picked":"SKIP","floor":12.0},{"not_picked":["Barrage","Ball Lightning"],"picked":"Cold Snap","floor":13.0},{"not_picked":["Auto Shields","Stack"],"picked":"Capacitor","floor":14.0},{"not_picked":["Seek","Creative AI"],"picked":"Echo Form","floor":16.0},{"not_picked":["Rip and Tear","Hologram+1"],"picked":"Turbo","floor":18.0},{"not_picked":["Undo","Steam Power"],"picked":"Loop+1","floor":24.0},{"not_picked":["Capacitor","Hologram+1","Streamline"],"picked":"SKIP","floor":28.0},{"not_picked":["Turbo","Capacitor"],"picked":"Coolheaded","floor":31.0},{"not_picked":["Heatsinks","Beam Cell","Compile Driver+1"],"picked":"SKIP","floor":31.0}],"player_experience":1924503,"relics_obtained":[{"floor":6.0,"key":"Sundial"},{"floor":8.0,"key":"Torii"},{"floor":9.0,"key":"Oddly Smooth Stone"},{"floor":11.0,"key":"White Beast Statue"},{"floor":13.0,"key":"Tiny Chest"},{"floor":27.0,"key":"Cables"},{"floor":28.0,"key":"Shuriken"},{"floor":29.0,"key":"Prayer Wheel"}],"event_choices":[{"cards_removed":["Strike_B"],"damage_healed":0.0,"max_hp_gain":0.0,"max_hp_loss":0.0,"gold_gain":0.0,"event_name":"Bonfire Elementals","player_choice":"Offered Basic","floor":2.0,"gold_loss":0.0,"damage_taken":0.0},{"damage_healed":0.0,"max_hp_gain":0.0,"max_hp_loss":7.0,"gold_gain":0.0,"event_name":"Golden Idol","player_choice":"Lose Max HP","floor":4.0,"gold_loss":0.0,"damage_taken":0.0,"relics_obtained":["Golden Idol"]},{"damage_healed":0.0,"max_hp_gain":0.0,"max_hp_loss":0.0,"gold_gain":0.0,"event_name":"WeMeetAgain","player_choice":"Paid Gold","floor":5.0,"gold_loss":83.0,"damage_taken":0.0,"relics_obtained":["Shovel"]},{"damage_healed":0.0,"max_hp_gain":0.0,"max_hp_loss":0.0,"gold_gain":0.0,"event_name":"Cursed Tome","player_choice":"Ignored","floor":20.0,"gold_loss":0.0,"damage_taken":0.0},{"damage_healed":0.0,"max_hp_gain":0.0,"max_hp_loss":0.0,"gold_gain":0.0,"event_name":"Match and Keep!","player_choice":"1 cards matched","floor":21.0,"gold_loss":0.0,"damage_taken":0.0,"cards_obtained":["Doubt"]},{"damage_healed":0.0,"max_hp_gain":0.0,"max_hp_loss":0.0,"gold_gain":0.0,"event_name":"The Mausoleum","player_choice":"Ignored","floor":30.0,"gold_loss":0.0,"damage_taken":0.0}],"is_beta":true,"boss_relics":[{"not_picked":["Runic Pyramid","Ectoplasm"],"picked":"SacredBark"}],"items_purged_floors":[19,22],"is_endless":false,"potions_floor_spawned":[1,11,12,13,14,16,18,24,28,31],"killed_by":"Champ","ascension_level":20}}