{"host":"dbzukadmkvvxpu74","time":1608608166,"event":{"mods":["2.2 Compatiblity","AchievementEnabler","BaseMod","Better Altar","Better Match","Colored Powertips","Googly Eyes","Highlight Path","Minty Spire (QoL Compilation)","StSLib","The Animator"],"gold_per_floor":[116,116,128,42,58,83,83,99,399,417,447,479,479,511,511,611,611,624,723,743,362,374,374,401,401,452,452,486,500,500,42,42,138,138,153,153,171,191,191,191,232,232,232,232,246,246,266,290,290,290,290],"floor_reached":50,"playtime":7950,"items_purged":[],"score":599,"play_id":"3fabbf5a-c34f-41af-ab14-ad40220ceef5","local_time":"20201221203606","is_ascension_mode":false,"campfire_choices":[{"data":"animator:YunYun","floor":7,"key":"SMITH"},{"floor":13,"key":"REST"},{"floor":15,"key":"REST"},{"floor":23,"key":"REST"},{"floor":25,"key":"REST"},{"floor":32,"key":"REST"},{"floor":40,"key":"REST"},{"floor":42,"key":"REST"},{"data":"animator:EmiyaShirou","floor":44,"key":"SMITH"},{"floor":49,"key":"REST"}],"circlet_count":0,"master_deck":["animator:Strike_Konosuba+1","animator:Defend_Konosuba+1","animator:Kazuma","animator:Aqua","animator:Benimaru","animator:PandorasActor+1","animator:Strike_Katanagatari+1","animator:Strike_GoblinSlayer+1","animator:Defend_HitsugiNoChaika+1","animator:Defend_AccelWorld+1","animator:Defend_Katanagatari+1","animator:TukaLunaMarceau","animator:YunYun+1","animator:Kuribayashi","animator:KyokoSakura","animator:Millim","animator:IzunaHatsuse","animator:Saber","animator:Mitsurugi+1","animator:YaoHaDucy","animator:Kaijin","animator:RoryMercury","animator:DolaCouronne","animator:Archer","animator:EmiyaShirou+1","animator:Rimuru","animator:Cirno+1","animator:Ainz+1","animator:DolaCouronne+1","animator:Cocytus","animator:HigakiRinne","animator:Darkness","animator:Caster","animator:Gillette+1"],"relics":["animator:LivingPicture","animator:TheMissingPiece","animator:PurgingStone","Old Coin","War Paint","Juzu Bracelet","SlaversCollar","Bronze Scales","Meat on the Bone","Regal Pillow","Unceasing Top","animator:EngravedStaff","Astrolabe","Darkstone Periapt","Pear"],"acts_visited":["Exordium","TheCity","TheBeyond"],"potions_floor_usage":[14,16,24,28,28,29,29,33,41,47,50],"damage_taken":[{"damage":0,"enemies":"2 Louse","floor":1,"turns":4},{"damage":0,"enemies":"Jaw Worm","floor":3,"turns":4},{"damage":0,"enemies":"Small Slimes","floor":5,"turns":4},{"damage":0,"enemies":"2 Fungi Beasts","floor":6,"turns":4},{"damage":0,"enemies":"3 Louse","floor":8,"turns":1},{"damage":0,"enemies":"Lots of Slimes","floor":10,"turns":1},{"damage":11,"enemies":"Looter","floor":11,"turns":3},{"damage":14,"enemies":"3 Sentries","floor":12,"turns":5},{"damage":38,"enemies":"Gremlin Nob","floor":14,"turns":5},{"damage":12,"enemies":"The Guardian","floor":16,"turns":8},{"damage":33,"enemies":"2 Thieves","floor":18,"turns":4},{"damage":0,"enemies":"Chosen","floor":20,"turns":4},{"damage":18,"enemies":"Sentry and Sphere","floor":22,"turns":4},{"damage":50,"enemies":"Slavers","floor":24,"turns":6},{"damage":38,"enemies":"Gremlin Leader","floor":28,"turns":7},{"damage":22,"enemies":"Centurion and Healer","floor":29,"turns":6},{"damage":60,"enemies":"Automaton","floor":33,"turns":8},{"damage":9,"enemies":"Orb Walker","floor":35,"turns":4},{"damage":28,"enemies":"3 Darklings","floor":37,"turns":5},{"damage":58,"enemies":"Maw","floor":38,"turns":9},{"damage":40,"enemies":"Giant Head","floor":41,"turns":9},{"damage":21,"enemies":"Jaw Worm Horde","floor":45,"turns":5},{"damage":31,"enemies":"3 Darklings","floor":47,"turns":5},{"damage":3,"enemies":"4 Shapes","floor":48,"turns":5},{"damage":94,"enemies":"Time Eater","floor":50,"turns":10}],"seed_played":"-5913600941969510393","potions_obtained":[{"floor":8,"key":"EntropicBrew"},{"floor":10,"key":"Energy Potion"},{"floor":11,"key":"EssenceOfSteel"},{"floor":14,"key":"SneckoOil"},{"floor":16,"key":"FairyPotion"},{"floor":22,"key":"PowerPotion"},{"floor":28,"key":"Weak Potion"},{"floor":38,"key":"Strength Potion"},{"floor":45,"key":"Block Potion"},{"floor":47,"key":"Strength Potion"}],"is_trial":false,"path_per_floor":["M","?","M","?","M","M","R","M","T","M","M","E","R","E","R","B",null,"M","?","M","$","M","R","E","R","T","?","E","M","?","$","R","B",null,"M","?","M","M","?","R","E","R","T","R","M","?","M","M","R","B"],"character_chosen":"THE_ANIMATOR","items_purchased":["animator:Kaijin","Bronze Scales","animator:Zero","animator:Souei","animator:EngravedStaff","FairyPotion","Fire Potion"],"campfire_rested":8,"item_purchase_floors":[21,21,21,21,31,31,31],"current_hp_per_floor":[72,77,77,77,77,77,77,77,77,77,67,55,77,39,62,52,77,47,47,49,49,33,56,8,31,31,31,35,31,31,31,69,23,78,71,71,45,35,25,63,37,75,85,85,66,66,49,48,88,0,0],"gold":290,"neow_bonus":"TEN_PERCENT_HP_BONUS","is_daily":false,"chose_seed":false,"campfire_upgraded":2,"win_rate":0.0,"timestamp":1608608166,"path_taken":["M","?","M","?","M","M","R","M","T","M","M","E","R","E","R","BOSS","M","?","M","$","M","R","E","R","T","?","E","M","?","?","R","BOSS","M","?","M","M","?","R","E","R","T","R","M","?","M","M","R","BOSS"],"items_purchased_type":["Card","Relic","Card","Card","Relic","Potion","Potion"],"build_version":"2020-12-13","purchased_purges":0,"victory":false,"max_hp_per_floor":[72,77,77,77,77,77,77,77,77,77,77,77,77,77,77,77,77,78,78,78,78,78,78,78,78,78,78,78,78,78,78,78,78,78,78,78,78,78,78,78,78,78,88,88,88,88,88,88,88,88,88],"card_choices":[{"not_picked":["animator:ChaikaBohdan","animator:ShinjiMatou"],"picked":"animator:Benimaru","floor":1},{"not_picked":["animator:IzunaHatsuse","animator:Vanir"],"picked":"animator:PandorasActor","floor":3},{"not_picked":["animator:Assassin","animator:DolaCouronne"],"picked":"animator:TukaLunaMarceau","floor":5},{"not_picked":["animator:Verdia","animator:Aqua"],"picked":"animator:YunYun","floor":6},{"not_picked":["animator:Layla","animator:Shalltear"],"picked":"animator:Kuribayashi","floor":8},{"not_picked":["animator:Fredrika","animator:IrohaTamaki"],"picked":"animator:Jibril","floor":10},{"not_picked":["animator:TukaLunaMarceau","animator:Geryuganshoop"],"picked":"animator:KyokoSakura","floor":11},{"not_picked":["animator:Kaijin","animator:Hakurou"],"picked":"animator:Millim","floor":12},{"not_picked":["animator:Verdia","animator:Jibril"],"picked":"animator:IzunaHatsuse","floor":14},{"not_picked":["animator:AcuraShin","animator:Kyubey"],"picked":"animator:Saber","floor":16},{"not_picked":["animator:SilverFang","animator:GazelDwargon"],"picked":"animator:Mitsurugi+1","floor":18},{"not_picked":["animator:AcuraTooru","animator:Kuribayashi"],"picked":"animator:YaoHaDucy","floor":20},{"not_picked":["animator:YaoHaDucy","animator:TukaLunaMarceau"],"picked":"animator:RoryMercury","floor":22},{"not_picked":["animator:Souei","animator:Guy+1"],"picked":"animator:DolaCouronne","floor":24},{"not_picked":["animator:Vanir","animator:YuiTsuruno"],"picked":"animator:Archer","floor":28},{"not_picked":["animator:Shalltear+1","animator:MamiTomoe"],"picked":"animator:EmiyaShirou","floor":29},{"not_picked":["animator:Saber","animator:AcuraShin"],"picked":"animator:Rimuru","floor":33},{"not_picked":["animator:Demiurge","animator:PandorasActor"],"picked":"animator:Cocytus","floor":35},{"not_picked":["animator:Souei","animator:Berserker+1"],"picked":"animator:SilverFang","floor":37},{"not_picked":["animator:Assassin+1","animator:IrohaTamaki","animator:Kyubey"],"picked":"SKIP","floor":38},{"not_picked":["animator:Shalltear","animator:Tatsumaki+1"],"picked":"animator:Darkness","floor":41},{"not_picked":["animator:Berserker","animator:Assassin"],"picked":"animator:Caster","floor":45},{"not_picked":["animator:GazelDwargon+1","animator:Archer","animator:Evileye"],"picked":"SKIP","floor":47},{"not_picked":["animator:Cocytus","animator:TukaLunaMarceau"],"picked":"animator:Gillette+1","floor":48}],"player_experience":41338,"relics_obtained":[{"floor":9,"key":"Old Coin"},{"floor":12,"key":"War Paint"},{"floor":14,"key":"Juzu Bracelet"},{"floor":24,"key":"Meat on the Bone"},{"floor":26,"key":"Regal Pillow"},{"floor":28,"key":"Unceasing Top"},{"floor":41,"key":"Darkstone Periapt"},{"floor":43,"key":"Pear"}],"event_choices":[{"damage_healed":0,"gold_gain":0,"player_choice":"Donut","damage_taken":0,"max_hp_gain":5,"max_hp_loss":0,"event_name":"Big Fish","floor":2,"gold_loss":0},{"damage_healed":0,"gold_gain":99,"player_choice":"Stole From Cult","damage_taken":0,"max_hp_gain":0,"max_hp_loss":0,"event_name":"Nest","floor":19,"gold_loss":0},{"damage_healed":0,"gold_gain":0,"player_choice":"Ignored","damage_taken":0,"max_hp_gain":0,"max_hp_loss":0,"event_name":"Vampires","floor":27,"gold_loss":0},{"damage_healed":0,"gold_gain":0,"player_choice":"Simplicity","damage_taken":0,"max_hp_gain":0,"max_hp_loss":0,"event_name":"Back to Basics","floor":30,"gold_loss":0,"cards_upgraded":["animator:Defend_Konosuba","animator:Strike_Katanagatari","animator:Strike_GoblinSlayer","animator:Strike_Fate","animator:Defend_AccelWorld","animator:Defend_Katanagatari"]},{"cards_removed":["animator:Strike_Fate"],"damage_healed":0,"gold_gain":0,"player_choice":"Removed Attack","damage_taken":0,"max_hp_gain":0,"max_hp_loss":0,"event_name":"Falling","floor":36,"gold_loss":0},{"damage_healed":0,"gold_gain":0,"player_choice":"Embrace Madness","damage_taken":10,"max_hp_gain":0,"max_hp_loss":0,"event_name":"Winding Halls","floor":39,"gold_loss":0,"cards_obtained":["animator:HigakiRinne"]},{"cards_removed":["animator:SilverFang"],"damage_healed":0,"gold_gain":0,"player_choice":"Card Removal","damage_taken":0,"max_hp_gain":0,"max_hp_loss":0,"event_name":"Wheel of Change","floor":46,"gold_loss":0}],"is_beta":false,"boss_relics":[{"not_picked":["Coffee Dripper","Runic Dome"],"picked":"SlaversCollar"},{"not_picked":["Calling Bell","Fusion Hammer"],"picked":"Astrolabe"}],"items_purged_floors":[],"is_endless":false,"potions_floor_spawned":[8,10,11,14,16,22,28,38,45,47],"killed_by":"Time Eater","ascension_level":0}}