{"host":"cyh4fejqtcjbfr7k","time":1608679826,"event":{"mods":["2.2 Compatiblity","AchievementEnabler","BaseMod","Colored Map","Colored Powertips","DeckTracker","Downfall","Googly Eyes","Hubris","Infinite Spire","Minty Spire (QoL Compilation)","Replay The Spire","Shop Mod","StSLib","SuperFastMode","Unceasing Turn Reminder"],"gold_per_floor":[113,113,113,113,128,60,60,85,85,85,103,103,103,116,116,213,213,223,71,71,83,99,99,128,147,147,159,190,222,250,262,262],"floor_reached":31,"playtime":876,"items_purged":["Strike_B"],"score":270,"play_id":"e20565b3-62f6-48e8-938e-d4c818c62443","local_time":"20201222163026","is_ascension_mode":true,"campfire_choices":[{"floor":10,"key":"REST"},{"floor":12,"key":"REST"},{"floor":15,"key":"REST"},{"floor":23,"key":"REST"},{"floor":27,"key":"REST"}],"circlet_count":0,"master_deck":["Strike_B","Defend_B","Defend_B","Defend_B","Defend_B","Zap","Dualcast","Replay:SS_fish_3","Barrage","Capacitor","Electrodynamics","hubris:Ukulele","Consume","ReplayRNGCard+1","Hello World","Machine Learning","BasicCrystalCard","Defragment","Streamline","Zap","Leap","Double Energy+1","ReplayTheSpireMod:System Scan+1","Leap","Double Energy","Conserve Battery"],"relics":["Cracked Core","Turnip","Mummified Hand","Unceasing Top","MawBank"],"acts_visited":["Exordium","TheCity"],"potions_floor_usage":[16,18,18,24,24,25,29],"damage_taken":[{"damage":6,"enemies":"Cultist","floor":1,"turns":3},{"damage":6,"enemies":"Jaw Worm","floor":5,"turns":3},{"damage":48,"enemies":"Gremlin Nob","floor":8,"turns":5},{"damage":0,"enemies":"Small Slimes","floor":11,"turns":2},{"damage":11,"enemies":"Gremlin Gang","floor":14,"turns":4},{"damage":36,"enemies":"Hexaghost","floor":16,"turns":7},{"damage":28,"enemies":"Shell Parasite","floor":18,"turns":5},{"damage":0,"enemies":"Spheric Guardian","floor":21,"turns":3},{"damage":21,"enemies":"Chosen and Byrds","floor":22,"turns":5},{"damage":22,"enemies":"Gremlin Leader","floor":24,"turns":4},{"damage":0,"enemies":"3 Cultists","floor":25,"turns":3},{"damage":6,"enemies":"Snecko","floor":28,"turns":4},{"damage":11,"enemies":"Cultist and Chosen","floor":29,"turns":3},{"damage":31,"enemies":"Centurion and Healer","floor":30,"turns":5},{"damage":6,"enemies":"Snecko","floor":31,"turns":2}],"seed_played":"-2534060630726668560","potions_obtained":[{"floor":1,"key":"Strength Potion"},{"floor":8,"key":"Dexterity Potion"},{"floor":16,"key":"Adrenaline Potion"},{"floor":18,"key":"EssenceOfDarkness"},{"floor":22,"key":"ColorlessPotion"},{"floor":24,"key":"LifebloodPotion"},{"floor":29,"key":"Fruit Juice"}],"is_trial":false,"path_per_floor":["M","$","?","$","M","$","?","E","T","R","M","R","?","M","R","B",null,"M","$","?","M","M","R","E","M","T","R","M","M","M","M"],"character_chosen":"DEFECT","items_purchased":["Electrodynamics","Defragment"],"campfire_rested":5,"item_purchase_floors":[6,19],"current_hp_per_floor":[69,69,69,69,63,63,63,15,15,37,37,59,59,48,70,34,75,47,47,47,47,26,48,26,26,26,48,42,36,5,0,0],"gold":262,"neow_bonus":"RANDOM_COLORLESS","is_daily":false,"chose_seed":false,"campfire_upgraded":0,"win_rate":0.0,"timestamp":1608679826,"path_taken":["M","?","?","$","?","$","?","E","T","R","M","R","?","M","R","BOSS","M","$","?","?","M","R","E","?","T","R","M","M","?","M"],"items_purchased_type":["Card","Card"],"build_version":"2020-12-13","purchased_purges":1,"victory":false,"max_hp_per_floor":[75,75,75,75,75,75,75,75,75,75,75,75,75,75,75,75,75,75,75,75,75,75,75,75,75,75,75,75,80,80,80,80],"card_choices":[{"not_picked":["Impatience","expansioncontent:LastStand"],"picked":"Replay:SS_fish_3","floor":0},{"not_picked":["Coolheaded","Hologram"],"picked":"Barrage","floor":1},{"not_picked":["Conserve Battery","Cold Snap"],"picked":"Capacitor","floor":5},{"not_picked":["ReplaySolidLightProjector","Blizzard"],"picked":"hubris:Ukulele","floor":8},{"not_picked":["Rebound","Cold Snap"],"picked":"Consume","floor":11},{"not_picked":["Barrage","Coolheaded"],"picked":"Hello World","floor":14},{"not_picked":["Meteor Strike","Biased Cognition"],"picked":"Machine Learning","floor":16},{"not_picked":["Go for the Eyes","Sweeping Beam"],"picked":"BasicCrystalCard","floor":18},{"not_picked":["Tempest","Barrage","Compile Driver"],"picked":"SKIP","floor":21},{"not_picked":["Ball Lightning","Lockon"],"picked":"Leap","floor":22},{"not_picked":["Compile Driver+1","Hologram"],"picked":"Double Energy+1","floor":24},{"not_picked":["Barrage+1","ReplayTheSpireMod:Repulse"],"picked":"ReplayTheSpireMod:System Scan+1","floor":25},{"not_picked":["Cold Snap","Streamline+1"],"picked":"Leap","floor":28},{"not_picked":["Gash","Blizzard+1"],"picked":"Double Energy","floor":29},{"not_picked":["Barrage","Undo"],"picked":"Conserve Battery","floor":30}],"player_experience":604870,"relics_obtained":[{"floor":8,"key":"Turnip"},{"floor":9,"key":"Mummified Hand"},{"floor":24,"key":"Unceasing Top"},{"floor":26,"key":"MawBank"}],"event_choices":[{"cards_removed":["Strike_B"],"damage_healed":0,"gold_gain":0,"player_choice":"Offered Basic","damage_taken":0,"max_hp_gain":0,"max_hp_loss":0,"event_name":"Bonfire Elementals","floor":3,"gold_loss":0},{"damage_healed":0,"gold_gain":0,"player_choice":"Ignored","damage_taken":0,"max_hp_gain":0,"max_hp_loss":0,"event_name":"Liars Game","floor":7,"gold_loss":0},{"damage_healed":0,"gold_gain":0,"player_choice":"2 cards matched","damage_taken":0,"max_hp_gain":0,"max_hp_loss":0,"event_name":"Match and Keep!","floor":20,"gold_loss":0,"cards_obtained":["Streamline","Zap"]}],"is_beta":false,"boss_relics":[{"not_picked":["Cursed Key","Abe\u0027s Treasure","ReplayTheSpireMod:SealedPack"]}],"items_purged_floors":[19],"is_endless":false,"potions_floor_spawned":[1,8,16,18,22,24,29],"killed_by":"Snecko","ascension_level":1}}