{"host":"b5mzvg96njlg7ry9","time":1608647291,"event":{"mods":["AlwaysNeverKeys","Aspiration","BaseMod","Better Note","Better Third Choice","BetterRewards","Colored Map","Colored Powertips","Conspire","Downfall","Highlight Path","Hubris","Infinite Spire","Minty Spire (QoL Compilation)","Quick Restart","Relic Sorter","Replay The Spire","Shop Mod","StSLib","SuperFastMode","everything is the same but u backflip on backflip"],"gold_per_floor":[374,390,400,385,400,400,400,426,426,35,66,78,78,78,92,191,241,241,261,261,261,279,312,312,351,378,406,451,473,485,514,543,657,669,681,707,719,784,909,948,960,1184,1184,1184,1184],"floor_reached":43,"playtime":3530,"items_purged":["champ:Defend","champ:Strike","champ:Strike"],"score":709,"play_id":"ea80943d-d53e-4592-994e-9333bc6e77a9","local_time":"20201222152811","is_ascension_mode":true,"campfire_choices":[{"data":"Thinking Ahead","floor":1.0,"key":"SMITH"},{"data":"champ:Taunt","floor":6.0,"key":"SMITH"},{"data":"champ:BerserkerStyle","floor":9.0,"key":"SMITH"},{"data":"champ:AdrenalArmor","floor":9.0,"key":"SMITH"},{"data":"champ:CalledShot","floor":18.0,"key":"SMITH"},{"data":"champ:EnragedBash","floor":18.0,"key":"SMITH"},{"data":"champ:Defend","floor":30,"key":"SMITH"},{"data":"champ:Defend","floor":30,"key":"SMITH"},{"data":"champ:RageSigil","floor":35,"key":"SMITH"},{"data":"champ:RageSigil","floor":35,"key":"SMITH"}],"circlet_count":0,"master_deck":["champ:Defend","champ:Execute","champ:Taunt+1","Thinking Ahead+1","champ:BerserkerStyle+1","champ:AdrenalArmor+1","champ:EnragedBash+1","champ:RageSigil+1","champ:CalledShot+1","champ:VampiricStrike+1","champ:RageSigil+1","champ:RecklessLeap","champ:AdrenalArmor+1","champ:EndlessRage"],"relics":["champ:ChampionCrown","hubris:Icosahedron","downfall:HeartBlessingRed","downfall:HeartBlessingGreen","downfall:HeartBlessingBlue","Replay:PocketPolymizer","Replay:Arrowhead","Bird Faced Urn","Anchor","Simple Rune","Coffee Dripper","conspire:Flyswatter","Smiling Mask","hubris:TenFootPole","champ:ChampionCrownUpgraded","Replay:Rubber Ducky","MerchantsRug","Juzu Bracelet"],"acts_visited":["Exordium","TheCity","TheBeyond"],"potions_floor_usage":[28],"damage_taken":[{"damage":5.0,"enemies":"Cultist","floor":2.0,"turns":4.0},{"damage":17.0,"enemies":"conspire:RoseBush","floor":3.0,"turns":2.0},{"damage":14.0,"enemies":"downfall:FleeingMerchant","floor":4.0,"turns":4.0},{"damage":18.0,"enemies":"Small Slimes","floor":5.0,"turns":3.0},{"damage":45.0,"enemies":"3 Sentries","floor":8.0,"turns":11.0},{"damage":28.0,"enemies":"downfall:FleeingMerchant","floor":10.0,"turns":4.0},{"damage":43.0,"enemies":"Gremlin Nob","floor":11.0,"turns":5.0},{"damage":47.0,"enemies":"Exordium Wildlife","floor":12.0,"turns":4.0},{"damage":36.0,"enemies":"Large Slime","floor":15.0,"turns":5.0},{"damage":84.0,"enemies":"downfall:Ironclad","floor":16.0,"turns":8.0},{"damage":80.0,"enemies":"conspire:FuzzyDice","floor":19.0,"turns":7.0},{"damage":75.0,"enemies":"conspire:HollyBat","floor":22.0,"turns":6.0},{"damage":113.0,"enemies":"Gremlin Leader","floor":23.0,"turns":5.0},{"damage":106.0,"enemies":"conspire:SneckoGhost","floor":25.0,"turns":6.0},{"damage":99.0,"enemies":"Centurion and Healer","floor":26.0,"turns":5.0},{"damage":43.0,"enemies":"Snake Plant","floor":27.0,"turns":3.0},{"damage":71,"enemies":"Book of Stabbing","floor":28,"turns":5},{"damage":63,"enemies":"Shelled Parasite and Fungi","floor":29,"turns":4},{"damage":59,"enemies":"Sentry and Sphere","floor":31,"turns":4},{"damage":53,"enemies":"Snake Plant","floor":32,"turns":4},{"damage":158,"enemies":"downfall:Watcher","floor":33,"turns":7},{"damage":53,"enemies":"3 Shapes","floor":36,"turns":3},{"damage":48,"enemies":"Orb Walker","floor":39,"turns":2},{"damage":64,"enemies":"R_Hoarder","floor":40,"turns":5},{"damage":96,"enemies":"downfall:FleeingMerchant","floor":42,"turns":2},{"damage":155,"enemies":"Nemesis","floor":43,"turns":10}],"seed_played":"-2156025739106995941","potions_obtained":[{"floor":3.0,"key":"ColorlessPotion"},{"floor":8.0,"key":"FearPotion"},{"floor":11.0,"key":"SpeedPotion"},{"floor":16.0,"key":"SpeedPotion"},{"floor":17.0,"key":"AttackPotion"},{"floor":22.0,"key":"Fire Potion"},{"floor":25.0,"key":"Regen Potion"},{"floor":26.0,"key":"Adrenaline Potion"},{"floor":27.0,"key":"sneckomod:MuddlingPotion"},{"floor":31,"key":"Reflective Coating"},{"floor":38,"key":"LiquidBronze"}],"is_trial":false,"path_per_floor":["R","M","M","$","M","R","T","E","R","$","E","M","?","?","M","B",null,"R_BF","M","?","AVR","M","E","T","E","M","M","E","M","R","M","M","B",null,"R","M","?","?","M","E","T","$","E"],"character_chosen":"THE_CHAMP","items_purchased":["Bird Faced Urn","MerchantsRug","Juzu Bracelet"],"campfire_rested":0,"item_purchase_floors":[10,42,42],"current_hp_per_floor":[91,91,82,82,75,75,75,71,71,71,58,48,53,35,37,20,101,101,101,101,101,101,89,89,90,100,101,99,101,101,92,103,103,106,106,106,106,93,106,106,106,106,0,0,0],"gold":1184,"neow_bonus":"RANDOM_COLORLESS_2","is_daily":false,"chose_seed":false,"campfire_upgraded":10,"win_rate":0.0,"timestamp":1608647291,"path_taken":["R","M","M","$","M","R","T","E","R","$","E","?","?","?","M","BOSS","R_BF","M","?","AVR","M","E","T","E","M","M","E","M","R","M","M","BOSS","R","M","?","?","M","E","T","$","E"],"items_purchased_type":["Relic","Relic","Relic"],"build_version":"2020-12-13","purchased_purges":3,"victory":false,"max_hp_per_floor":[91,91,91,91,91,91,91,91,91,91,91,91,96,96,96,96,101,101,101,101,101,101,101,101,101,101,101,101,101,101,101,106,106,106,106,106,106,106,106,106,106,106,106,106,106],"card_choices":[{"not_picked":["Midas Touch","Magnetism"],"picked":"Thinking Ahead","floor":0.0},{"not_picked":["champ:GladiatorsShout","champ:FanOfKnives"],"picked":"champ:BerserkerStyle","floor":2.0},{"not_picked":["champ:FlashCut","champ:SwordSigil","champ:GladiatorsShout"],"picked":"SKIP","floor":3.0},{"not_picked":["champ:FalseCounter","champ:EnchantShield"],"picked":"champ:AdrenalArmor","floor":4.0},{"not_picked":["champ:Haymaker","champ:SkillfulDodge","champ:StanceDance"],"picked":"SKIP","floor":5.0},{"not_picked":["champ:StrikeOfGenius","champ:Circumvent","champ:AdrenalArmor"],"picked":"SKIP","floor":8.0},{"not_picked":["champ:PerfectedStrike","champ:BerserkersShout","champ:FlashCut"],"picked":"SKIP","floor":10.0},{"not_picked":["champ:Circumvent","champ:ViciousMockery"],"picked":"champ:EnragedBash","floor":11.0},{"not_picked":["champ:StanceDance","champ:BerserkersShout"],"picked":"champ:RageSigil","floor":12.0},{"not_picked":["champ:BladeFlurry","champ:GladiatorsShout"],"picked":"champ:CalledShot","floor":15.0},{"not_picked":["champ:EnchantShield","champ:HoldFirm"],"picked":"champ:VampiricStrike","floor":16.0},{"not_picked":["champ:SwordSigil","champ:BladeFlurry"],"picked":"champ:RageSigil","floor":17.0},{"not_picked":["champ:BerserkersShout","champ:PreciseThrust","champ:EnragedBash"],"picked":"SKIP","floor":19.0},{"not_picked":["champ:GutPunch","champ:DeathBlow+1","champ:Riposte"],"picked":"SKIP","floor":22.0},{"not_picked":["champ:SteelEdge","champ:ArenaPreparation+1","champ:BladeFlurry"],"picked":"SKIP","floor":23.0},{"not_picked":["champ:Circumvent+1","champ:DeathBlow+1","champ:FocusedDefense"],"picked":"SKIP","floor":25.0},{"not_picked":["champ:PreciseThrust","champ:PerfectedStrike","champ:DefensiveStyle"],"picked":"SKIP","floor":26.0},{"not_picked":["champ:ShieldSigil","champ:PerfectedStrike","champ:FlashCut"],"picked":"SKIP","floor":27.0},{"not_picked":["champ:StanceDance","champ:DefensiveStyle","champ:FanOfKnives+1"],"picked":"SKIP","floor":28},{"not_picked":["champ:BringItOn","champ:CrookedStrike","champ:DeathBlow+1"],"picked":"SKIP","floor":29},{"not_picked":["champ:RapidStrikes","champ:GutPunch"],"picked":"champ:FightOn","floor":31},{"not_picked":["champ:RageSigil","champ:BladeFlurry","champ:GladiatorsShout"],"picked":"SKIP","floor":32},{"not_picked":["champ:ShieldSigil+1","champ:BladeFlurry+1","champ:FlashCut+1"],"picked":"SKIP","floor":36},{"not_picked":["champ:Circumvent+1","champ:Backstep+1"],"picked":"champ:RecklessLeap","floor":38},{"not_picked":["champ:Backstep","champ:ShieldSigil"],"picked":"champ:AdrenalArmor+1","floor":38},{"not_picked":["champ:AdrenalArmor+1","champ:Backstep+1"],"picked":"champ:EndlessRage","floor":39},{"not_picked":["champ:ShieldWall","champ:StanceDance","champ:FlashCut"],"picked":"SKIP","floor":40},{"not_picked":["champ:RecklessLeap+1","champ:FanOfKnives","champ:Duel+1"],"picked":"SKIP","floor":42}],"player_experience":802663,"relics_obtained":[{"floor":7.0,"key":"Replay:PocketPolymizer"},{"floor":8.0,"key":"aspiration:SeaSaltIceCream"},{"floor":11.0,"key":"Anchor"},{"floor":23.0,"key":"conspire:Flyswatter"},{"floor":24.0,"key":"MawBank"},{"floor":25.0,"key":"Smiling Mask"},{"floor":28,"key":"hubris:TenFootPole"},{"floor":38,"key":"Dream Catcher"},{"floor":40,"key":"hubris:DeckOfHolding"},{"floor":41,"key":"Replay:Rubber Ducky"}],"event_choices":[{"damage_healed":0.0,"max_hp_gain":5.0,"max_hp_loss":0.0,"gold_gain":0.0,"event_name":"Big Fish","player_choice":"Donut","floor":13.0,"gold_loss":0.0,"damage_taken":0.0},{"damage_healed":0.0,"max_hp_gain":0.0,"max_hp_loss":0.0,"gold_gain":0.0,"event_name":"betterThird:BetterScrap","player_choice":"Relic ","floor":14.0,"gold_loss":0.0,"damage_taken":18.0,"cards_obtained":["hubris:Ukulele"]}],"is_beta":false,"boss_relics":[{"not_picked":["SacredBark","aspiration:IroncladSkillbook"],"picked":"Tiny House"},{"not_picked":["Black Star","Replay:Drink Me"],"picked":"champ:ChampionCrownUpgraded"}],"items_purged_floors":[10,21,42],"is_endless":false,"potions_floor_spawned":[3,8,11,16,22,25,26,27,31,33,36],"killed_by":"Nemesis","ascension_level":4}}