{"host":"uwh382mre4waz4ff","time":1608680481,"event":{"mods":["AchievementEnabler","BaseMod","Better Note","Better Third Choice","BetterRewards","Highlight Path","HololiveMod","Minty Spire (QoL Compilation)","Shop Mod","StSLib"],"gold_per_floor":[85,101,113,125,145,179,197,197,197,214,214,233,244,273,273,388,388,404,418,436,452,468,504,516,516,542,569,569,587,597,607,607,704,704,714,727,746,767,783,783,813,833,833,833,833],"floor_reached":44,"playtime":3218,"items_purged":[],"score":858,"play_id":"03aa9932-14ce-44ab-a4c7-22d455829479","local_time":"20201223074121","is_ascension_mode":false,"campfire_choices":[{"data":"Hololive_BeCareful","floor":8,"key":"SMITH"},{"data":"Hololive_Breathe","floor":11,"key":"SMITH"},{"data":"Hololive_Breathe","floor":15,"key":"SMITH"},{"data":"Hololive_Spy","floor":25,"key":"SMITH"},{"data":"Hololive_OvertimeWork","floor":28,"key":"SMITH"},{"data":"Hololive_StrengthChampion","floor":32,"key":"SMITH"},{"data":"Hololive_HuntDinosaur","floor":40,"key":"SMITH"}],"circlet_count":0,"master_deck":["Hololive_Strike","Hololive_Strike","Hololive_Strike","Hololive_Strike","Hololive_Defend","Hololive_Defend","Hololive_Defend","Hololive_Defend","Hololive_LuckPotion","Hololive_Trident","Hololive_WolfAndLamb","Hololive_FlyingPonyTail","Hololive_Breathe+1","Hololive_Breathe+1","Hololive_BeCareful+1","Hololive_StrengthChampion+1","Hololive_StrengthChampion","Hololive_OvertimeWork+1","Hololive_LuckPotion","Hololive_StrengthChampion","Hololive_StrengthChampion","Hololive_DDD","Hololive_CallUsadaPekora+1","Hololive_LuckPotion","Hololive_Spy+1","Hololive_FlyingPonyTail","Hololive_HuntDinosaur+1","Hololive_CandyCastle+1","Hololive_LuckPotion","Hololive_HuntDinosaur+1","Hololive_FlyingPonyTail+1","Hololive_Thief","Hololive_BeCareful","Hololive_StrengthChampion+1","Hololive_HuntDinosaur+1","Hololive_CallUsadaPekora+1","Hololive_LuckPotion+1"],"relics":["Hololive_TheStar","Hololive_Peko","Ancient Tea Set","Calipers","MealTicket","SlaversCollar","Meat on the Bone","Girya","Busted Crown","TungstenRod","Toxic Egg 2"],"acts_visited":["TheCity","TheBeyond"],"potions_floor_usage":[16,21,23,24,36,42,44,44],"damage_taken":[{"damage":0,"enemies":"Small Slimes","floor":1,"turns":2},{"damage":0,"enemies":"Jaw Worm","floor":2,"turns":3},{"damage":0,"enemies":"2 Louse","floor":3,"turns":1},{"damage":0,"enemies":"Exordium Thugs","floor":4,"turns":2},{"damage":0,"enemies":"Large Slime","floor":5,"turns":5},{"damage":0,"enemies":"Lagavulin","floor":6,"turns":3},{"damage":0,"enemies":"2 Fungi Beasts","floor":7,"turns":3},{"damage":0,"enemies":"Exordium Wildlife","floor":10,"turns":3},{"damage":0,"enemies":"Large Slime","floor":12,"turns":4},{"damage":0,"enemies":"Blue Slaver","floor":13,"turns":2},{"damage":0,"enemies":"3 Sentries","floor":14,"turns":5},{"damage":0,"enemies":"Slime Boss","floor":16,"turns":8},{"damage":0,"enemies":"Spheric Guardian","floor":18,"turns":1},{"damage":0,"enemies":"Chosen","floor":19,"turns":4},{"damage":0,"enemies":"Shelled Parasite and Fungi","floor":20,"turns":3},{"damage":15,"enemies":"Centurion and Healer","floor":21,"turns":5},{"damage":0,"enemies":"Snake Plant","floor":22,"turns":4},{"damage":5,"enemies":"Gremlin Leader","floor":23,"turns":5},{"damage":10,"enemies":"3 Cultists","floor":24,"turns":6},{"damage":0,"enemies":"Book of Stabbing","floor":27,"turns":4},{"damage":0,"enemies":"Snecko","floor":29,"turns":4},{"damage":2,"enemies":"Cultist and Chosen","floor":30,"turns":5},{"damage":0,"enemies":"Snake Plant","floor":31,"turns":3},{"damage":0,"enemies":"Automaton","floor":33,"turns":5},{"damage":0,"enemies":"Orb Walker","floor":35,"turns":2},{"damage":12,"enemies":"3 Darklings","floor":36,"turns":5},{"damage":0,"enemies":"Maw","floor":37,"turns":5},{"damage":8,"enemies":"Sphere and 2 Shapes","floor":38,"turns":4},{"damage":15,"enemies":"Spire Growth","floor":39,"turns":4},{"damage":0,"enemies":"Giant Head","floor":41,"turns":6},{"damage":15,"enemies":"Jaw Worm Horde","floor":42,"turns":4},{"damage":23,"enemies":"Nemesis","floor":44,"turns":4}],"seed_played":"-238073359490673477","potions_obtained":[{"floor":2,"key":"DistilledChaos"},{"floor":4,"key":"BlessingOfTheForge"},{"floor":7,"key":"Strength Potion"},{"floor":12,"key":"Explosive Potion"},{"floor":16,"key":"Strength Potion"},{"floor":19,"key":"AttackPotion"},{"floor":22,"key":"Energy Potion"},{"floor":27,"key":"LiquidBronze"},{"floor":29,"key":"LiquidMemories"},{"floor":35,"key":"Block Potion"},{"floor":37,"key":"Energy Potion"},{"floor":39,"key":"Dexterity Potion"}],"is_trial":false,"path_per_floor":["M","M","M","M","M","E","M","R","T","M","R","M","M","E","R","B",null,"M","M","M","M","M","E","M","R","T","E","R","M","M","M","R","B",null,"M","M","M","M","M","R","E","M","T","E"],"character_chosen":"Hololive_HololiveCharacter","items_purchased":[],"campfire_rested":0,"item_purchase_floors":[],"current_hp_per_floor":[35,35,35,35,35,35,35,35,35,35,35,35,35,35,35,35,35,35,35,35,20,20,15,17,17,17,29,29,29,27,27,27,27,35,35,23,23,27,24,24,24,21,21,0,0],"gold":833,"neow_bonus":"ONE_RANDOM_RARE_CARD","is_daily":false,"chose_seed":false,"campfire_upgraded":7,"win_rate":0.0,"timestamp":1608680481,"path_taken":["M","M","M","M","M","E","M","R","T","M","R","M","M","E","R","BOSS","M","M","M","M","M","E","M","R","T","E","R","M","M","M","R","BOSS","M","M","M","M","M","R","E","M","T","E"],"items_purchased_type":[],"build_version":"2020-12-13","purchased_purges":0,"victory":false,"max_hp_per_floor":[35,35,35,35,35,35,35,35,35,35,35,35,35,35,35,35,35,35,35,35,35,35,35,35,35,35,35,35,35,35,35,35,35,35,35,35,35,35,35,35,35,35,35,35,35],"card_choices":[{"not_picked":["Hololive_StrengthChampion","Hololive_CallAyundaRisu","Hololive_OvertimeWork"],"picked":"Hololive_FlyingPonyTail","floor":1},{"not_picked":["Hololive_LuckPotion","Hololive_CallShiranuiFlare","Hololive_CallMinatoAqua"],"picked":"Hololive_Breathe","floor":2},{"not_picked":["Hololive_LuckPotion","Hololive_Trident","Hololive_Rebound"],"picked":"Hololive_Breathe","floor":3},{"not_picked":["Hololive_CocoNews","Hololive_Sequa","Hololive_ManjiGathering"],"picked":"Hololive_BeCareful","floor":4},{"not_picked":["Hololive_RevenueBasedLive","Hololive_Trident","Hololive_SoulCatcher"],"picked":"Hololive_StrengthChampion","floor":5},{"not_picked":["Hololive_CallMoonaHoshinova","Hololive_CallAmaneKanata","Hololive_CallDoris"],"picked":"Hololive_StrengthChampion","floor":6},{"not_picked":["Hololive_Drill","Hololive_CallShirakamiFubuki","Hololive_Teleport","Hololive_CallMoonaHoshinova"],"picked":"SKIP","floor":7},{"not_picked":["Hololive_Psychosis","Hololive_RevenueBasedLive","Hololive_BringToTrial"],"picked":"Hololive_OvertimeWork","floor":10},{"not_picked":["Hololive_CallShirakamiFubuki","Hololive_WolfAndLamb","Hololive_Psychosis"],"picked":"Hololive_LuckPotion","floor":12},{"not_picked":["Hololive_CallTokinoSora","Hololive_Rebound","Hololive_HuntDinosaur"],"picked":"Hololive_StrengthChampion","floor":13},{"not_picked":["Hololive_Watashimo","Hololive_SummonFox","Hololive_RevenueBasedLive"],"picked":"Hololive_StrengthChampion","floor":14},{"not_picked":["Hololive_OpenUp","Hololive_FlareMind","Hololive_Rebirth"],"picked":"Hololive_DDD","floor":16},{"not_picked":["Hololive_Drill","Hololive_Breathe","Hololive_StrengthChampion"],"picked":"Hololive_CallUsadaPekora+1","floor":18},{"not_picked":["Hololive_CallDoris","Hololive_Trident+1","Hololive_CallNakiriAyame"],"picked":"Hololive_LuckPotion","floor":19},{"not_picked":["Hololive_CallAZKi","Hololive_CallTokinoSora","Hololive_RevenueBasedLive","Hololive_Rebirth"],"picked":"SKIP","floor":20},{"not_picked":["Hololive_CocoNews","Hololive_CallRoboco","Hololive_StrengthChampion"],"picked":"Hololive_Spy","floor":21},{"not_picked":["Hololive_OvertimeWork","Hololive_CallAmaneKanata","Hololive_Breathe"],"picked":"Hololive_FlyingPonyTail","floor":22},{"not_picked":["Hololive_CallNatsuiroMatsuri","Hololive_StrengthChampion","Hololive_OvertimeWork+1"],"picked":"Hololive_HuntDinosaur+1","floor":23},{"not_picked":["Hololive_CallTokinoSora","Hololive_Drill","Hololive_OvertimeWork"],"picked":"Hololive_CandyCastle+1","floor":24},{"not_picked":["Hololive_Sequa+1","Hololive_Rebound+1","Hololive_CallKiryuuCoco+1"],"picked":"Hololive_LuckPotion","floor":27},{"not_picked":["Hololive_Rebound+1","Hololive_Psychosis","Hololive_CallMomosuzuNene"],"picked":"Hololive_HuntDinosaur+1","floor":29},{"not_picked":["Hololive_CallHoushouMarine","Hololive_CocoNews","Hololive_CallShiroganeNoel"],"picked":"Hololive_FlyingPonyTail+1","floor":30},{"not_picked":["Hololive_Yoholoon","Hololive_HuntDinosaur","Hololive_Drill+1"],"picked":"Hololive_Thief","floor":31},{"not_picked":["Hololive_IdolExercise","Hololive_DiamondStrike","Hololive_OpenUp"],"picked":"Hololive_BeCareful","floor":33},{"not_picked":["Hololive_Psychosis","Hololive_Sequa+1"],"picked":"SKIP","floor":35},{"not_picked":["Hololive_BringToTrial+1","Hololive_OvertimeWork"],"picked":"SKIP","floor":36},{"not_picked":["Hololive_Sequa"],"picked":"Hololive_StrengthChampion+1","floor":37},{"not_picked":["Hololive_CallTokoyamiTowa"],"picked":"Hololive_HuntDinosaur","floor":38},{"not_picked":["Hololive_RevenueBasedLive+1","Hololive_CallTsunomakiWatame"],"picked":"SKIP","floor":39},{"not_picked":["Hololive_CallRosalyn+1"],"picked":"Hololive_CallUsadaPekora+1","floor":41},{"not_picked":["Hololive_RevenueBasedLive"],"picked":"Hololive_LuckPotion+1","floor":42}],"player_experience":172570,"relics_obtained":[{"floor":6,"key":"Ancient Tea Set"},{"floor":9,"key":"Calipers"},{"floor":14,"key":"MealTicket"},{"floor":23,"key":"Meat on the Bone"},{"floor":27,"key":"Girya"},{"floor":41,"key":"TungstenRod"},{"floor":43,"key":"Toxic Egg 2"}],"event_choices":[],"is_beta":false,"boss_relics":[{"not_picked":["Snecko Eye","Astrolabe"],"picked":"SlaversCollar"},{"not_picked":["Sozu","Fusion Hammer"],"picked":"Busted Crown"}],"items_purged_floors":[],"is_endless":false,"potions_floor_spawned":[2,4,7,12,16,19,22,27,29,30,35,37,39],"killed_by":"Nemesis","ascension_level":0}}