{"host":"08sn1703g14rasc1","time":1608631767,"event":{"mods":["AchievementEnabler","BaseMod","Colored Map","Colored Powertips","Hermit","Minty Spire (QoL Compilation)","StSLib"],"gold_per_floor":[116,132,132,132,155,155,235,235,235,235,249,265,33,367,367,491,491,514,514,439,399,413,451,451,465,488,507,61,61,15,15,15,115,115,129,129,129,139,149,149,167,167,167,67,81,81,81,81],"floor_reached":47,"playtime":1810,"items_purged":["Defend_P","Doubt"],"score":598,"play_id":"e68d89ef-5ae5-4747-82e7-594dca57cadc","local_time":"20201222020927","is_ascension_mode":true,"campfire_choices":[{"floor":6.0,"key":"REST"},{"floor":8.0,"key":"REST"},{"data":"Eruption","floor":10.0,"key":"SMITH"},{"data":"SpiritShield","floor":15.0,"key":"SMITH"},{"floor":24.0,"key":"REST"},{"floor":29.0,"key":"REST"},{"floor":32.0,"key":"REST"},{"floor":40.0,"key":"REST"}],"circlet_count":0,"master_deck":["Eruption+1","Vigilance+1","BowlingBash","SignatureMove","EmptyFist+1","FearNoEvil","Establishment+1","WaveOfTheHand","SpiritShield+1","Protect","LessonLearned","FlurryOfBlows","TalkToTheHand","BattleHymn","ForeignInfluence","ClearTheMind+1","Consecrate+1","Wallop","SpiritShield","Sanctity","Perseverance","TalkToTheHand","Fasting2+1","EmptyBody","Electrodynamics","hermit:DeadMansHand+1","EmptyFist+1","Parasite","Flame Barrier","Rampage"],"relics":["Sozu","Bloody Idol","StrikeDummy","War Paint","Old Coin","Pandora\u0027s Box","Lizard Tail","Bronze Scales","PrismaticShard","Nunchaku","SlaversCollar","Shuriken"],"acts_visited":["Exordium","TheCity","TheBeyond"],"potions_floor_usage":[],"damage_taken":[{"damage":0.0,"enemies":"2 Louse","floor":1.0,"turns":2.0},{"damage":6.0,"enemies":"Jaw Worm","floor":2.0,"turns":4.0},{"damage":0.0,"enemies":"Small Slimes","floor":5.0,"turns":2.0},{"damage":7.0,"enemies":"3 Sentries","floor":7.0,"turns":4.0},{"damage":0.0,"enemies":"3 Louse","floor":11.0,"turns":3.0},{"damage":4.0,"enemies":"2 Fungi Beasts","floor":12.0,"turns":2.0},{"damage":8.0,"enemies":"Gremlin Nob","floor":14.0,"turns":3.0},{"damage":36.0,"enemies":"Slime Boss","floor":16.0,"turns":10.0},{"damage":8.0,"enemies":"3 Byrds","floor":18.0,"turns":5.0},{"damage":12.0,"enemies":"2 Thieves","floor":22.0,"turns":3.0},{"damage":28.0,"enemies":"Slavers","floor":23.0,"turns":4.0},{"damage":6.0,"enemies":"Shelled Parasite and Fungi","floor":25.0,"turns":5.0},{"damage":2.0,"enemies":"3 Cultists","floor":27.0,"turns":5.0},{"damage":12.0,"enemies":"Champ","floor":33.0,"turns":10.0},{"damage":40.0,"enemies":"3 Darklings","floor":35.0,"turns":7.0},{"damage":0.0,"enemies":"3 Shapes","floor":38.0,"turns":3.0},{"damage":25.0,"enemies":"Writhing Mass","floor":39.0,"turns":5.0},{"damage":72,"enemies":"Transient","floor":41,"turns":5},{"damage":30,"enemies":"Sphere and 2 Shapes","floor":45,"turns":5},{"damage":51,"enemies":"Writhing Mass","floor":47,"turns":4}],"seed_played":"-3623768629849572537","potions_obtained":[],"is_trial":false,"path_per_floor":["M","M","?","?","M","R","?","R","T","R","M","M","$","E","R","B",null,"M","?","?","?","M","E","R","M","T","M","$","R","$","?","R","B",null,"M","?","?","M","M","R","M","?","T","$","M","$","M"],"character_chosen":"WATCHER","items_purchased":["SpiritShield","PrismaticShard","Nunchaku","TalkToTheHand","Fasting2","EmptyBody"],"campfire_rested":6,"item_purchase_floors":[13,28,28,28,28,30],"current_hp_per_floor":[65,59,52,34,34,55,48,69,69,69,69,65,65,57,57,21,59,51,51,51,51,39,11,32,26,26,24,24,45,45,45,66,59,69,34,34,34,39,19,40,37,72,72,72,47,47,0,0],"gold":81,"neow_bonus":"BOSS_RELIC","is_daily":false,"chose_seed":false,"campfire_upgraded":2,"win_rate":0.0,"timestamp":1608631767,"path_taken":["M","M","?","?","?","R","?","R","T","R","M","M","$","E","R","BOSS","M","?","?","?","M","E","R","?","T","M","$","R","$","?","R","BOSS","M","?","?","?","M","R","M","?","T","?","M","$","M"],"items_purchased_type":["Card","Relic","Relic","Card","Card","Card"],"build_version":"2020-12-13","purchased_purges":2,"victory":false,"max_hp_per_floor":[72,72,72,72,72,72,72,72,72,72,72,72,72,72,72,72,72,72,72,72,72,72,72,72,72,72,72,72,72,72,72,72,72,72,72,72,72,72,72,72,72,72,72,72,72,72,72,72],"card_choices":[{"not_picked":["Worship","FlyingSleeves"],"picked":"BowlingBash","floor":1.0},{"not_picked":["EmptyBody","CrushJoints"],"picked":"SignatureMove","floor":2.0},{"not_picked":["Collect","Pray"],"picked":"EmptyFist","floor":5.0},{"not_picked":["CrushJoints","WaveOfTheHand"],"picked":"FearNoEvil","floor":7.0},{"not_picked":["CutThroughFate","Wallop"],"picked":"Establishment","floor":11.0},{"not_picked":["Halt","Vengeance"],"picked":"WaveOfTheHand","floor":12.0},{"not_picked":["Adaptation","Prostrate"],"picked":"Protect","floor":14.0},{"not_picked":["MasterReality","Establishment"],"picked":"LessonLearned","floor":16.0},{"not_picked":["ForeignInfluence","ClearTheMind"],"picked":"Consecrate","floor":18.0},{"not_picked":["CrushJoints","Meditate"],"picked":"Wallop","floor":22.0},{"not_picked":["ReachHeaven","DeceiveReality"],"picked":"SpiritShield","floor":23.0},{"not_picked":["Evaluate","ClearTheMind"],"picked":"Sanctity","floor":25.0},{"not_picked":["Consecrate","SignatureMove"],"picked":"Perseverance","floor":27.0},{"not_picked":["ConjureBlade","hermit:Reprieve"],"picked":"Electrodynamics","floor":33.0},{"not_picked":["Blade Dance+1","hermit:LowProfile+1"],"picked":"hermit:DeadMansHand+1","floor":35.0},{"not_picked":["Melter+1","hermit:Roulette"],"picked":"EmptyFist+1","floor":38.0},{"not_picked":["hermit:Desperado+1","FlyingSleeves+1"],"picked":"Flame Barrier","floor":39.0},{"not_picked":["Fasting2+1","hermit:FullyLoaded"],"picked":"Rampage","floor":41},{"not_picked":["Wild Strike","CutThroughFate+1","Beam Cell"],"picked":"SKIP","floor":45}],"player_experience":431381,"relics_obtained":[{"floor":7.0,"key":"StrikeDummy"},{"floor":9.0,"key":"War Paint"},{"floor":14.0,"key":"Old Coin"},{"floor":23.0,"key":"Lizard Tail"},{"floor":26.0,"key":"Bronze Scales"},{"floor":43,"key":"Shuriken"}],"event_choices":[{"cards_removed":["Strike_P"],"damage_healed":0.0,"max_hp_gain":0.0,"max_hp_loss":0.0,"gold_gain":0.0,"event_name":"Golden Wing","player_choice":"Card Removal","floor":3.0,"gold_loss":0.0,"damage_taken":7.0},{"damage_healed":0.0,"max_hp_gain":0.0,"max_hp_loss":0.0,"gold_gain":0.0,"event_name":"Golden Idol","player_choice":"Take Damage","floor":4.0,"gold_loss":0.0,"damage_taken":18.0,"relics_obtained":["Golden Idol"]},{"damage_healed":0.0,"max_hp_gain":0.0,"max_hp_loss":0.0,"gold_gain":0.0,"event_name":"Dead Adventurer","player_choice":"Searched \u00272\u0027 times","floor":7.0,"gold_loss":0.0,"damage_taken":0.0},{"damage_healed":0.0,"max_hp_gain":0.0,"max_hp_loss":0.0,"gold_gain":0.0,"event_name":"Ghosts","player_choice":"Ignored","floor":19.0,"gold_loss":0.0,"damage_taken":0.0},{"cards_removed":["Adaptation"],"damage_healed":0.0,"max_hp_gain":0.0,"max_hp_loss":0.0,"gold_gain":0.0,"event_name":"Beggar","player_choice":"Gave Gold","floor":20.0,"gold_loss":75.0,"damage_taken":0.0},{"damage_healed":0.0,"max_hp_gain":0.0,"max_hp_loss":0.0,"gold_gain":0.0,"event_name":"Designer","player_choice":"Upgraded Two","floor":21.0,"gold_loss":40.0,"damage_taken":0.0,"cards_upgraded":["Consecrate","ClearTheMind"]},{"damage_healed":0.0,"max_hp_gain":0.0,"max_hp_loss":0.0,"gold_gain":0.0,"event_name":"Forgotten Altar","player_choice":"Gave Idol","floor":31.0,"relics_lost":["Golden Idol"],"gold_loss":0.0,"damage_taken":0.0,"relics_obtained":["Bloody Idol"]},{"damage_healed":0.0,"max_hp_gain":0.0,"max_hp_loss":0.0,"gold_gain":0.0,"event_name":"Mysterious Sphere","player_choice":"Ignored","floor":36.0,"gold_loss":0.0,"damage_taken":0.0},{"damage_healed":0.0,"max_hp_gain":0.0,"max_hp_loss":0.0,"gold_gain":0.0,"event_name":"Upgrade Shrine","player_choice":"Upgraded","floor":37.0,"gold_loss":0.0,"damage_taken":0.0,"cards_upgraded":["Fasting2"]},{"damage_healed":35,"gold_gain":0,"player_choice":"Heal","damage_taken":0,"max_hp_gain":0,"max_hp_loss":0,"event_name":"MindBloom","floor":42,"gold_loss":0,"cards_obtained":["Doubt"]}],"is_beta":false,"boss_relics":[{"not_picked":["Busted Crown","Runic Pyramid"],"picked":"Pandora\u0027s Box"},{"not_picked":["SacredBark","Velvet Choker"],"picked":"SlaversCollar"}],"items_purged_floors":[13,44],"is_endless":false,"potions_floor_spawned":[1,12,14,18,25,33,38,41],"killed_by":"Writhing Mass","ascension_level":7}}