{"host":"qwttrqaysb380yri","time":1608665131,"event":{"mods":["BaseMod","Custom Start","Minty Spire (QoL Compilation)","Permanent Neow","Puzzle Mod","Relic Stats","StSLib","The Cursed","The Hierophant"],"gold_per_floor":[109,34,34,26,40,25,25,31,31,31,31],"floor_reached":10,"playtime":255,"items_purged":["Regret"],"score":133,"play_id":"c8c72342-80f5-4109-82db-94d0c796a58c","local_time":"20201222202531","is_ascension_mode":true,"campfire_choices":[{"floor":7,"key":"REST"}],"circlet_count":0,"master_deck":["AscendersBane","hierophant:Strike_Hierophant","hierophant:Strike_Hierophant","hierophant:Strike_Hierophant","hierophant:Punish","hierophant:Defend_Hierophant","hierophant:Defend_Hierophant","hierophant:Defend_Hierophant","hierophant:ChurchCoffers","hierophant:Mercenaries","hierophant:Encroach","hierophant:Zeal","hierophant:Martyrdom","hierophant:FieryStrike","hierophant:OrnateJavelin","hierophant:FieryStrike"],"relics":["hierophant:PropheticMaskRelic","Ice Cream","Torii","Unceasing Top"],"acts_visited":["Exordium"],"potions_floor_usage":[5],"damage_taken":[{"damage":8,"enemies":"Small Slimes","floor":1,"turns":3},{"damage":0,"enemies":"Cultist","floor":4,"turns":2},{"damage":0,"enemies":"Jaw Worm","floor":5,"turns":3},{"damage":18,"enemies":"Gremlin Nob","floor":6,"turns":3},{"damage":15,"enemies":"3 Sentries","floor":8,"turns":6},{"damage":25,"enemies":"Lagavulin","floor":10,"turns":5}],"seed_played":"-4322875098190560863","potions_obtained":[{"floor":4,"key":"Block Potion"}],"is_trial":false,"path_per_floor":["M","$","?","M","M","E","R","E","T","E"],"character_chosen":"HIEROPHANT","items_purchased":[],"campfire_rested":1,"item_purchase_floors":[],"current_hp_per_floor":[60,60,34,34,34,16,38,23,23,0,0],"gold":31,"neow_bonus":"TRANSFORM_TWO_CARDS","is_daily":false,"chose_seed":false,"campfire_upgraded":0,"win_rate":0.0,"timestamp":1608665131,"path_taken":["M","$","?","M","M","E","R","E","T","E"],"items_purchased_type":[],"build_version":"2020-12-13","purchased_purges":1,"victory":false,"max_hp_per_floor":[75,75,75,75,75,75,75,75,75,75,75],"relic_stats":{"Torii":0,"counters":[6,22],"obtain_stats":[{"Ice Cream":6,"Torii":8,"hierophant:PropheticMaskRelic":0,"Unceasing Top":9},{"Ice Cream":4,"Torii":5,"hierophant:PropheticMaskRelic":0,"Unceasing Top":5},{"Ice Cream":11,"Torii":17,"hierophant:PropheticMaskRelic":0,"Unceasing Top":17}],"Unceasing Top":[1]},"card_choices":[{"not_picked":["hierophant:HolyVerse","hierophant:Encroach"],"picked":"hierophant:Zeal","floor":1},{"not_picked":["hierophant:Zeal","hierophant:Upheaval"],"picked":"hierophant:Martyrdom","floor":4},{"not_picked":["hierophant:HolyVerse","hierophant:Glossolalia"],"picked":"hierophant:FieryStrike","floor":5},{"not_picked":["hierophant:Sermon","hierophant:Patience"],"picked":"hierophant:OrnateJavelin","floor":6},{"not_picked":["hierophant:Prophecy","hierophant:Repentance"],"picked":"hierophant:FieryStrike","floor":8}],"player_experience":1937837,"relics_obtained":[{"floor":6,"key":"Ice Cream"},{"floor":8,"key":"Torii"},{"floor":9,"key":"Unceasing Top"}],"event_choices":[{"damage_healed":0,"gold_gain":0,"player_choice":"Fled","damage_taken":26,"max_hp_gain":0,"max_hp_loss":0,"event_name":"Scrap Ooze","floor":3,"gold_loss":0}],"is_beta":false,"boss_relics":[],"items_purged_floors":[2],"is_endless":false,"potions_floor_spawned":[4],"killed_by":"Lagavulin","ascension_level":15}}