{"host":"1bqbj1s4pyvm9utn","time":1608610038,"event":{"mods":["AchievementEnabler","Aspiration","Bard","BaseMod","Beaked The Cultist","Better Altar","Better Match","Better Note","Better Sensory Stone","Better Skull","Better Third Choice","BetterRewards","CCEM","Clawfect","Colored Map","Conspire","Downfall","Duelist Mod","GifTheSpireLib","Halation","Hermit","Highlight Path","Hubris","Humility","Infinite Spire","Jedi Mod","Jorbs\u0027s Wanderer Trilogy","Mad Scientist","Marisa????????","Mimic Mod","Minty Spire (QoL Compilation)","Permanent Neow","Replay The Spire","Shade Mod","Shop Mod","Spicy Shops","StSLib","Stuff the Spire","The Animator","The Bug Knight","The Construct","The Cursed","The Disciple","The Gatherer","The Hierophant","The Jungle","The Mystic","The Necromancer","The Runesmith","The Servant 0.9.4","The Witch","Unceasing Turn Reminder","everything is the same but u backflip on backflip","slay the spire mod where everything is the same but ironclad has a cowboy hat","vexMod"],"gold_per_floor":[113,128,128,203,30,65,65,65,65,65,65,75,57,24,24,123,123,136,104,0,0,0,0,0,0],"floor_reached":24,"playtime":3553,"items_purged":["Pain"],"score":216,"play_id":"f44f81d1-0f58-4694-9a7c-5fba042ee16d","local_time":"20201221200718","is_ascension_mode":false,"campfire_choices":[{"floor":7,"key":"REST"},{"data":"animator:QuestionMark","floor":10,"key":"SMITH"},{"floor":15,"key":"DIG"}],"circlet_count":0,"master_deck":["animator:Strike_NoGameNoLife","animator:Defend_NoGameNoLife","animator:Strike","animator:Strike","animator:Strike","animator:Defend","animator:Defend","animator:Defend","animator:DolaSchwi","animator:DolaCouronne","animator:ChaikaBohdan","animator:HiiragiShinya+1","animator:Shinoa+1","animator:Mitsuba+1","animator:QuestionMark+1","animator:Shinoa","animator:Shigure+1","animator:Jibril","animator:RinTohsaka","animator:FeridBathory+1","animator:Sebas","animator:Yuuichirou","animator:Evileye"],"relics":["animator:LivingPicture","animator:TheMissingPiece","aspiration:Nostalgia","Sizzling Blood","hubris:Icosahedron","ReplayTheSpireMod:TigerMarble","construct:FoamFinger","WarpedTongs","Toy Ornithopter","vexMod:ImprovementManual","jedi:ominousloannote","vexMod:Dragonfruit","halation:LettersToHer","CCEMRelics:PorcelainBowl","Chameleon Ring"],"acts_visited":["Exordium","TheCity"],"potions_floor_usage":[6,23,23,24],"damage_taken":[{"damage":4,"enemies":"2 Louse","floor":1,"turns":5},{"damage":13,"enemies":"Jaw Worm","floor":2,"turns":5},{"damage":25,"enemies":"Lagavulin","floor":6,"turns":6},{"damage":3,"enemies":"Cultist","floor":12,"turns":4},{"damage":9,"enemies":"2 Fungi Beasts","floor":13,"turns":4},{"damage":12,"enemies":"Lots of Slimes","floor":14,"turns":4},{"damage":31,"enemies":"Fading Forest","floor":16,"turns":11},{"damage":12,"enemies":"Shell Parasite","floor":18,"turns":7},{"damage":12,"enemies":"Chosen","floor":19,"turns":4},{"damage":11,"enemies":"animator:HornedBat","floor":23,"turns":5},{"damage":35,"enemies":"Snake Plant","floor":24,"turns":6}],"seed_played":"-8401200476525729918","potions_obtained":[{"floor":2,"key":"Fire Potion"},{"floor":12,"key":"FearPotion"},{"floor":16,"key":"LiquidMemories"},{"floor":18,"key":"ColorlessPotion"},{"floor":23,"key":"ColorlessPotion"}],"is_trial":false,"path_per_floor":["M","M","?","?","$","E","R","$","T","R","?","M","M","M","R_BF","B",null,"M","M","$","T","T","E","M"],"character_chosen":"THE_ANIMATOR","items_purchased":["animator:Shinoa","animator:Mitsuba","animator:QuestionMark","jedi:ominousloannote","vexMod:Dragonfruit","halation:LettersToHer"],"campfire_rested":1,"item_purchase_floors":[5,5,5,20,20,20],"current_hp_per_floor":[70,61,61,50,50,29,50,50,50,50,50,51,46,38,38,54,70,62,54,59,59,59,68,42,42],"gold":0,"neow_bonus":"NOSTALGIA","is_daily":false,"chose_seed":false,"campfire_upgraded":1,"win_rate":0.0,"timestamp":1608610038,"path_taken":["M","M","?","?","$","E","R","?","T","R","?","M","?","M","R_BF","BOSS","M","M","$","?","?","E","M"],"items_purchased_type":["Card","Card","Card","Relic","Relic","Relic"],"build_version":"2020-12-13","purchased_purges":1,"victory":false,"max_hp_per_floor":[70,70,70,70,70,70,70,70,70,70,70,70,70,70,70,70,70,70,70,75,75,75,75,75,75],"card_choices":[{"not_picked":["animator:DolaStephanie","animator:DolaRiku"],"picked":"animator:ChaikaBohdan","floor":1},{"not_picked":["animator:Rider","animator:Yuuichirou"],"picked":"animator:HiiragiShinya","floor":2},{"not_picked":["animator:DolaCouronne","animator:SakuraMatou"],"picked":"animator:Shinoa","floor":6},{"not_picked":["animator:Yoichi","animator:HiiragiShinya"],"picked":"animator:Shigure","floor":12},{"not_picked":["animator:OrikoMikuni","animator:DolaCouronne"],"picked":"animator:Jibril","floor":13},{"not_picked":["animator:YuiTsuruno","animator:HiiragiShinya"],"picked":"animator:RinTohsaka","floor":14},{"not_picked":["animator:MadokaKaname","animator:Shiro"],"picked":"animator:FeridBathory","floor":16},{"not_picked":["animator:NagisaMomoe+1","animator:Priestess+1"],"picked":"animator:Sebas","floor":18},{"not_picked":["animator:Mikaela","animator:Shinoa"],"picked":"animator:Yuuichirou","floor":19},{"not_picked":["animator:Guy","animator:YuiTsuruno"],"picked":"animator:Evileye","floor":23}],"player_experience":868495,"relics_obtained":[{"floor":6,"key":"ReplayTheSpireMod:TigerMarble"},{"floor":9,"key":"construct:FoamFinger"},{"floor":15,"key":"Toy Ornithopter"},{"floor":21,"key":"halation:LettersToHer"},{"floor":22,"key":"halation:LettersToHer"},{"floor":22,"key":"CCEMRelics:PorcelainBowl"},{"floor":23,"key":"Chameleon Ring"}],"event_choices":[{"damage_healed":0,"gold_gain":75,"player_choice":"Gold","damage_taken":11,"max_hp_gain":0,"max_hp_loss":0,"event_name":"betterThird:BetterGoop","floor":4,"gold_loss":0},{"damage_healed":0,"gold_gain":0,"player_choice":"Rummage","damage_taken":0,"relics_obtained":["WarpedTongs"],"max_hp_gain":0,"max_hp_loss":0,"event_name":"Accursed Blacksmith","floor":11,"gold_loss":0,"cards_obtained":["Pain"]}],"is_beta":false,"boss_relics":[{"not_picked":["hubris:CrackedHourglass","StuffTheSpire:Kangaroo"],"picked":"vexMod:ImprovementManual"}],"items_purged_floors":[20],"is_endless":false,"potions_floor_spawned":[2,12,16,18,23],"killed_by":"Snake Plant","ascension_level":0}}