{"host":"ik8ww1p4uabx5gam","time":1608601687,"event":{"mods":["Always Whale","Aspiration","BaseMod","Better Third Choice","BetterRewards","Colored Map","Conspire","Energized Spire","FetchMod","Hubris","Infinite Spire","Jedi Mod","Minty Spire (QoL Compilation)","Random Character Button","Replay The Spire","Shop Mod","Spicy Shops","Spikes Relics","StSLib","The Blue Laboratory","Wandering Minibosses"],"gold_per_floor":[112,112,12,39,52,84,84,96,96,110,110,69,68,68,68,163,163,174,920,920,835,34,61,61,61,85,102,116,143,143,175,175,273,273,285,285,299,7,25,57,57,90,135,135,166,166,198,217,217,322,422,422,722,753,858],"floor_reached":56,"playtime":2399,"items_purged":["A Thousand Cuts+1","Injury","Bash"],"score":1977,"play_id":"04c11bc0-0881-48c7-9026-8f75172b90a4","local_time":"20201221194807","is_ascension_mode":true,"campfire_choices":[{"data":"1","floor":7,"key":"LIFT"},{"data":"2","floor":11,"key":"LIFT"},{"data":"3","floor":15,"key":"LIFT"},{"data":"infinitespire:SevenWalls","floor":24,"key":"SMITH"},{"data":"jedi:hate","floor":30,"key":"SMITH"},{"data":"Absolvement","floor":32,"key":"SMITH"},{"data":"Feel No Pain","floor":41,"key":"SMITH"},{"data":"Juggernaut","floor":44,"key":"SMITH"},{"floor":52,"key":"RECALL"}],"circlet_count":0,"master_deck":["A Thousand Cuts+1","Strike_R","Strike_R","Strike_R","Strike_R","Strike_R","Defend_R","Defend_R","Defend_R","Defend_R","Iron Wave","jedi:fear+1","Absolvement+1","Pummel","Feel No Pain+1","Ghostly Armor+1","jedi:fear+1","True Grit+1","Immolate","Anger","ReplayTheSpireMod:Strike From Hell","infinitespire:SevenWalls+1","Apotheosis+1","Shrug It Off+1","jedi:hate+1","Warcry+1","Intimidate+1","Juggernaut+1","ReplayTheSpireMod:Muscle Training+1","Burning Pact+1","Massacre+1","ReplayReversal+1","Limit Break+1","BarbarianYell+1","Panache","Dual Wield+1","Demonic Infusion+1"],"relics":["Burning Blood","Eternal Feather","Girya","Toxic Egg 2","Juzu Bracelet","jedi:cryingmask","infinitespire:Satchel","Replay:Grab Bag","Mark of Pain","energizedSpire:DecayingSkull","aspiration:SecretTechniqueScroll","conspire:RunicOctahedron","wanderingMiniBosses:MasterThiefsPresence","aspiration:StickyExplosives_weak","Pen Nib","BicycleWheel","Pondfish Scales","Potion Belt","Nunchaku","Red Mask","HornCleat","energizedSpire:EnergizedDie","Replay:Baseball","aspiration:Lifesprig","Bronze Scales","Art of War","ReplayTheSpireMod:Spearhead","Bag of Marbles","Ring of Misfortune","ReplayTheSpireMod:Ring of Collecting","Strawberry","Replay:Wanted Poster","hubris:NiceRug","hubris:ToyBattleship","jedi:firstaidkit","Replay:Lucky Slots","Replay:Bottled Eggs","aspiration:TomeofQuesting","Chemical X","Replay:Ringing Soul"],"acts_visited":["Exordium","TheCity","TheBeyond","TheEnding"],"potions_floor_usage":[16,27,33,33,45,48,50,50],"damage_taken":[{"damage":1,"enemies":"2 Louse","floor":1,"turns":2},{"damage":6,"enemies":"Jaw Worm","floor":5,"turns":3},{"damage":26,"enemies":"3 Sentries","floor":6,"turns":6},{"damage":0,"enemies":"conspire:RoseBush","floor":8,"turns":3},{"damage":15,"enemies":"3 Louse","floor":10,"turns":2},{"damage":7,"enemies":"Looter","floor":13,"turns":6},{"damage":25,"enemies":"The Guardian","floor":16,"turns":9},{"damage":16,"enemies":"Shell Parasite","floor":18,"turns":4},{"damage":26,"enemies":"Spheric Guardian","floor":19,"turns":5},{"damage":6,"enemies":"Book of Stabbing","floor":23,"turns":3},{"damage":1,"enemies":"conspire:HollyBat","floor":27,"turns":4},{"damage":0,"enemies":"Chosen and Byrds","floor":28,"turns":3},{"damage":0,"enemies":"Masked Bandits","floor":29,"turns":2},{"damage":4,"enemies":"Gremlin Leader","floor":31,"turns":4},{"damage":0,"enemies":"hubris:MusketHawk","floor":33,"turns":4},{"damage":0,"enemies":"3 Shapes","floor":35,"turns":2},{"damage":0,"enemies":"Orb Walker","floor":36,"turns":2},{"damage":0,"enemies":"Sphere and 2 Shapes","floor":37,"turns":4},{"damage":2,"enemies":"Writhing Mass","floor":39,"turns":2},{"damage":0,"enemies":"Nightmare","floor":40,"turns":5},{"damage":0,"enemies":"R_Hoarder","floor":42,"turns":3},{"damage":0,"enemies":"Giant Head","floor":45,"turns":4},{"damage":0,"enemies":"R_Hoarder","floor":47,"turns":3},{"damage":0,"enemies":"3 Darklings","floor":48,"turns":2},{"damage":21,"enemies":"infinitespire:MassOfShapes","floor":50,"turns":6},{"damage":0,"enemies":"hubris:Merchant","floor":53,"turns":4},{"damage":0,"enemies":"Shield and Spear","floor":54,"turns":3},{"damage":0,"enemies":"The Heart","floor":55,"turns":4}],"seed_played":"8065824907582181915","potions_obtained":[{"floor":6,"key":"blueLaboratory:BottleOfVodka"},{"floor":8,"key":"ElixirPotion"},{"floor":10,"key":"FairyPotion"},{"floor":16,"key":"SpeedPotion"},{"floor":18,"key":"blueLaboratory:ImpenetrablePotion"},{"floor":23,"key":"Energy Potion"},{"floor":27,"key":"blueLaboratory:PyrophylliteBrew"},{"floor":31,"key":"blueLaboratory:PhilterOfMotion"},{"floor":37,"key":"BlessingOfTheForge"},{"floor":42,"key":"jedi:tentaclejuice"},{"floor":45,"key":"Energy Potion"},{"floor":55,"key":"blueLaboratory:BottleOfVodka"}],"is_trial":false,"path_per_floor":["M","?","$","T","M","E","R","M","T","M","R","$","M","?","R","B",null,"M","M","AVR","?","$","E","R","?","T","M","M","?","R","E","R","B",null,"M","M","M","$","M","NM","R","E","T","R","E","?","E","M","R","B",null,"R","$","E","B",null],"character_chosen":"IRONCLAD","items_purchased":["Eternal Feather","Ghostly Armor+1","BicycleWheel","Apotheosis+1","Pondfish Scales","Replay:Baseball","aspiration:Lifesprig"],"campfire_rested":0,"item_purchase_floors":[0,12,22,22,22,38,38],"current_hp_per_floor":[80,80,80,80,80,60,66,72,72,63,72,72,71,71,80,61,80,70,50,50,50,50,50,62,62,62,67,73,79,80,80,80,80,80,80,80,80,80,80,80,80,80,80,80,80,80,87,87,87,72,87,87,87,90,93],"gold":858,"neow_bonus":"","is_daily":false,"chose_seed":false,"campfire_upgraded":5,"win_rate":0.0,"timestamp":1608601687,"path_taken":["M","?","$","?","M","E","R","M","T","M","R","$","M","?","R","BOSS","M","M","AVR","?","$","E","R","?","T","M","M","?","R","E","R","BOSS","M","M","M","$","M","NM","R","E","T","R","E","?","E","M","R","BOSS","R","$","E","BOSS"],"items_purchased_type":["Relic","Card","Relic","Card","Relic","Relic","Relic"],"build_version":"2020-12-13","purchased_purges":3,"victory":true,"max_hp_per_floor":[80,80,80,80,80,80,80,80,80,80,80,80,80,80,80,80,80,80,80,80,80,80,80,80,80,80,80,80,80,80,80,80,80,80,80,80,80,80,80,80,80,80,80,80,80,80,87,87,87,87,87,87,87,90,93],"card_choices":[{"not_picked":["Cleave","Headbutt"],"picked":"Iron Wave","floor":1},{"not_picked":["Body Slam","Heavy Blade"],"picked":"jedi:fear+1","floor":5},{"not_picked":["Demon Form","jedi:controlledanger"],"picked":"Absolvement","floor":6},{"not_picked":["Thunderclap","Bloodletting+1"],"picked":"Pummel","floor":8},{"not_picked":["Clothesline","hubris:ReadiedAction+1"],"picked":"Feel No Pain","floor":10},{"not_picked":["hubris:ReadiedAction+1","Body Slam"],"picked":"jedi:fear+1","floor":13},{"not_picked":["Demon Form","hubris:StunningStrike"],"picked":"Immolate","floor":16},{"not_picked":["Invigoration+1","Second Wind+1"],"picked":"Anger","floor":18},{"not_picked":["Run Through","Thunderclap+1","ReplayTheSpireMod:Strike From Hell"],"picked":"SKIP","floor":19},{"not_picked":["Run Through","Thunderclap+1"],"picked":"ReplayTheSpireMod:Strike From Hell","floor":19},{"not_picked":["Sword Boomerang+1","Run Through","Headbutt+1"],"picked":"SKIP","floor":23},{"not_picked":["ReplayTheSpireMod:Strike From Hell+1","Cleave"],"picked":"Shrug It Off+1","floor":27},{"not_picked":["jedi:hate","Heavy Blade","Clash+1"],"picked":"SKIP","floor":28},{"not_picked":["Heavy Blade","Clash+1"],"picked":"jedi:hate","floor":28},{"not_picked":["Heavy Blade","Twin Strike"],"picked":"Warcry+1","floor":29},{"not_picked":["Sentinel+1","jedi:strikingstrike"],"picked":"Intimidate+1","floor":31},{"not_picked":["Demon Form","Hemogenesis"],"picked":"Juggernaut","floor":33},{"not_picked":["hubris:ReadiedAction+1","Twin Strike+1","Sever Soul"],"picked":"SKIP","floor":35},{"not_picked":["jedi:hate+1","Thunderclap"],"picked":"ReplayTheSpireMod:Muscle Training+1","floor":36},{"not_picked":["Anger+1","Bloodletting+1","Hemokinesis"],"picked":"SKIP","floor":37},{"not_picked":["conspire:ExplosiveBarrier+1","jedi:fear+1","Armaments+1"],"picked":"SKIP","floor":39},{"not_picked":["ReplayTheSpireMod:LeadingStrike+1","Replay:Many Hands+1"],"picked":"Burning Pact+1","floor":40},{"not_picked":["Barricade","Thunderclap"],"picked":"Massacre+1","floor":42},{"not_picked":["Wild Strike+1","Searing Blow+1","Headbutt+1"],"picked":"SKIP","floor":45},{"not_picked":["ReplayTheSpireMod:Strike From Hell+1","Run Through"],"picked":"ReplayReversal+1","floor":47},{"not_picked":["Hemogenesis","conspire:ExplosiveBarrier+1","jedi:fear+1"],"picked":"SKIP","floor":48},{"not_picked":["Demon Form","Reaper"],"picked":"Limit Break+1","floor":50},{"not_picked":[],"picked":"BarbarianYell+1","floor":53},{"not_picked":[],"picked":"Panache","floor":53},{"not_picked":["ReplayTheSpireMod:Strike From Hell"],"picked":"SKIP","floor":53},{"not_picked":["Anger"],"picked":"SKIP","floor":53},{"not_picked":["Havoc+1"],"picked":"SKIP","floor":53},{"not_picked":["Inflame"],"picked":"SKIP","floor":53},{"not_picked":["Sharp Hide+1"],"picked":"SKIP","floor":53},{"not_picked":["Wild Strike+1","Rupture"],"picked":"Dual Wield+1","floor":54},{"not_picked":["jedi:bloodyhammer+1","Replay:Many Hands+1"],"picked":"Demonic Infusion+1","floor":55}],"player_experience":898416,"relics_obtained":[{"floor":4,"key":"Juzu Bracelet"},{"floor":6,"key":"jedi:cryingmask"},{"floor":9,"key":"infinitespire:Satchel"},{"floor":19,"key":"wanderingMiniBosses:MasterThiefsPresence"},{"floor":23,"key":"Potion Belt"},{"floor":26,"key":"Nunchaku"},{"floor":29,"key":"Red Mask"},{"floor":31,"key":"HornCleat"},{"floor":40,"key":"Bronze Scales"},{"floor":42,"key":"Art of War"},{"floor":43,"key":"ReplayTheSpireMod:Spearhead"},{"floor":45,"key":"Bag of Marbles"},{"floor":46,"key":"Ring of Misfortune"},{"floor":46,"key":"ReplayTheSpireMod:Ring of Collecting"},{"floor":47,"key":"Strawberry"},{"floor":53,"key":"hubris:ToyBattleship"},{"floor":53,"key":"jedi:firstaidkit"},{"floor":53,"key":"Replay:Lucky Slots"},{"floor":53,"key":"Replay:Bottled Eggs"},{"floor":53,"key":"aspiration:TomeofQuesting"},{"floor":53,"key":"Chemical X"},{"floor":54,"key":"Replay:Ringing Soul"}],"event_choices":[{"damage_healed":0,"gold_gain":0,"player_choice":"Obtained Relic","damage_taken":0,"relics_obtained":["Pen Nib"],"max_hp_gain":0,"max_hp_loss":0,"event_name":"Addict","floor":21,"gold_loss":85},{"damage_healed":0,"gold_gain":0,"player_choice":"Ignored","damage_taken":0,"max_hp_gain":0,"max_hp_loss":0,"event_name":"Vampires","floor":25,"gold_loss":0},{"damage_healed":0,"gold_gain":0,"player_choice":"Fought Bandits","damage_taken":0,"max_hp_gain":0,"max_hp_loss":0,"event_name":"Masked Bandits","floor":29,"gold_loss":0}],"is_beta":false,"boss_relics":[{"not_picked":["jedi:battlestandard","aspiration:PoetsPen_weak"],"picked":"Replay:Grab Bag"},{"not_picked":["Fusion Hammer","hubris:VirtuousBlindfold"],"picked":"Mark of Pain"},{"not_picked":["Ooze Armor","Painkiller Herb"],"picked":"energizedSpire:DecayingSkull"},{"not_picked":["SlaversCollar","ReplayTheSpireMod:SealedPack"],"picked":"aspiration:SecretTechniqueScroll"},{"not_picked":["Astrolabe","hubris:HollowSoul"],"picked":"conspire:RunicOctahedron"},{"not_picked":["energizedSpire:StickyHand","Sozu"],"picked":"energizedSpire:EnergizedDie"},{"not_picked":["energizedSpire:MagnifyingGlass","Runic Pyramid"],"picked":"Replay:Wanted Poster"}],"items_purged_floors":[0,3,20],"is_endless":true,"potions_floor_spawned":[6,8,10,16,18,23,27,31,37,42,45,47,50,54,55],"ascension_level":1}}