{"host":"fm9e0lfunjlbhzxv","time":1608604016,"event":{"mods":["2.2 Compatiblity","Astrologer","BaseMod","Colored Map","Colored Powertips","Energized Spire","Gremlin Mod","Key Reminder","Minty Spire (QoL Compilation)","Permanent Neow","Rare Cards Sparkle","Relic Stats","StSLib","The Administrix","The Disciple","The Mystic","The Vixen","TheBandit","slay the spire mod where everything is the same but ironclad has a cowboy hat"],"gold_per_floor":[114,114,114,189,139,151,151,177,177,206,264,264,264,279,279,382,382,396,396,396,408,425,425,425],"floor_reached":23,"playtime":1408,"items_purged":[],"score":197,"play_id":"2f975ddc-d66a-4849-889f-37e11c2c13e3","local_time":"20201221182656","is_ascension_mode":false,"campfire_choices":[{"data":"AdministrixMod:CenturiesAscent","floor":7,"key":"SMITH"},{"floor":13,"key":"REST"},{"data":"AdministrixMod:ShadowPlay","floor":15,"key":"SMITH"}],"circlet_count":0,"master_deck":["AdministrixMod:Strike_Administrix","AdministrixMod:Strike_Administrix","AdministrixMod:RedCloak","AdministrixMod:Defend_Administrix","AdministrixMod:Defend_Administrix+1","AdministrixMod:Defend_Administrix+1","AdministrixMod:BlueCloak","AdministrixMod:DiversionaryTactic","AdministrixMod:CenturiesAscent+1","AdministrixMod:ImmortalGrace","AdministrixMod:RebukeDesires","AdministrixMod:ShadowPlay+1","Decay","AdministrixMod:Metempsychosis","AdministrixMod:WifeLightning","AdministrixMod:Transition","AdministrixMod:Transcension","AdministrixMod:UnstableVigor"],"relics":["energizedSpire:CursedPentagram","War Paint","Letter Opener","Ancient Tea Set","Oddly Smooth Stone","Pen Nib","energizedSpire:SpiderWeb"],"acts_visited":["Exordium","TheCity"],"potions_floor_usage":[11,23],"damage_taken":[{"damage":0,"enemies":"Small Slimes","floor":1,"turns":2},{"damage":0,"enemies":"2 Louse","floor":6,"turns":3},{"damage":6,"enemies":"Lagavulin","floor":8,"turns":8},{"damage":11,"enemies":"3 Sentries","floor":10,"turns":9},{"damage":9,"enemies":"Lagavulin Event","floor":11,"turns":5},{"damage":0,"enemies":"Jaw Worm","floor":14,"turns":2},{"damage":15,"enemies":"Hexaghost","floor":16,"turns":11},{"damage":20,"enemies":"2 Thieves","floor":18,"turns":4},{"damage":10,"enemies":"Shell Parasite","floor":21,"turns":5},{"damage":1,"enemies":"Centurion and Healer","floor":22,"turns":5},{"damage":39,"enemies":"Book of Stabbing","floor":23,"turns":4}],"seed_played":"-1122511714225346777","potions_obtained":[{"floor":8,"key":"DistilledChaos"},{"floor":14,"key":"Dexterity Potion"},{"floor":18,"key":"Swift Potion"}],"is_trial":false,"path_per_floor":["M","?","$","?","?","M","R","E","T","E","?","?","R","M","R","B",null,"M","?","?","M","M","E"],"character_chosen":"TheAdministrix","items_purchased":[],"campfire_rested":1,"item_purchase_floors":[],"current_hp_per_floor":[65,65,65,54,54,54,54,48,48,37,28,21,40,40,40,25,65,45,45,45,35,34,0,0],"gold":425,"neow_bonus":"BOSS_RELIC","is_daily":false,"chose_seed":false,"campfire_upgraded":2,"win_rate":0.0,"timestamp":1608604016,"path_taken":["M","?","$","?","?","M","R","E","T","E","?","?","R","M","R","BOSS","M","?","?","?","M","E"],"items_purchased_type":[],"build_version":"2020-12-13","purchased_purges":0,"victory":false,"max_hp_per_floor":[65,65,65,65,65,65,65,65,65,65,65,65,65,65,65,65,65,65,65,65,65,65,65,65],"relic_stats":{"counters":[11,58],"Pen Nib":[7],"Letter Opener":[40],"War Paint":["AdministrixMod:Defend_Administrix","AdministrixMod:Defend_Administrix"],"obtain_stats":[{"energizedSpire:CursedPentagram":0,"Oddly Smooth Stone":11,"AdministrixMod:ConductorRitualBaton":0,"Pen Nib":12,"Letter Opener":9,"War Paint":8,"energizedSpire:SpiderWeb":17,"Ancient Tea Set":10},{"energizedSpire:CursedPentagram":0,"Oddly Smooth Stone":5,"AdministrixMod:ConductorRitualBaton":0,"Pen Nib":5,"Letter Opener":3,"War Paint":3,"energizedSpire:SpiderWeb":7,"Ancient Tea Set":4},{"energizedSpire:CursedPentagram":0,"Oddly Smooth Stone":27,"AdministrixMod:ConductorRitualBaton":0,"Pen Nib":27,"Letter Opener":13,"War Paint":13,"energizedSpire:SpiderWeb":40,"Ancient Tea Set":22}]},"card_choices":[{"not_picked":["AdministrixMod:CenturiesAscent","AdministrixMod:Convergence"],"picked":"AdministrixMod:DiversionaryTactic","floor":1},{"not_picked":["AdministrixMod:CastOffRegrets","AdministrixMod:CrackingPangu"],"picked":"AdministrixMod:CenturiesAscent","floor":6},{"not_picked":["AdministrixMod:JustRewards","AdministrixMod:PlateOfAntiquity"],"picked":"AdministrixMod:ImmortalGrace","floor":8},{"not_picked":["AdministrixMod:HiddenPower","AdministrixMod:PassageOfAges"],"picked":"AdministrixMod:RebukeDesires","floor":10},{"not_picked":["AdministrixMod:SipOfSparks","AdministrixMod:PassageOfAges"],"picked":"AdministrixMod:ShadowPlay","floor":11},{"not_picked":["AdministrixMod:XianArts","AdministrixMod:UnstableVigor"],"picked":"AdministrixMod:Metempsychosis","floor":14},{"not_picked":["AdministrixMod:Schism","AdministrixMod:Mastermind"],"picked":"AdministrixMod:WifeLightning","floor":16},{"not_picked":["AdministrixMod:BloodlessSapphire+1","AdministrixMod:PlateOfAntiquity"],"picked":"AdministrixMod:Transition","floor":18},{"not_picked":["AdministrixMod:FuneraryRites","AdministrixMod:QuietConspiracy","AdministrixMod:ShadowPlay"],"picked":"SKIP","floor":21},{"not_picked":["AdministrixMod:NewWardrobe","AdministrixMod:HarmonicReverence+1","AdministrixMod:XianArts"],"picked":"SKIP","floor":22}],"player_experience":569580,"relics_obtained":[{"floor":8,"key":"War Paint"},{"floor":9,"key":"Letter Opener"},{"floor":10,"key":"Ancient Tea Set"},{"floor":11,"key":"Oddly Smooth Stone"}],"event_choices":[{"damage_healed":0,"gold_gain":0,"player_choice":"Ignored","damage_taken":0,"max_hp_gain":0,"max_hp_loss":0,"event_name":"Liars Game","floor":2,"gold_loss":0},{"damage_healed":0,"gold_gain":75,"player_choice":"Gather Gold","damage_taken":11,"max_hp_gain":0,"max_hp_loss":0,"event_name":"World of Goop","floor":4,"gold_loss":0},{"cards_removed":["AdministrixMod:Strike_Administrix"],"damage_healed":0,"gold_gain":0,"player_choice":"Card Removal","damage_taken":0,"max_hp_gain":0,"max_hp_loss":0,"event_name":"The Cleric","floor":5,"gold_loss":50},{"damage_healed":0,"gold_gain":0,"player_choice":"Searched \u00271\u0027 times","damage_taken":0,"max_hp_gain":0,"max_hp_loss":0,"event_name":"Dead Adventurer","floor":11,"gold_loss":0},{"damage_healed":0,"gold_gain":0,"player_choice":"Success","damage_taken":7,"relics_obtained":["Pen Nib"],"max_hp_gain":0,"max_hp_loss":0,"event_name":"Scrap Ooze","floor":12,"gold_loss":0},{"damage_healed":0,"gold_gain":0,"cards_transformed":["AdministrixMod:Defend_Administrix","AdministrixMod:Strike_Administrix"],"player_choice":"Became Test Subject","damage_taken":0,"max_hp_gain":0,"max_hp_loss":0,"event_name":"Drug Dealer","floor":19,"gold_loss":0,"cards_obtained":["AdministrixMod:Transcension","AdministrixMod:UnstableVigor"]},{"cards_removed":["Shame"],"damage_healed":0,"gold_gain":0,"player_choice":"Purged","damage_taken":0,"max_hp_gain":0,"max_hp_loss":0,"event_name":"Purifier","floor":20,"gold_loss":0}],"is_beta":false,"boss_relics":[{"not_picked":["Cursed Key","energizedSpire:MagnifyingGlass"],"picked":"energizedSpire:SpiderWeb"}],"items_purged_floors":[],"is_endless":false,"potions_floor_spawned":[8,14,18],"killed_by":"Book of Stabbing","ascension_level":0}}