{"host":"an6uhul3yec8m0jh","time":1608646403,"event":{"mods":["ATMod(阿瑾Mod)","Act Like it!","BaseMod","Colored Map","Colored Powertips","Gensokyo","Highlight Path","Minty Spire (QoL Compilation)","MostiFishMod","Quick Restart","StSLib","TestMod","UnlockEverythingMod","Waifu the Spire","WarShipGirlsR/战舰少女R mod","noobMod"],"gold_per_floor":[-1285,-1285,-1273,-1273,-1273,-1244,-1244,-1215,-1215,-1198,-1198,-1184,-1172,-1141,-1141,-1064,-1064,-1046,-1028,-1028,-1028,-1028,-994,-994,-965,-910,-910,-893,-893,-862,-845,-845,-769,-769,-759,-140,-140,-140,-140,-106,294,326,371,397,397,432,382,396,396,396,396,396,346,374,393],"floor_reached":56,"playtime":3305,"items_purged":["rmod:strick","rmod:strick"],"score":2799,"play_id":"274a614b-5610-4e51-a14b-03c03921dbeb","local_time":"20201222221323","is_ascension_mode":true,"campfire_choices":[{"data":"Armaments","floor":7.0,"key":"SMITH"},{"data":"MostiFishMod:Hijack","floor":15.0,"key":"SMITH"},{"data":"Gensokyo:MorningMist","floor":27.0,"key":"SMITH"},{"data":"MostiFishMod:HellRitual","floor":32.0,"key":"SMITH"},{"floor":45.0,"key":"RECALL"},{"data":"rmod:expedition","floor":49.0,"key":"SMITH"},{"data":"rmod:expedition+1","floor":52.0,"key":"SMITH"}],"circlet_count":0,"master_deck":["AscendersBane","rmod:strick","rmod:defend","rmod:defend","rmod:defend","rmod:defend","rmod:basicallowance","rmod:maingunfire","Armaments+1","testmod-AdversityCounterattack","rmod:expedition+3","MostiFishMod:Hijack+1","Wallop+1","AT_EmpoweredMortalDraw","rmod:wife","Gensokyo:MorningMist+1","MostiFishMod:HellRitual+1","MostiFishMod:UniPurple","Gensokyo:UnlikelyAid+1","Dark Embrace+1"],"relics":["rmod:firstchargereward","ice","AT_ATBox","SynthV:MejaisSoulstealer","testmod-GiftOfSatan","Question Card","PrismaticShard","Happy Flower","testmod-TestBox","ArrowTower","testmod-TurbochargingSystem","SentryEyes","MealTicket","ImportantClient","DiscerningMonocle","Mummified Hand","Matryoshka","testmod-IndustrialRevolution","Strawberry","testmod-AssaultLearning","AT_BellowingDragoncrestRing","xbg","Gensokyo:EmptyGrave","Gensokyo:TheCrow","Toy Ornithopter","Nunchaku","Ornamental Fan","Smiling Mask","Bottled Tornado","AT_BladeRuinedKing","Frozen Egg 2","testmod-Charity","Pen Nib","testmod-InjuryResistance","Letter Opener","Technique","AT_EbonyIvory"],"acts_visited":["Gensokyo:Gensokyo","Gensokyo:Gensokyoer","Gensokyo:Gensokyoest","TheEnding"],"potions_floor_usage":[55],"damage_taken":[{"damage":0.0,"enemies":"Gensokyo:3_Fairies","floor":1.0,"turns":4.0},{"damage":9.0,"enemies":"Gensokyo:2_Kodama","floor":3.0,"turns":2.0},{"damage":0.0,"enemies":"Gensokyo:Mamizou","floor":6.0,"turns":8.0},{"damage":0.0,"enemies":"Gensokyo:Aya","floor":8.0,"turns":3.0},{"damage":0.0,"enemies":"Gensokyo:Python","floor":10.0,"turns":2.0},{"damage":0.0,"enemies":"Gensokyo:LivingMonolith","floor":12.0,"turns":2.0},{"damage":0.0,"enemies":"Gensokyo:Python_and_Kodama","floor":13.0,"turns":2.0},{"damage":0.0,"enemies":"Gensokyo:Cirno","floor":14.0,"turns":4.0},{"damage":0.0,"enemies":"Gensokyo:Reimu","floor":16.0,"turns":3.0},{"damage":0.0,"enemies":"Gensokyo:3_Dogs","floor":18.0,"turns":1.0},{"damage":0.0,"enemies":"Gensokyo:Chomper","floor":19.0,"turns":2.0},{"damage":0.0,"enemies":"Gensokyo:Reisen","floor":23.0,"turns":2.0},{"damage":0.0,"enemies":"Gensokyo:Tenshi","floor":25.0,"turns":3.0},{"damage":0.0,"enemies":"Gensokyo:Monolith_and_Dog","floor":28.0,"turns":1.0},{"damage":5.0,"enemies":"Gensokyo:Koishi","floor":30.0,"turns":3.0},{"damage":0.0,"enemies":"Gensokyo:Slime_Group","floor":31.0,"turns":2.0},{"damage":0.0,"enemies":"Gensokyo:Eiki","floor":33.0,"turns":3.0},{"damage":0.0,"enemies":"Gensokyo:3_Boulders","floor":35.0,"turns":2.0},{"damage":0.0,"enemies":"Gensokyo:AncientGuardian","floor":36.0,"turns":1.0},{"damage":13.0,"enemies":"Gensokyo:Doremy","floor":40.0,"turns":3.0},{"damage":23.0,"enemies":"Gensokyo:Marisa","floor":42.0,"turns":3.0},{"damage":0.0,"enemies":"Gensokyo:Kasen","floor":44.0,"turns":2.0},{"damage":0.0,"enemies":"Gensokyo:Marisa","floor":46.0,"turns":2.0},{"damage":0.0,"enemies":"Gensokyo:Dusk_and_Dawn","floor":48.0,"turns":2.0},{"damage":0.0,"enemies":"Gensokyo:Yuyuko","floor":50.0,"turns":3.0},{"damage":0.0,"enemies":"Shield and Spear","floor":54.0,"turns":2.0},{"damage":82,"enemies":"The Heart","floor":55,"turns":4}],"seed_played":"-7477008156527664728","potions_obtained":[{"floor":3.0,"key":"Energy Potion"},{"floor":8.0,"key":"BlessingOfTheForge"},{"floor":14.0,"key":"DistilledChaos"},{"floor":33.0,"key":"Fire Potion"},{"floor":36.0,"key":"Fire Potion"},{"floor":40.0,"key":"Ancient Potion"}],"is_trial":false,"path_per_floor":["M","?","M","?","?","E","R","E","T","M","T","M","M","E","R","B",null,"M","M","$","?","$","E","COS","E","T","R","M","?","E","M","R","B",null,"M","M","?","?","?","E","?","E","T","E","R","E","$","M","R","B",null,"R","$","E","B",null],"character_chosen":"PRAEFECT","items_purchased":["Frozen Egg 2","testmod-Charity","Pen Nib","DuplicationPotion","testmod-InjuryResistance","Letter Opener","Technique"],"campfire_rested":0,"item_purchase_floors":[47,47,47,47,53,53,53],"current_hp_per_floor":[67,67,58,58,58,65,65,65,65,65,65,65,65,65,65,65,74,87,87,87,87,87,87,87,87,94,94,94,87,82,82,82,87,87,87,87,92,85,85,87,90,88,88,100,100,100,100,101,101,106,106,106,106,107,27],"gold":393,"neow_bonus":"REMOVE_CARD","is_daily":false,"chose_seed":false,"campfire_upgraded":6,"win_rate":0.0,"timestamp":1608646403,"path_taken":["M","?","M","?","?","E","R","E","T","M","?","M","?","E","R","BOSS","M","M","$","?","?","E","COS","E","T","R","M","?","E","?","R","BOSS","M","M","?","?","?","E","?","E","T","E","R","E","$","?","R","BOSS","R","$","E","BOSS"],"items_purchased_type":["Relic","Relic","Relic","Potion","Relic","Relic","Relic"],"build_version":"2020-12-13","purchased_purges":2,"victory":true,"max_hp_per_floor":[70,70,70,70,70,77,77,77,77,77,77,77,77,77,77,77,77,87,87,87,87,87,87,87,87,94,94,94,87,87,87,87,87,87,87,87,92,85,85,90,90,95,95,100,100,100,100,101,101,106,106,106,106,107,108],"card_choices":[{"not_picked":["rmod:highspeedshooting","rmod:fletcherpendant"],"picked":"rmod:tearstotiara","floor":1.0},{"not_picked":["Poisoned Stab","Dagger Throw","Static Discharge"],"picked":"Armaments","floor":3.0},{"not_picked":["Barrage","Terror","PiercingWail"],"picked":"testmod-AdversityCounterattack","floor":4.0},{"not_picked":["AT_WindFlip","Leap","Clothesline"],"picked":"rmod:expedition","floor":6.0},{"not_picked":["SashWhip","testmod-Provocation","Prostrate","Seeing Red"],"picked":"SKIP","floor":8.0},{"not_picked":["Ghostly Armor","Glacier","Night Terror","rmod:ammunitionsupply"],"picked":"SKIP","floor":10.0},{"not_picked":["FlyingSleeves","rmod:circuitoustactics","Havoc"],"picked":"MostiFishMod:Hijack","floor":12.0},{"not_picked":["Eviscerate","BowlingBash","rmod:supportescort"],"picked":"Wallop","floor":13.0},{"not_picked":["Clash","Leap","Consecrate","AT_GerminateFire"],"picked":"SKIP","floor":14.0},{"not_picked":["MostiFishMod:Dislodge","The Bomb","MostiFishMod:KamiSmash"],"picked":"AT_EmpoweredMortalDraw","floor":16.0},{"not_picked":["rmod:concentratefire","testmod-HeadAttack","True Grit","Fire Breathing"],"picked":"SKIP","floor":18.0},{"not_picked":["Halt","FearNoEvil","rmod:selfconfidence","Bane"],"picked":"SKIP","floor":19.0},{"not_picked":["ForeignInfluence","FlurryOfBlows","Static Discharge","rmod:ammunitionsupply+1"],"picked":"SKIP","floor":23.0},{"not_picked":["AT_WindFlip","CrushJoints","rmod:unsinkable"],"picked":"Gensokyo:MorningMist","floor":25.0},{"not_picked":["Masterful Stab","Bane","Well Laid Plans"],"picked":"MostiFishMod:HellRitual","floor":28.0},{"not_picked":["rmod:aluminumsupply","AT_WindFlip+1","Wild Strike+1","Footwork"],"picked":"SKIP","floor":30.0},{"not_picked":["Defragment","Havoc","Cold Snap","Slice"],"picked":"SKIP","floor":31.0},{"not_picked":["MostiFishMod:STOP","MostiFishMod:FlowState","Doppelganger"],"picked":"MostiFishMod:UniPurple","floor":33.0},{"not_picked":["AT_IchimonjiDouble","Twin Strike","Reinforced Body","rmod:aviationdawn"],"picked":"SKIP","floor":35.0},{"not_picked":["Cold Snap","Flame Barrier","Gash","Wallop"],"picked":"SKIP","floor":36.0},{"not_picked":["Gensokyo:RainbowDanmaku+1","Gensokyo:Dawn+1"],"picked":"Gensokyo:UnlikelyAid+1","floor":37.0},{"not_picked":["BowlingBash","Steam","rmod:overbreakdown","Self Repair+1"],"picked":"SKIP","floor":40.0},{"not_picked":["Poisoned Stab","rmod:aviationdawn","Fission"],"picked":"Dark Embrace+1","floor":42.0},{"not_picked":["Combust","Deadly Poison+1","Coolheaded","PathToVictory+1"],"picked":"SKIP","floor":44.0},{"not_picked":["PiercingWail","Conserve Battery","Compile Driver+1","rmod:fuelsupply"],"picked":"SKIP","floor":46.0},{"not_picked":["testmod-HeadAttack","Perfected Strike","EmptyFist+1","Quick Slash+1"],"picked":"SKIP","floor":48.0},{"not_picked":["FearNoEvil","Doom and Gloom","rmod:fletcherpendant","Double Energy"],"picked":"SKIP","floor":54.0}],"player_experience":250192,"relics_obtained":[{"floor":1.0,"key":"Question Card"},{"floor":1.0,"key":"PrismaticShard"},{"floor":6.0,"key":"ArrowTower"},{"floor":8.0,"key":"testmod-TurbochargingSystem"},{"floor":9.0,"key":"SentryEyes"},{"floor":14.0,"key":"MealTicket"},{"floor":16.0,"key":"ImportantClient"},{"floor":23.0,"key":"Mummified Hand"},{"floor":25.0,"key":"Matryoshka"},{"floor":26.0,"key":"testmod-IndustrialRevolution"},{"floor":26.0,"key":"Strawberry"},{"floor":30.0,"key":"AT_BellowingDragoncrestRing"},{"floor":40.0,"key":"Toy Ornithopter"},{"floor":42.0,"key":"Nunchaku"},{"floor":43.0,"key":"Ornamental Fan"},{"floor":43.0,"key":"Smiling Mask"},{"floor":44.0,"key":"Bottled Tornado"},{"floor":46.0,"key":"AT_BladeRuinedKing"},{"floor":54.0,"key":"AT_EbonyIvory"}],"event_choices":[{"damage_healed":0.0,"max_hp_gain":0.0,"max_hp_loss":0.0,"gold_gain":0.0,"event_name":"给自己的盒子","player_choice":"Swap Relic","floor":5.0,"relics_lost":["DaveBox"],"gold_loss":0.0,"damage_taken":0.0,"relics_obtained":["testmod-TestBox"]},{"damage_healed":0.0,"max_hp_gain":0.0,"max_hp_loss":0.0,"gold_gain":400.0,"event_name":"恩洛斯的盘子","player_choice":"Sell","floor":41.0,"relics_lost":["testmod-TestBox"],"gold_loss":0.0,"damage_taken":0.0}],"is_beta":false,"boss_relics":[{"not_picked":["Busted Crown","Velvet Choker"],"picked":"DiscerningMonocle"},{"not_picked":["testmod-TimeTraveler","testmod-StringDisintegrator"],"picked":"xbg"}],"items_purged_floors":[47,53],"is_endless":false,"potions_floor_spawned":[3,8,13,14,16,18,23,30,33,36,40,46],"ascension_level":14}}