{"host":"f0gpob8hq9vgebej","time":1608625972,"event":{"mods":["AchievementEnabler","BaseMod","Googly Eyes","Minty Spire (QoL Compilation)","Quick Restart","SuperFastMode"],"gold_per_floor":[114,128,140,153,164,202,202,228,281,133,133,168,188,188,188,300,300,315,341,128,157,157,157,157,157,157,157,157],"floor_reached":27,"playtime":5627,"items_purged":["Strike_G","Defend_G"],"score":360,"play_id":"64357345-095c-4b10-91c5-fde9a880a93f","local_time":"20201222173252","is_ascension_mode":true,"campfire_choices":[{"floor":7.0,"key":"REST"},{"floor":11.0,"key":"REST"},{"floor":15,"key":"REST"},{"data":"Envenom","floor":23,"key":"SMITH"},{"data":"Burst","floor":25,"key":"SMITH"}],"circlet_count":0,"master_deck":["AscendersBane","Strike_G","Strike_G","Strike_G","Strike_G","Defend_G","Defend_G","Defend_G","Defend_G","Survivor","Neutralize","Dagger Spray","Noxious Fumes","Poisoned Stab","Grand Finale","Burst+1","Blade Dance","Bandage Up+1","Adrenaline","Envenom+1","Well Laid Plans","Prepared","Footwork","Blade Dance"],"relics":["Ring of the Snake","Incense Burner","CeramicFish","Bag of Marbles","Snake Skull","Ninja Scroll","SlaversCollar","Bottled Flame"],"acts_visited":["Exordium","TheCity"],"potions_floor_usage":[16,21],"damage_taken":[{"damage":0.0,"enemies":"Small Slimes","floor":1.0,"turns":3.0},{"damage":0.0,"enemies":"Jaw Worm","floor":2.0,"turns":5.0},{"damage":2.0,"enemies":"2 Louse","floor":3.0,"turns":3.0},{"damage":3.0,"enemies":"Red Slaver","floor":4.0,"turns":4.0},{"damage":13.0,"enemies":"3 Louse","floor":5.0,"turns":4.0},{"damage":26.0,"enemies":"Lagavulin","floor":6.0,"turns":7.0},{"damage":10.0,"enemies":"Gremlin Gang","floor":8.0,"turns":5.0},{"damage":27,"enemies":"Gremlin Nob","floor":12,"turns":4},{"damage":1,"enemies":"2 Fungi Beasts","floor":13,"turns":2},{"damage":7,"enemies":"Slime Boss","floor":16,"turns":9},{"damage":33,"enemies":"Spheric Guardian","floor":18,"turns":7},{"damage":4,"enemies":"3 Byrds","floor":19,"turns":3},{"damage":19,"enemies":"Snake Plant","floor":21,"turns":4},{"damage":16,"enemies":"Shelled Parasite and Fungi","floor":27,"turns":2}],"seed_played":"-7619751975554703394","potions_obtained":[{"floor":2.0,"key":"Block Potion"},{"floor":4.0,"key":"Swift Potion"},{"floor":5.0,"key":"BlessingOfTheForge"},{"floor":12,"key":"DistilledChaos"},{"floor":16,"key":"Ancient Potion"},{"floor":19,"key":"GhostInAJar"}],"is_trial":false,"path_per_floor":["M","M","M","M","M","E","R","M","T","$","R","E","M","?","R","B",null,"M","M","$","M","?","R","?","R","T","M"],"character_chosen":"THE_SILENT","items_purchased":["Bandage Up","Prepared","Footwork"],"campfire_rested":3,"item_purchase_floors":[10,20,20],"current_hp_per_floor":[45,45,43,40,27,1,22,12,12,12,33,10,13,13,34,31,60,31,31,31,16,16,16,16,16,16,0,0],"gold":157,"neow_bonus":"ONE_RARE_RELIC","is_daily":false,"chose_seed":false,"campfire_upgraded":2,"win_rate":0.0,"timestamp":1608625972,"path_taken":["M","M","M","M","M","E","R","M","T","$","R","E","M","?","R","BOSS","M","M","$","M","?","R","?","R","T","M"],"items_purchased_type":["Card","Card","Card"],"build_version":"2020-12-13","purchased_purges":2,"victory":false,"max_hp_per_floor":[70,70,70,70,70,70,70,70,70,70,70,70,70,70,70,70,70,70,70,70,70,70,70,70,70,70,70,70],"card_choices":[{"not_picked":["Dodge and Roll","Blade Dance"],"picked":"Dagger Spray","floor":1.0},{"not_picked":["Predator","Acrobatics"],"picked":"Noxious Fumes","floor":2.0},{"not_picked":["Distraction","Leg Sweep"],"picked":"Poisoned Stab","floor":3.0},{"not_picked":["PiercingWail","Predator"],"picked":"Grand Finale","floor":4.0},{"not_picked":["Setup","Dodge and Roll","Outmaneuver"],"picked":"SKIP","floor":5.0},{"not_picked":["Outmaneuver","Escape Plan"],"picked":"Burst","floor":6.0},{"not_picked":["PiercingWail","Backflip"],"picked":"Blade Dance","floor":8.0},{"not_picked":["Prepared","Blade Dance"],"picked":"Adrenaline","floor":12},{"not_picked":["Dagger Spray","Deadly Poison","Quick Slash"],"picked":"SKIP","floor":13},{"not_picked":["Burst","Adrenaline"],"picked":"Envenom","floor":16},{"not_picked":["Deflect","Sucker Punch","Dagger Spray"],"picked":"SKIP","floor":18},{"not_picked":["Dagger Spray","Outmaneuver"],"picked":"Well Laid Plans","floor":19},{"not_picked":["Riddle With Holes","Footwork"],"picked":"Blade Dance","floor":21}],"player_experience":187977,"relics_obtained":[{"floor":6.0,"key":"CeramicFish"},{"floor":9.0,"key":"Bag of Marbles"},{"floor":12,"key":"Snake Skull"},{"floor":26,"key":"Bottled Flame"}],"event_choices":[{"damage_healed":0,"gold_gain":0,"player_choice":"Searched \u00271\u0027 times","damage_taken":0,"relics_obtained":["Ninja Scroll"],"max_hp_gain":0,"max_hp_loss":0,"event_name":"Dead Adventurer","floor":14,"gold_loss":0},{"damage_healed":0,"gold_gain":0,"player_choice":"Ignored","damage_taken":0,"max_hp_gain":0,"max_hp_loss":0,"event_name":"Cursed Tome","floor":22,"gold_loss":0},{"damage_healed":0,"gold_gain":0,"player_choice":"Forge","damage_taken":0,"max_hp_gain":0,"max_hp_loss":0,"event_name":"Accursed Blacksmith","floor":24,"gold_loss":0,"cards_upgraded":["Bandage Up"]}],"is_beta":false,"boss_relics":[{"not_picked":["Black Star","SacredBark"],"picked":"SlaversCollar"}],"items_purged_floors":[10,20],"is_endless":false,"potions_floor_spawned":[2,4,5,12,16,19],"killed_by":"Shelled Parasite and Fungi","ascension_level":12}}