{"host":"8o45mh5p3pp1o2mi","time":1608599021,"event":{"mods":["BaseMod","Better Match","Better Third Choice","BetterRewards","Minty Spire (QoL Compilation)","Rare Cards Sparkle","Relic Stats","Replay The Spire","Shop Mod","StSLib","everything is the same but u backflip on backflip"],"gold_per_floor":[110,122,122,47,60,89,89,114,114,149,15,47,47,67,67,170,170,190,62,62,62,72,105,122,147,229,229,246,274,291,309,309,412,412,431,157,175,192,192,217,269,269,269,604,624,650,669,700,700,700,700,700,5,30,30],"floor_reached":56,"playtime":4388,"items_purged":["Regret","Spreading Infection","Amnesia"],"score":1956,"play_id":"e43f525e-3eb2-4dd4-9045-405a36b6a6c1","local_time":"20201222010341","is_ascension_mode":true,"campfire_choices":[{"data":"Masterful Stab","floor":7.0,"key":"SMITH"},{"floor":13.0,"key":"REST"},{"data":"ReplayTheSpireMod:The Works","floor":15.0,"key":"SMITH"},{"data":"Blade Dance","floor":27,"key":"SMITH"},{"data":"Backstab","floor":32,"key":"SMITH"},{"floor":42,"key":"RECALL"},{"floor":49,"key":"REST"},{"data":"Choke","floor":52,"key":"SMITH"}],"circlet_count":0,"master_deck":["Strike_G","Defend_G+1","Defend_G+1","Survivor","Neutralize","Backflip","Expertise+1","Masterful Stab+1","Finisher+1","Blade Dance+1","Well Laid Plans","ReplayTheSpireMod:The Works+1","Replay:Bag of Tricks+1","Backstab+1","ReplayTheSpireMod:The Works+1","Prepared","Blade Dance","ReplayTheSpireMod:Scrap Shanks","Prepared+1","Prepared+1","Venomology+1","ReplayTheSpireMod:Scrap Shanks","Doppelganger+1","ReplayTheSpireMod:Speed Training+1","Wraith Form v2+1","Swift Strike+1","Choke+1","ReplayTheSpireMod:Shiv Toss+1","Hidden Blade+1","Finisher+1","Backflip+1","Backstab","Backstab","Caltrops+1"],"relics":["WristBlade","Shuriken","Tiny Chest","Pen Nib","MerchantsRug","InkBottle","PreservedInsect","Toxic Egg 2","Toy Ornithopter","TheAbacus","Bronze Scales","Pocketwatch","Bird Faced Urn","Quantum Egg","Old Coin","Juzu Bracelet","Whetstone","Replay:Towering Pillar of Hats","Toolbox","ReplayTheSpireMod:TigerMarble","Durian"],"acts_visited":["Exordium","TheCity","TheBeyond","TheEnding"],"potions_floor_usage":[25,31,33,37,38,40,41,41,45,45,47,48,50,55,55,55],"damage_taken":[{"damage":1.0,"enemies":"Jaw Worm","floor":1.0,"turns":6.0},{"damage":2.0,"enemies":"Cultist","floor":2.0,"turns":4.0},{"damage":4.0,"enemies":"Small Slimes","floor":5.0,"turns":3.0},{"damage":26.0,"enemies":"Gremlin Nob","floor":6.0,"turns":4.0},{"damage":11.0,"enemies":"Replay:BlueRogue","floor":8.0,"turns":6.0},{"damage":0.0,"enemies":"Lagavulin","floor":10.0,"turns":3.0},{"damage":6.0,"enemies":"Replay:BlueRogue","floor":12.0,"turns":3.0},{"damage":0.0,"enemies":"Exordium Wildlife","floor":14.0,"turns":2.0},{"damage":3.0,"enemies":"Hexaghost","floor":16.0,"turns":6.0},{"damage":0,"enemies":"Spheric Guardian","floor":18,"turns":2},{"damage":0,"enemies":"Chosen","floor":22,"turns":2},{"damage":2,"enemies":"Replay:Snechameleon","floor":23,"turns":3},{"damage":0,"enemies":"Centurion and Healer","floor":24,"turns":3},{"damage":0,"enemies":"Book of Stabbing","floor":25,"turns":1},{"damage":3,"enemies":"Shelled Parasite and Fungi","floor":28,"turns":2},{"damage":0,"enemies":"Gremlin Leader","floor":29,"turns":1},{"damage":0,"enemies":"Snake Plant","floor":30,"turns":1},{"damage":0,"enemies":"Centurion and Healer","floor":31,"turns":2},{"damage":0,"enemies":"Pondfish","floor":33,"turns":3},{"damage":32,"enemies":"3 Shapes","floor":35,"turns":4},{"damage":0,"enemies":"Orb Walker","floor":37,"turns":1},{"damage":2,"enemies":"4 Shapes","floor":38,"turns":2},{"damage":9,"enemies":"Giant Head","floor":40,"turns":3},{"damage":2,"enemies":"2 Orb Walkers","floor":41,"turns":4},{"damage":18,"enemies":"Nemesis","floor":44,"turns":3},{"damage":25,"enemies":"Maw","floor":45,"turns":4},{"damage":0,"enemies":"R_Hoarder","floor":46,"turns":3},{"damage":20,"enemies":"Writhing Mass","floor":47,"turns":3},{"damage":9,"enemies":"Giant Head","floor":48,"turns":3},{"damage":18,"enemies":"Awakened One","floor":50,"turns":4},{"damage":22,"enemies":"Shield and Spear","floor":54,"turns":3},{"damage":47,"enemies":"The Heart","floor":55,"turns":6}],"seed_played":"2947947332268524479","potions_obtained":[{"floor":2.0,"key":"Milkshake"},{"floor":6.0,"key":"PowerPotion"},{"floor":8.0,"key":"DistilledChaos"},{"floor":10.0,"key":"Explosive Potion"},{"floor":16.0,"key":"DuplicationPotion"},{"floor":18,"key":"ColorlessPotion"},{"floor":23,"key":"Elixir"},{"floor":30,"key":"SneckoOil"},{"floor":40,"key":"Venom Potion"},{"floor":44,"key":"Regen Potion"},{"floor":45,"key":"Languid Potion"},{"floor":47,"key":"SteroidPotion"}],"is_trial":false,"path_per_floor":["M","M","?","$","M","E","R","E","T","E","$","E","R","M","R","B",null,"M","$","?","$","M","E","M","E","T","R","M","E","M","M","R","B",null,"M","$","M","M","T","E","?","R","T","E","M","E","M","E","R","B",null,"R","$","E","B",null],"character_chosen":"THE_SILENT","items_purchased":["MerchantsRug","Guide Book","Swift Strike","TheAbacus","Replay:Towering Pillar of Hats","Backflip+1","Toolbox","ReplayTheSpireMod:TigerMarble","Backstab"],"campfire_rested":2,"item_purchase_floors":[11,19,36,36,53,53,53,53,53],"current_hp_per_floor":[69,67,67,67,63,37,37,26,26,26,26,20,41,41,41,38,70,70,70,70,70,70,68,68,78,78,78,75,75,75,80,80,80,80,48,48,53,56,56,52,60,60,60,42,40,40,27,27,51,44,80,80,80,65,45],"gold":30,"neow_bonus":"BOSS_RELIC","is_daily":false,"chose_seed":false,"campfire_upgraded":5,"win_rate":0.0,"timestamp":1608599021,"path_taken":["M","M","?","$","M","E","R","E","T","E","$","E","R","M","R","BOSS","M","$","?","$","M","E","M","E","T","R","M","E","?","M","R","BOSS","M","$","M","?","?","E","?","R","T","E","M","E","M","E","R","BOSS","R","$","E","BOSS"],"items_purchased_type":["Relic","Relic","Card","Relic","Relic","Card","Relic","Relic","Card"],"build_version":"2020-12-13","purchased_purges":3,"victory":true,"max_hp_per_floor":[70,70,70,70,70,70,70,70,70,70,70,70,70,70,70,70,70,70,70,70,70,70,70,70,80,80,80,80,80,80,80,80,80,80,80,80,80,80,80,80,80,80,80,80,80,80,80,80,80,80,80,80,80,85,85],"relic_stats":{"counters":[32,100],"Pen Nib":[35],"PreservedInsect":525,"Juzu Bracelet":0,"Whetstone":["Swift Strike","Finisher"],"TheAbacus":[24],"Shuriken":[95],"Bronze Scales":[114],"Bird Faced Urn":[30],"Tiny Chest":1,"obtain_stats":[{"Juzu Bracelet":46,"Whetstone":48,"Old Coin":44,"TheAbacus":36,"WristBlade":0,"Toolbox":53,"Tiny Chest":6,"Toxic Egg 2":26,"InkBottle":12,"Ring of the Snake":0,"MerchantsRug":11,"Pear":25,"Replay:Towering Pillar of Hats":53,"Guide Book":19,"Astrolabe":34,"Quantum Egg":43,"Pen Nib":8,"PreservedInsect":23,"War Paint":10,"Shuriken":3,"Bronze Scales":39,"Bird Faced Urn":41,"ReplayTheSpireMod:TigerMarble":53,"Durian":54,"Kintsugi":17,"Toy Ornithopter":29,"Pocketwatch":40},{"Juzu Bracelet":27,"Whetstone":29,"Old Coin":25,"TheAbacus":20,"WristBlade":0,"Toolbox":30,"Tiny Chest":4,"Toxic Egg 2":14,"InkBottle":7,"Ring of the Snake":0,"MerchantsRug":6,"Pear":14,"Replay:Towering Pillar of Hats":30,"Guide Book":10,"Astrolabe":19,"Quantum Egg":24,"Pen Nib":5,"PreservedInsect":12,"War Paint":6,"Shuriken":2,"Bronze Scales":22,"Bird Faced Urn":24,"ReplayTheSpireMod:TigerMarble":30,"Durian":31,"Kintsugi":9,"Toy Ornithopter":16,"Pocketwatch":23},{"Juzu Bracelet":81,"Whetstone":87,"Old Coin":74,"TheAbacus":61,"WristBlade":0,"Toolbox":91,"Tiny Chest":17,"Toxic Egg 2":48,"InkBottle":29,"Ring of the Snake":0,"MerchantsRug":26,"Pear":48,"Replay:Towering Pillar of Hats":91,"Guide Book":39,"Astrolabe":57,"Quantum Egg":71,"Pen Nib":23,"PreservedInsect":44,"War Paint":26,"Shuriken":10,"Bronze Scales":64,"Bird Faced Urn":71,"ReplayTheSpireMod:TigerMarble":91,"Durian":94,"Kintsugi":37,"Toy Ornithopter":51,"Pocketwatch":67}],"InkBottle":[59],"Toy Ornithopter":70,"Pocketwatch":[0]},"card_choices":[{"not_picked":["Underhanded Strike","PiercingWail"],"picked":"Backflip","floor":1.0},{"not_picked":["Flying Knee","Dagger Spray"],"picked":"Expertise","floor":2.0},{"not_picked":["Dagger Throw","Deflect"],"picked":"Masterful Stab","floor":5.0},{"not_picked":["Poisoned Stab","Outmaneuver","Slice"],"picked":"SKIP","floor":6.0},{"not_picked":["Die Die Die","Eviscerate"],"picked":"Finisher","floor":8.0},{"not_picked":["ReplayTheSpireMod:Exploit Weakness","Reflex"],"picked":"Blade Dance","floor":10.0},{"not_picked":["Prepared","Dagger Throw"],"picked":"Well Laid Plans","floor":12.0},{"not_picked":["Outmaneuver","Blade Dance"],"picked":"ReplayTheSpireMod:The Works","floor":14.0},{"not_picked":["ReplayTheSpireMod:Necrosis","Malaise"],"picked":"Replay:Bag of Tricks","floor":16.0},{"not_picked":["Deflect","Backflip"],"picked":"Backstab","floor":18},{"not_picked":["Expertise","Bane"],"picked":"Prepared","floor":22},{"not_picked":["Bane","Skewer"],"picked":"Blade Dance","floor":23},{"not_picked":["Dodge and Roll","Dagger Spray"],"picked":"ReplayTheSpireMod:Scrap Shanks","floor":24},{"not_picked":["Masterful Stab","Expertise+1"],"picked":"Prepared+1","floor":25},{"not_picked":["Dagger Spray+1","ReplayTheSpireMod:Speed Training+1"],"picked":"Prepared+1","floor":28},{"not_picked":["Bouncing Flask+1","Acrobatics+1"],"picked":"Venomology+1","floor":29},{"not_picked":["Caltrops","Riddle With Holes","Eviscerate"],"picked":"SKIP","floor":30},{"not_picked":["Dash","PiercingWail+1"],"picked":"ReplayTheSpireMod:Scrap Shanks","floor":31},{"not_picked":["Tools of the Trade","Bullet Time+1"],"picked":"Doppelganger+1","floor":33},{"not_picked":["Deflect+1","Dagger Spray+1","ReplayTheSpireMod:Scrap Shanks+1"],"picked":"SKIP","floor":35},{"not_picked":["Prepared+1","Calculated Gamble+1"],"picked":"Choke","floor":37},{"not_picked":["PiercingWail+1","Predator+1","Skewer+1"],"picked":"SKIP","floor":38},{"not_picked":["Noxious Fumes+1","Deadly Poison+1"],"picked":"ReplayTheSpireMod:Shiv Toss+1","floor":40},{"not_picked":["ReplayTheSpireMod:Scrap Shanks+1","Escape Plan+1","Underhanded Strike"],"picked":"SKIP","floor":44},{"not_picked":["Dodge and Roll+1","ReplayTheSpireMod:From All Sides","All Out Attack+1"],"picked":"SKIP","floor":45},{"not_picked":["PiercingWail+1","Flying Knee+1"],"picked":"Hidden Blade+1","floor":46},{"not_picked":["Poisoned Stab","Sucker Punch+1","Quick Slash"],"picked":"SKIP","floor":47},{"not_picked":["Leg Sweep+1","Eviscerate+1"],"picked":"Finisher+1","floor":48},{"not_picked":["ReplayTheSpireMod:Speed Training+1","Slice+1"],"picked":"Caltrops+1","floor":54}],"player_experience":18302,"relics_obtained":[{"floor":6.0,"key":"Tiny Chest"},{"floor":8.0,"key":"Pen Nib"},{"floor":10.0,"key":"War Paint"},{"floor":12.0,"key":"InkBottle"},{"floor":23,"key":"PreservedInsect"},{"floor":25,"key":"Pear"},{"floor":26,"key":"Toxic Egg 2"},{"floor":29,"key":"Toy Ornithopter"},{"floor":39,"key":"Bronze Scales"},{"floor":40,"key":"Pocketwatch"},{"floor":41,"key":"Bird Faced Urn"},{"floor":43,"key":"Quantum Egg"},{"floor":44,"key":"Old Coin"},{"floor":46,"key":"Juzu Bracelet"},{"floor":48,"key":"Whetstone"},{"floor":54,"key":"Durian"}],"event_choices":[{"damage_healed":0.0,"max_hp_gain":0.0,"max_hp_loss":0.0,"gold_gain":0.0,"event_name":"Big Fish","player_choice":"Box","floor":3.0,"gold_loss":0.0,"damage_taken":0.0,"relics_obtained":["Shuriken"],"cards_obtained":["Regret"]},{"damage_healed":0,"gold_gain":0,"player_choice":"Copied","damage_taken":0,"max_hp_gain":0,"max_hp_loss":0,"event_name":"Duplicator","floor":20,"gold_loss":0,"cards_obtained":["ReplayTheSpireMod:The Works"]},{"damage_healed":0,"gold_gain":0,"player_choice":"Fight","damage_taken":0,"max_hp_gain":0,"max_hp_loss":0,"event_name":"Mysterious Sphere","floor":41,"gold_loss":0}],"is_beta":false,"boss_relics":[{"not_picked":["Tiny House","SlaversCollar"],"picked":"Kintsugi"},{"not_picked":["Calling Bell","Busted Crown"],"picked":"Astrolabe"}],"items_purged_floors":[4,19,36],"is_endless":false,"potions_floor_spawned":[2,6,8,10,16,18,23,24,30,40,44,45,47,48],"ascension_level":2}}