{"host":"hqycvxi71pkyok08","time":1608607950,"event":{"mods":["2.2 Compatiblity","Act Like it!","BaseMod","Better Match","Downfall","Gensokyo","GifTheSpireLib","Hallownest","Hermit","Jorbs\u0027s Wanderer Trilogy","Marisa????????","Minty Spire (QoL Compilation)","Random Character Button","Remilia??????","StSLib","The Bug Knight","The Hierophant","The Servant 0.9.4"],"gold_per_floor":[114,39,39,50,67,67,92,17,17,17,29,60,60,60,60,158,158,172,97,97,20,30,30,62,78,78,78,78,394,394,414,414,516,516,548,572,509,536,91,11,40,40,40,40,59,70,70,83,83,83],"floor_reached":51,"playtime":4574,"items_purged":["Defend_RM","Defend_RM"],"score":855,"play_id":"3062e828-10c9-4cc2-adce-5b5902c18196","local_time":"20201221213230","is_ascension_mode":false,"campfire_choices":[{"data":"EternalNight","floor":6,"key":"SMITH"},{"data":"ScarletShoot","floor":10,"key":"SMITH"},{"floor":13,"key":"REST"},{"floor":15,"key":"REST"},{"data":"HeartBreak","floor":23,"key":"SMITH"},{"floor":28,"key":"REST"},{"floor":32,"key":"REST"},{"floor":49,"key":"REST"}],"circlet_count":0,"master_deck":["Strike_RM","Strike_RM","Strike_RM","Defend_RM","Defend_RM","RedMoon","ScarletShoot+1","EternalNight+1","expansioncontent:TimeRipple+1","NightLord","BloodyHallows","HeartBreak+1","ScarletCoffin","Stigmanizer+1","expansioncontent:StudyTheSpire+1","HunterOfTheNight","ScarletMeister+1","ScarletDream+1","Shame","Carnage","BloodyTrap","BatForm","CurseOfTheBell","Septette","BloodAndWine+1","ChaoticDestiny+1","BloodyMagicSquare+1","CurseOfVladTepes","VampireSweep","BlasphemousPunishment","MiserableFate+1"],"relics":["ScarletHat","TungstenRod","HornCleat","Calipers","Velvet Choker","The Courier","Letter Opener","Old Coin","Calling Bell","MawBank","Eternal Feather","Ginger","Oddly Smooth Stone","Bottled Tornado","Bottled Flame","Gensokyo:TheCrow","Bag of Preparation","Meat on the Bone"],"acts_visited":["Gensokyo:Gensokyo","Gensokyo:Gensokyoer","Gensokyo:Gensokyoest"],"potions_floor_usage":[18,33,33,33,50,50,50,50,50,50],"damage_taken":[{"damage":6,"enemies":"Gensokyo:2_Kodama","floor":1,"turns":4},{"damage":0,"enemies":"Gensokyo:Gryphon","floor":4,"turns":3},{"damage":0,"enemies":"Gensokyo:3_Fairies","floor":5,"turns":4},{"damage":7,"enemies":"Gensokyo:Aya","floor":7,"turns":6},{"damage":0,"enemies":"Gensokyo:2_Rabbits","floor":11,"turns":5},{"damage":48,"enemies":"Gensokyo:Mamizou","floor":12,"turns":10},{"damage":26,"enemies":"Gensokyo:Kokoro","floor":16,"turns":11},{"damage":7,"enemies":"Gensokyo:3_Dogs","floor":18,"turns":6},{"damage":0,"enemies":"Gensokyo:CosmicMonolith","floor":22,"turns":3},{"damage":27,"enemies":"Gensokyo:Koishi","floor":24,"turns":6},{"damage":19,"enemies":"Gensokyo:Chomper_and_Gloop","floor":25,"turns":6},{"damage":26,"enemies":"Gensokyo:Slime_Group","floor":29,"turns":5},{"damage":0,"enemies":"Gensokyo:Mirror_and_Dog","floor":31,"turns":2},{"damage":38,"enemies":"Gensokyo:Eiki","floor":33,"turns":5},{"damage":1,"enemies":"Gensokyo:3_Bats","floor":35,"turns":3},{"damage":9,"enemies":"Gensokyo:AncientGuardian","floor":36,"turns":5},{"damage":19,"enemies":"Gensokyo:3_Boulders","floor":38,"turns":7},{"damage":28,"enemies":"Gensokyo:Marisa","floor":41,"turns":3},{"damage":24,"enemies":"Gensokyo:AtlasGolem","floor":45,"turns":5},{"damage":33,"enemies":"Gensokyo:Sharpion","floor":46,"turns":3},{"damage":38,"enemies":"Gensokyo:SeedOfUnknown","floor":48,"turns":5},{"damage":44,"enemies":"Gensokyo:Yuyuko","floor":50,"turns":5}],"seed_played":"-7975656841739113886","potions_obtained":[{"floor":5,"key":"BlessingOfTheForge"},{"floor":12,"key":"DuplicationPotion"},{"floor":16,"key":"PowerPotion"},{"floor":18,"key":"LiquidMemories"},{"floor":25,"key":"CultistPotion"},{"floor":36,"key":"AttackPotion"},{"floor":41,"key":"Block Potion"},{"floor":46,"key":"EntropicBrew"}],"is_trial":false,"path_per_floor":["M","?","COS","M","M","R","E","$","T","R","M","E","R","?","R","B",null,"M","?","?","COS","M","R","E","M","T","?","R","M","?","M","R","B",null,"M","M","?","M","$","$","E","?","T","T","M","M","$","M","R","B",null],"character_chosen":"REMILIA","items_purchased":["CurseOfVladTepes","Oddly Smooth Stone","Bottled Tornado"],"campfire_rested":5,"item_purchase_floors":[39,39,39],"current_hp_per_floor":[76,76,76,76,76,76,70,70,70,70,74,29,53,53,77,66,82,80,80,80,80,81,81,59,40,40,40,64,38,38,38,62,55,82,81,73,73,63,63,63,41,41,41,41,62,53,53,29,71,71],"gold":83,"neow_bonus":"TEN_PERCENT_HP_BONUS","is_daily":false,"chose_seed":false,"campfire_upgraded":3,"win_rate":0.0,"timestamp":1608607950,"path_taken":["M","?","COS","?","M","R","E","?","T","R","M","E","R","?","R","BOSS","M","?","?","COS","M","R","E","?","T","?","R","M","?","M","R","BOSS","M","M","?","?","?","$","E","?","T","?","?","M","$","M","R","BOSS"],"items_purchased_type":["Card","Relic","Relic"],"build_version":"2020-12-13","purchased_purges":2,"victory":true,"max_hp_per_floor":[82,82,82,82,82,82,82,82,82,82,82,82,82,82,82,82,82,82,82,82,82,82,82,82,82,82,82,82,82,82,82,82,82,82,82,82,82,82,82,82,82,82,82,82,82,82,82,82,82,82],"card_choices":[{"not_picked":["UnderTheZenith","FitfulNightmare"],"picked":"EternalNight","floor":1},{"not_picked":["expansioncontent:DarkVoid+1","expansioncontent:Hexaburn+1"],"picked":"expansioncontent:TimeRipple+1","floor":2},{"not_picked":["RedRainbow","Septette"],"picked":"NightLord","floor":4},{"not_picked":["DiffusionOfMisfortune","UnstableMagic","DevilSight"],"picked":"SKIP","floor":5},{"not_picked":["BloodHunter","ScarletGensokyo"],"picked":"BloodyHallows","floor":7},{"not_picked":["ChainGang","ScarletDevil","SuperhumanBloodyKnife"],"picked":"SKIP","floor":11},{"not_picked":["StarOfDavid","BloodHunter"],"picked":"HeartBreak","floor":12},{"not_picked":["BloodyCatastrophe","EquivalentExchange"],"picked":"ScarletCoffin","floor":16},{"not_picked":["TwelveNightmare","CharismaGuard"],"picked":"Stigmanizer","floor":18},{"not_picked":["Secret Weapon+1","Panache+1"],"picked":"expansioncontent:StudyTheSpire+1","floor":19},{"not_picked":["ScarletImprint","UnderTheZenith"],"picked":"ScarletMeister","floor":22},{"not_picked":["ScarletDevil","ScarletNetherworld+1","ScarletImprint+1"],"picked":"SKIP","floor":24},{"not_picked":["EndlessAdversity+1","ScarletDevilSign"],"picked":"ScarletDream","floor":25},{"not_picked":["RedRainbow+1","ScarletMeister","UnderTheZenith"],"picked":"SKIP","floor":29},{"not_picked":["BloodHunter","CharismaGuard"],"picked":"BloodyTrap","floor":31},{"not_picked":["BloodySeventeenLaser","HellCatastrophe"],"picked":"BatForm","floor":33},{"not_picked":["VampireClaw+1","RedRainbow","RedMagic"],"picked":"SKIP","floor":35},{"not_picked":["ScarletDevil","MastersStateliness"],"picked":"Septette","floor":36},{"not_picked":["HunterOfTheNight+1","LeisurelyOfLord+1"],"picked":"BloodAndWine+1","floor":37},{"not_picked":["ScarletCoffin+1","HeartBreak+1"],"picked":"ChaoticDestiny+1","floor":37},{"not_picked":["VampireSweep+1","RedRainbow+1"],"picked":"BloodyMagicSquare+1","floor":38},{"not_picked":["TwelveNightmare","ForecastOfChange"],"picked":"VampireSweep","floor":41},{"not_picked":["ScarletImprint+1","DevilSight"],"picked":"BlasphemousPunishment","floor":45},{"not_picked":["ScarletImprint+1","ScarletGensokyo"],"picked":"MiserableFate+1","floor":46},{"not_picked":["VampireClaw+1","RedRainbow+1","BlasphemousPunishment"],"picked":"SKIP","floor":48}],"player_experience":139593,"relics_obtained":[{"floor":7,"key":"TungstenRod"},{"floor":9,"key":"HornCleat"},{"floor":12,"key":"Calipers"},{"floor":24,"key":"The Courier"},{"floor":26,"key":"Letter Opener"},{"floor":34,"key":"MawBank"},{"floor":34,"key":"Eternal Feather"},{"floor":34,"key":"Ginger"},{"floor":41,"key":"Bottled Flame"},{"floor":43,"key":"Bag of Preparation"},{"floor":44,"key":"Meat on the Bone"}],"event_choices":[{"damage_healed":0,"gold_gain":0,"player_choice":"2","damage_taken":0,"max_hp_gain":0,"max_hp_loss":0,"event_name":"betterMatch:BetterMatch","floor":2,"gold_loss":0,"cards_obtained":["betterMatch:ColorlessUncommonCard"]},{"damage_healed":0,"gold_gain":0,"player_choice":"2","damage_taken":0,"max_hp_gain":0,"max_hp_loss":0,"event_name":"betterMatch:BetterMatch","floor":19,"gold_loss":0,"cards_obtained":["betterMatch:ColorlessRareCard"]},{"damage_healed":0,"gold_gain":0,"player_choice":"2","damage_taken":0,"max_hp_gain":0,"max_hp_loss":0,"event_name":"betterMatch:BetterMatch","floor":37,"gold_loss":0,"cards_obtained":["betterMatch:UncommonCard","betterMatch:RareCard"]}],"is_beta":false,"boss_relics":[{"not_picked":["Tiny House","Runic Pyramid"],"picked":"Velvet Choker"},{"not_picked":["Black Star","Astrolabe"],"picked":"Calling Bell"}],"items_purged_floors":[8,40],"is_endless":false,"potions_floor_spawned":[5,12,16,24,25,31,36,41,46],"ascension_level":0}}