{"host":"uuef13iiy6j2c50k","time":1608597486,"event":{"mods":["BaseMod","Minty Spire (QoL Compilation)","Quick Restart","Relic Stats","Slay-I","StSLib","SuperFastMode"],"gold_per_floor":[116,116,116,116,116,116,152,173,173,24,57,81,81,105,105,226,226,241,156,181,181,181,219,219,242,242,342,342,386,386,243,243,369,369,394,260,260,311,334,334,353,353,353,391,391,391,391,391,391],"floor_reached":48,"playtime":1680,"items_purged":["Strike_G","Skewer+1"],"score":690,"play_id":"2ea3fdde-2917-495c-b731-d0cba1f538a2","local_time":"20201221143806","is_ascension_mode":true,"campfire_choices":[{"data":"Venomology","floor":6,"key":"SMITH"},{"data":"Deadly Poison","floor":13,"key":"SMITH"},{"data":"Footwork","floor":15,"key":"SMITH"},{"floor":24,"key":"RECALL"},{"floor":28,"key":"REST"},{"floor":30,"key":"REST"},{"floor":32,"key":"REST"},{"floor":40,"key":"REST"},{"floor":42,"key":"REST"}],"circlet_count":0,"master_deck":["Defend_G","Defend_G","Defend_G","Survivor","Neutralize","Backflip","Venomology+1","Deadly Poison+1","Footwork+1","Crippling Poison+1","Prepared+1","Well Laid Plans","PiercingWail+1","Burst+1","Bane+1","Crippling Poison+1","Bouncing Flask+1","Crippling Poison+1","Footwork","Night Terror+1","Deadly Poison+1","Flechettes+1","Calculated Gamble+1","Reflex+1","Panacea+1","Footwork","Prepared+1","Madness+1","Madness+1"],"relics":["Ring of the Snake","NeowsBlessing","Golden Idol","Letter Opener","Toxic Egg 2","Thread and Needle","Fusion Hammer","Ancient Tea Set","Du-Vu Doll","Pantograph","HornCleat","Astrolabe","Toy Ornithopter","Kunai","Juzu Bracelet"],"acts_visited":["Exordium","TheCity","TheBeyond"],"potions_floor_usage":[11,11,11,18,20,23,25,25,33,35,35,39,41,41,48,48],"damage_taken":[{"damage":0,"enemies":"Small Slimes","floor":1,"turns":1},{"damage":0,"enemies":"3 Sentries","floor":7,"turns":1},{"damage":0,"enemies":"2 Louse","floor":8,"turns":1},{"damage":22,"enemies":"Gremlin Nob","floor":11,"turns":4},{"damage":0,"enemies":"Jaw Worm","floor":12,"turns":3},{"damage":0,"enemies":"Large Slime","floor":14,"turns":8},{"damage":4,"enemies":"Hexaghost","floor":16,"turns":10},{"damage":0,"enemies":"3 Byrds","floor":18,"turns":3},{"damage":5,"enemies":"Chosen","floor":20,"turns":5},{"damage":7,"enemies":"Slavers","floor":23,"turns":3},{"damage":0,"enemies":"3 Cultists","floor":25,"turns":3},{"damage":0,"enemies":"Gremlin Leader","floor":29,"turns":3},{"damage":0,"enemies":"Automaton","floor":33,"turns":8},{"damage":0,"enemies":"3 Darklings","floor":35,"turns":3},{"damage":0,"enemies":"Orb Walker","floor":39,"turns":3},{"damage":5,"enemies":"Maw","floor":41,"turns":8},{"damage":2,"enemies":"Giant Head","floor":44,"turns":11},{"damage":65,"enemies":"Reptomancer","floor":48,"turns":2}],"seed_played":"8811447835075679089","potions_obtained":[{"floor":8,"key":"LiquidBronze"},{"floor":14,"key":"BlessingOfTheForge"},{"floor":16,"key":"Poison Potion"},{"floor":25,"key":"GamblersBrew"},{"floor":29,"key":"SkillPotion"},{"floor":33,"key":"SkillPotion"}],"is_trial":false,"path_per_floor":["M","?","?","?","?","R","E","M","T","$","E","M","R","M","R","B",null,"M","?","M","?","?","E","R","M","T","?","R","E","R","$","R","B",null,"M","$","?","T","M","R","M","R","T","E","?","?","?","E"],"character_chosen":"THE_SILENT","items_purchased":["Footwork","Crippling Poison+1","Footwork","Reflex+1"],"campfire_rested":5,"item_purchase_floors":[10,10,31,36],"current_hp_per_floor":[70,63,63,63,63,63,63,63,63,63,50,50,50,50,50,46,65,65,65,60,60,60,53,53,53,53,53,65,65,65,65,65,65,65,65,65,55,55,60,65,60,65,65,63,63,55,55,0,0],"gold":391,"neow_bonus":"THREE_ENEMY_KILL","is_daily":false,"chose_seed":false,"campfire_upgraded":3,"win_rate":0.0,"timestamp":1608597486,"path_taken":["M","?","?","?","?","R","E","M","T","$","E","M","R","M","R","BOSS","M","?","M","?","?","E","R","M","T","?","R","E","R","$","R","BOSS","M","?","?","?","M","R","M","R","T","E","?","?","?","E"],"items_purchased_type":["Card","Card","Card","Card"],"build_version":"2020-12-13","purchased_purges":2,"victory":false,"max_hp_per_floor":[70,70,65,65,65,65,65,65,65,65,65,65,65,65,65,65,65,65,65,65,65,65,65,65,65,65,65,65,65,65,65,65,65,65,65,65,65,65,65,65,65,65,65,65,65,65,65,65,65],"relic_stats":{"counters":[18,80],"Golden Idol":129,"Pantograph":0,"Astrolabe":["Deadly Poison","Skewer","Flechettes"],"Juzu Bracelet":1,"Letter Opener":[350],"Kunai":[0],"obtain_stats":[{"NeowsBlessing":0,"Golden Idol":3,"Astrolabe":34,"Thread and Needle":11,"Juzu Bracelet":44,"Letter Opener":7,"Ancient Tea Set":19,"Du-Vu Doll":21,"HornCleat":29,"Pantograph":23,"Fusion Hammer":17,"Kunai":43,"Toxic Egg 2":9,"Toy Ornithopter":38,"Ring of the Snake":0},{"NeowsBlessing":0,"Golden Idol":1,"Astrolabe":13,"Thread and Needle":4,"Juzu Bracelet":17,"Letter Opener":2,"Ancient Tea Set":8,"Du-Vu Doll":9,"HornCleat":12,"Pantograph":10,"Fusion Hammer":7,"Kunai":16,"Toxic Egg 2":3,"Toy Ornithopter":14,"Ring of the Snake":0},{"NeowsBlessing":0,"Golden Idol":1,"Astrolabe":53,"Thread and Needle":7,"Juzu Bracelet":78,"Letter Opener":2,"Ancient Tea Set":31,"Du-Vu Doll":36,"HornCleat":45,"Pantograph":39,"Fusion Hammer":28,"Kunai":67,"Toxic Egg 2":3,"Toy Ornithopter":56,"Ring of the Snake":0}],"Toy Ornithopter":15,"Ring of the Snake":[36]},"card_choices":[{"not_picked":["Flying Knee","Dodge and Roll"],"picked":"Backflip","floor":1},{"not_picked":["Dodge and Roll","Distraction","Slice"],"picked":"SKIP","floor":7},{"not_picked":["Blade Dance","Leg Sweep"],"picked":"Deadly Poison","floor":8},{"not_picked":["Calculated Gamble+1","Caltrops"],"picked":"Prepared+1","floor":11},{"not_picked":["Acrobatics+1","Dash"],"picked":"Well Laid Plans","floor":12},{"not_picked":["Prepared+1","Masterful Stab"],"picked":"PiercingWail+1","floor":14},{"not_picked":["Storm of Steel+1","Adrenaline+1"],"picked":"Burst+1","floor":16},{"not_picked":["Blur+1","Underhanded Strike+1"],"picked":"Bane+1","floor":18},{"not_picked":["PiercingWail+1","Flechettes"],"picked":"Crippling Poison+1","floor":20},{"not_picked":["Phantasmal Killer+1","Flying Knee"],"picked":"Crippling Poison+1","floor":23},{"not_picked":["Caltrops","Poisoned Stab","Dagger Throw+1"],"picked":"SKIP","floor":25},{"not_picked":["Flying Knee+1","Blade Dance+1","All Out Attack"],"picked":"SKIP","floor":29},{"not_picked":["After Image","Tools of the Trade"],"picked":"Night Terror+1","floor":33},{"not_picked":["Slice","Dagger Throw+1"],"picked":"Calculated Gamble+1","floor":35},{"not_picked":["HandOfGreed","Madness+1"],"picked":"Panacea+1","floor":37},{"not_picked":["Underhanded Strike+1","Heel Hook+1"],"picked":"Footwork","floor":39},{"not_picked":["All Out Attack","Crippling Poison+1","Quick Slash"],"picked":"SKIP","floor":41},{"not_picked":["Outmaneuver+1","Bane"],"picked":"Prepared+1","floor":44}],"player_experience":30700,"relics_obtained":[{"floor":7,"key":"Letter Opener"},{"floor":9,"key":"Toxic Egg 2"},{"floor":11,"key":"Thread and Needle"},{"floor":23,"key":"Pantograph"},{"floor":29,"key":"HornCleat"},{"floor":38,"key":"Toy Ornithopter"},{"floor":43,"key":"Kunai"},{"floor":44,"key":"Juzu Bracelet"}],"event_choices":[{"cards_removed":["Strike_G"],"damage_healed":0,"gold_gain":0,"player_choice":"Card Removal","damage_taken":7,"max_hp_gain":0,"max_hp_loss":0,"event_name":"Golden Wing","floor":2,"gold_loss":0},{"damage_healed":0,"gold_gain":0,"player_choice":"Lose Max HP","damage_taken":0,"relics_obtained":["Golden Idol"],"max_hp_gain":0,"max_hp_loss":5,"event_name":"Golden Idol","floor":3,"gold_loss":0},{"damage_healed":0,"gold_gain":0,"player_choice":"Ignored","damage_taken":0,"max_hp_gain":0,"max_hp_loss":0,"event_name":"Liars Game","floor":4,"gold_loss":0},{"damage_healed":0,"gold_gain":0,"cards_transformed":["Strike_G"],"player_choice":"Change","damage_taken":0,"max_hp_gain":0,"max_hp_loss":0,"event_name":"Living Wall","floor":5,"gold_loss":0,"cards_obtained":["Venomology"]},{"damage_healed":0,"gold_gain":0,"player_choice":"Obtained Relic","damage_taken":0,"relics_obtained":["Ancient Tea Set"],"max_hp_gain":0,"max_hp_loss":0,"event_name":"Addict","floor":19,"gold_loss":85},{"damage_healed":0,"gold_gain":0,"player_choice":"Opened","damage_taken":0,"relics_obtained":["Du-Vu Doll"],"max_hp_gain":0,"max_hp_loss":0,"event_name":"The Mausoleum","floor":21,"gold_loss":0},{"damage_healed":0,"gold_gain":0,"player_choice":"Read","damage_taken":0,"max_hp_gain":0,"max_hp_loss":0,"event_name":"The Library","floor":22,"gold_loss":0,"cards_obtained":["Bouncing Flask"]},{"damage_healed":0,"gold_gain":100,"player_choice":"Pray","damage_taken":0,"max_hp_gain":0,"max_hp_loss":0,"event_name":"Golden Shrine","floor":27,"gold_loss":0},{"damage_healed":0,"gold_gain":0,"player_choice":"Memory 3","damage_taken":10,"max_hp_gain":0,"max_hp_loss":0,"event_name":"SensoryStone","floor":37,"gold_loss":0},{"damage_healed":0,"gold_gain":0,"player_choice":"Ignored","damage_taken":0,"max_hp_gain":0,"max_hp_loss":0,"event_name":"SecretPortal","floor":45,"gold_loss":0},{"damage_healed":0,"gold_gain":0,"player_choice":"Embrace Madness","damage_taken":8,"max_hp_gain":0,"max_hp_loss":0,"event_name":"Winding Halls","floor":46,"gold_loss":0,"cards_obtained":["Madness","Madness"]},{"cards_removed":["Defend_G"],"damage_healed":0,"gold_gain":0,"player_choice":"Removed Skill","damage_taken":0,"max_hp_gain":0,"max_hp_loss":0,"event_name":"Falling","floor":47,"gold_loss":0}],"is_beta":false,"boss_relics":[{"not_picked":["Black Star","Busted Crown"],"picked":"Fusion Hammer"},{"not_picked":["WristBlade","Sozu"],"picked":"Astrolabe"}],"items_purged_floors":[31,36],"is_endless":false,"potions_floor_spawned":[8,14,16,25,29,33],"killed_by":"Reptomancer","ascension_level":3}}