{"host":"t179ovrkr5k1gnfh","time":1608646981,"event":{"mods":["AchievementEnabler","BaseMod","Colored Map","Downfall","Minty Spire (QoL Compilation)","StSLib"],"gold_per_floor":[99,99,115,115,127,52,52,37,37,66,66,83,83,99,116,219,219,219,231,231,251,268,268,318,243,328,328,363,396,321,346,362,457,457,457,485,510,131,144,176,176,207,224,224,224,224,224,224,242,242],"floor_reached":51,"playtime":2575,"items_purged":["Slimebound:Defend_Slimebound"],"score":916,"play_id":"627d1ce8-b67f-4779-9289-13ecc01d5392","local_time":"20201222152301","is_ascension_mode":true,"campfire_choices":[{"floor":1,"key":"RECALL"},{"data":"Slimebound:Split","floor":6,"key":"SMITH"},{"data":"Slimebound:CorrosiveSpit","floor":11,"key":"SMITH"},{"data":"Slimebound:GrowthPunch","floor":13,"key":"SMITH"},{"data":"Slimebound:LevelUp","floor":18,"key":"SMITH"},{"data":"Slimebound:LeadByExample","floor":23,"key":"SMITH"},{"data":"Slimebound:MassRepurpose","floor":25,"key":"SMITH"},{"data":"Slimebound:SplitMire","floor":27,"key":"SMITH"},{"floor":30,"key":"DIG"},{"floor":35,"key":"DIG"},{"data":"Slimebound:Nibble","floor":45,"key":"SMITH"},{"data":"Slimebound:Darklings","floor":47,"key":"SMITH"}],"circlet_count":0,"master_deck":["Slimebound:Strike_Slimebound","Slimebound:Strike_Slimebound","Slimebound:Tackle","Slimebound:Defend_Slimebound","Slimebound:Defend_Slimebound","Slimebound:Split+1","Slimebound:CorrosiveSpit+1","Slimebound:FinishingTackle","Slimebound:GrowthPunch+1","Slimebound:LevelUp+1","Slimebound:SplitMire+1","Slimebound:MassRepurpose+1","Slimebound:LeadByExample+1","Slimebound:SplitBruiser+1","Slimebound:SplitMire","Slimebound:SplitLeeching","Slimebound:TagTeam","Slimebound:Nibble+1","Slimebound:Darklings+1","expansioncontent:AwakenDeath","Slimebound:LeechEnergy+1"],"relics":["Slimebound:AbsorbEndCombat","TungstenRod","Anchor","downfall:HeartBlessingRed","Slimebound:MaxSlimesRelic","Letter Opener","Sozu","downfall:HeartBlessingBlue","WingedGreaves","Shovel","downfall:HeartBlessingGreen","Pantograph","Blood Vial","Philosopher\u0027s Stone","MawBank","Strange Spoon","PreservedInsect","White Beast Statue","Shuriken","Smiling Mask"],"acts_visited":["Exordium","TheCity","TheBeyond"],"potions_floor_usage":[16,16,29],"damage_taken":[{"damage":6,"enemies":"Jaw Worm","floor":3,"turns":3},{"damage":7,"enemies":"Cultist","floor":5,"turns":4},{"damage":10,"enemies":"downfall:FleeingMerchant","floor":8,"turns":4},{"damage":24,"enemies":"3 Sentries","floor":10,"turns":6},{"damage":9,"enemies":"Small Slimes","floor":12,"turns":3},{"damage":15,"enemies":"Exordium Thugs","floor":14,"turns":3},{"damage":14,"enemies":"Red Slaver","floor":15,"turns":3},{"damage":35,"enemies":"downfall:Defect","floor":16,"turns":5},{"damage":20,"enemies":"3 Byrds","floor":19,"turns":3},{"damage":22,"enemies":"Spheric Guardian","floor":21,"turns":3},{"damage":16,"enemies":"3 Cultists","floor":22,"turns":4},{"damage":29,"enemies":"Gremlin Leader","floor":28,"turns":4},{"damage":48,"enemies":"Slavers","floor":29,"turns":4},{"damage":20,"enemies":"Snake Plant","floor":32,"turns":3},{"damage":55,"enemies":"downfall:Ironclad","floor":33,"turns":6},{"damage":29,"enemies":"3 Darklings","floor":36,"turns":3},{"damage":12,"enemies":"Orb Walker","floor":37,"turns":2},{"damage":23,"enemies":"downfall:FleeingMerchant","floor":38,"turns":4},{"damage":12,"enemies":"4 Shapes","floor":39,"turns":2},{"damage":28,"enemies":"Giant Head","floor":40,"turns":5},{"damage":47,"enemies":"Reptomancer","floor":42,"turns":4},{"damage":29,"enemies":"Maw","floor":43,"turns":4},{"damage":34,"enemies":"Transient","floor":49,"turns":5},{"damage":51,"enemies":"downfall:Silent","floor":50,"turns":5}],"seed_played":"178535761105337375","potions_obtained":[{"floor":5,"key":"Swift Potion"},{"floor":12,"key":"BlessingOfTheForge"},{"floor":15,"key":"Swift Potion"}],"is_trial":false,"path_per_floor":["R","?","M","?","M","R","T","$","?","E","R","M","R","M","M","B",null,"R","M","?","M","M","R","T","R","?","R","E","E","R","T","M","B",null,"R","M","M","$","M","E","T","E","M","?","R","?","R","?","M","B",null],"character_chosen":"SLIMEBOUND","items_purchased":["Strange Spoon","PreservedInsect"],"campfire_rested":0,"item_purchase_floors":[38,38],"current_hp_per_floor":[54,54,54,49,50,50,50,54,54,45,45,50,50,50,53,44,52,52,50,50,46,54,54,54,64,53,53,59,56,56,56,64,51,61,61,64,64,64,64,64,64,51,64,64,64,64,64,64,64,44],"gold":242,"neow_bonus":"ONE_RARE_RELIC","is_daily":false,"chose_seed":false,"campfire_upgraded":9,"win_rate":0.0,"timestamp":1608646981,"path_taken":["R","?","?","?","M","R","T","?","?","E","R","?","R","M","M","BOSS","R","M","?","M","M","R","T","R","?","R","E","E","R","?","M","BOSS","R","M","M","$","M","E","T","E","M","?","R","?","R","?","M","BOSS"],"items_purchased_type":["Relic","Relic"],"build_version":"2020-12-13","purchased_purges":1,"victory":true,"max_hp_per_floor":[54,54,54,54,54,54,54,54,54,54,54,54,54,54,54,54,54,54,54,54,54,54,54,54,64,64,64,64,64,64,64,64,64,64,64,64,64,64,64,64,64,64,64,64,64,64,64,64,64,64],"card_choices":[{"not_picked":["Slimebound:SlimeSpikes","Slimebound:SplitBruiser"],"picked":"Slimebound:GrowthPunch","floor":3},{"not_picked":["Slimebound:Repurpose","Slimebound:DisruptingSlam","Slimebound:SamplingLick"],"picked":"SKIP","floor":5},{"not_picked":["Slimebound:HungryTackle","Slimebound:Schlurp","Slimebound:SplitLeeching"],"picked":"SKIP","floor":8},{"not_picked":["Slimebound:ViciousTackle","Slimebound:TagTeam"],"picked":"Slimebound:LevelUp","floor":10},{"not_picked":["Slimebound:LeadByExample","Slimebound:RainOfGoop","Slimebound:LeechingTouch"],"picked":"SKIP","floor":12},{"not_picked":["Slimebound:SlimeSpikes","Slimebound:Chomp"],"picked":"Slimebound:SplitMire","floor":14},{"not_picked":["Slimebound:SlimeSpikes","Slimebound:Nibble","Slimebound:GoopSpray"],"picked":"SKIP","floor":15},{"not_picked":["Slimebound:OozeBath","Slimebound:Recycling"],"picked":"Slimebound:MassRepurpose","floor":16},{"not_picked":["Slimebound:FlameTackle","Slimebound:LivingWall"],"picked":"Slimebound:LeadByExample","floor":19},{"not_picked":["Slimebound:ForwardTackle","Slimebound:Schlurp"],"picked":"Slimebound:SplitBruiser+1","floor":21},{"not_picked":["Slimebound:ItLooksTasty","Slimebound:ForwardTackle+1"],"picked":"Slimebound:SplitMire","floor":22},{"not_picked":["Slimebound:FirmFortitude+1","Slimebound:GrowthPunch"],"picked":"Slimebound:SplitLeeching","floor":28},{"not_picked":["Slimebound:DisruptingSlam+1","Slimebound:FinishingTackle","Slimebound:Grow"],"picked":"SKIP","floor":29},{"not_picked":["Slimebound:TongueLash","Slimebound:SplitAcid+1","Slimebound:FinishingTackle"],"picked":"SKIP","floor":32},{"not_picked":["Slimebound:DuplicatedForm","Slimebound:SlimeSlap"],"picked":"Slimebound:TagTeam","floor":33},{"not_picked":["Slimebound:RollThrough","Slimebound:GrowthPunch","Slimebound:SlimeSpikes+1"],"picked":"SKIP","floor":36},{"not_picked":["Slimebound:FinishingTackle+1","Slimebound:GoopSpray+1"],"picked":"Slimebound:Nibble","floor":37},{"not_picked":["Slimebound:Schlurp","Slimebound:SplitBruiser"],"picked":"Slimebound:SlimeBarrage","floor":38},{"not_picked":["Slimebound:GoopSpray+1","Slimebound:SlimeSpikes+1","Slimebound:DisruptingSlam"],"picked":"SKIP","floor":39},{"not_picked":["Slimebound:FirmFortitude+1","Slimebound:SamplingLick","Slimebound:SlimeSpikes+1"],"picked":"SKIP","floor":40},{"not_picked":["Slimebound:SlimeSpikes+1","Slimebound:ComboTackle","Slimebound:GrowthPunch+1"],"picked":"SKIP","floor":42},{"not_picked":["Slimebound:SplitLeeching+1","Slimebound:ComboTackle+1","Slimebound:RainOfGoop"],"picked":"SKIP","floor":43},{"not_picked":["expansioncontent:DefensiveStance","expansioncontent:PolyBeam"],"picked":"expansioncontent:AwakenDeath","floor":48},{"not_picked":["Slimebound:FinishingTackle+1","Slimebound:PressTheAttack+1"],"picked":"Slimebound:LeechEnergy+1","floor":49}],"player_experience":137647,"relics_obtained":[{"floor":7,"key":"Slimebound:MaxSlimesRelic"},{"floor":10,"key":"Letter Opener"},{"floor":28,"key":"WingedGreaves"},{"floor":29,"key":"Shovel"},{"floor":30,"key":"Pantograph"},{"floor":31,"key":"Blood Vial"},{"floor":35,"key":"MawBank"},{"floor":40,"key":"White Beast Statue"},{"floor":41,"key":"Shuriken"},{"floor":42,"key":"Smiling Mask"}],"event_choices":[{"damage_healed":0,"gold_gain":0,"cards_transformed":["Slimebound:Defend_Slimebound"],"player_choice":"Transformed","damage_taken":0,"max_hp_gain":0,"max_hp_loss":0,"event_name":"Transmorgrifier","floor":2,"gold_loss":0,"cards_obtained":["Slimebound:FinishingTackle"]},{"damage_healed":0,"gold_gain":0,"player_choice":"Success","damage_taken":7,"relics_obtained":["Anchor"],"max_hp_gain":0,"max_hp_loss":0,"event_name":"Scrap Ooze","floor":4,"gold_loss":0},{"cards_removed":["Slimebound:Strike_Slimebound"],"damage_healed":0,"gold_gain":0,"player_choice":"Offered Basic","damage_taken":0,"max_hp_gain":0,"max_hp_loss":0,"event_name":"Bonfire Elementals","floor":9,"gold_loss":0},{"damage_healed":0,"gold_gain":0,"player_choice":"Ignored","damage_taken":0,"max_hp_gain":0,"max_hp_loss":0,"event_name":"Vampires","floor":20,"gold_loss":0},{"cards_removed":["Slimebound:SlimeBarrage"],"damage_healed":0,"gold_gain":0,"player_choice":"Removed Attack","damage_taken":0,"max_hp_gain":0,"max_hp_loss":0,"event_name":"Falling","floor":44,"gold_loss":0}],"is_beta":false,"boss_relics":[{"not_picked":["Fusion Hammer","Calling Bell"],"picked":"Sozu"},{"not_picked":["Runic Pyramid","Slimebound:TarBlob"],"picked":"Philosopher\u0027s Stone"}],"items_purged_floors":[38],"is_endless":false,"potions_floor_spawned":[5,12,15,21,28,29,33,37,39,42,43,49],"ascension_level":5}}