{"host":"9fh35csyvbzgxvf9","time":1608599276,"event":{"mods":["BaseMod","Block Reminder","Colored Map","DeckTracker","Minty Spire (QoL Compilation)"],"gold_per_floor":[111,121,141,157,167,167,493,493,516,468,468,502,502,515,515,614,614,625,637,650,650,662,662,680,605,653,259,276,376,392,392,392,487,487,500,167,177,152,168,202,214,0,35,59,71,118,130,161,173,185],"floor_reached":51,"playtime":12707,"items_purged":["Strike_B","Strike_B"],"score":748,"play_id":"bd97c69f-e75c-40ac-bace-fce9670532c9","local_time":"20201221200756","is_ascension_mode":false,"campfire_choices":[{"data":"Zap","floor":6.0,"key":"SMITH"},{"data":"Dualcast","floor":8.0,"key":"SMITH"},{"floor":13.0,"key":"REST"},{"floor":15.0,"key":"REST"},{"floor":23.0,"key":"REST"},{"data":"Aggregate","floor":32.0,"key":"SMITH"},{"floor":47,"key":"REST"},{"data":"Creative AI","floor":49,"key":"SMITH"}],"circlet_count":0,"master_deck":["Strike_B","Defend_B+1","Defend_B+1","Defend_B","Zap+1","Dualcast+1","Beam Cell","Go for the Eyes","Cold Snap","Hologram","Loop","Beam Cell","Genetic Algorithm","Aggregate+1","All For One","Go for the Eyes","Beam Cell","Beam Cell","Auto Shields","Leap+1","Defragment","Undo","Beam Cell+1","Undo+1","Creative AI+1","CurseOfTheBell","Leap+1","Scrape","Buffer","Coolheaded+1","Redo+1","Streamline","Madness+1","Madness+1","Leap+1"],"relics":["FrozenCore","Old Coin","Pen Nib","Regal Pillow","Happy Flower","Ornamental Fan","CaptainsWheel","Toxic Egg 2","Calling Bell","Bag of Marbles","Meat on the Bone","Lizard Tail","Vajra","MawBank","Red Mask","Toy Ornithopter"],"acts_visited":["Exordium","TheCity","TheBeyond"],"potions_floor_usage":[40,46,46,50],"damage_taken":[{"damage":7.0,"enemies":"2 Louse","floor":1.0,"turns":2.0},{"damage":1.0,"enemies":"Jaw Worm","floor":2.0,"turns":3.0},{"damage":0.0,"enemies":"Cultist","floor":3.0,"turns":3.0},{"damage":8.0,"enemies":"3 Louse","floor":4.0,"turns":4.0},{"damage":0.0,"enemies":"Blue Slaver","floor":5.0,"turns":3.0},{"damage":22.0,"enemies":"3 Sentries","floor":7.0,"turns":8.0},{"damage":20.0,"enemies":"Gremlin Nob","floor":12.0,"turns":4.0},{"damage":0.0,"enemies":"Exordium Wildlife","floor":14.0,"turns":4.0},{"damage":36.0,"enemies":"The Guardian","floor":16.0,"turns":16.0},{"damage":4.0,"enemies":"Spheric Guardian","floor":18.0,"turns":6.0},{"damage":8.0,"enemies":"Chosen","floor":19.0,"turns":4.0},{"damage":23.0,"enemies":"Snake Plant","floor":20.0,"turns":4.0},{"damage":19.0,"enemies":"Snecko","floor":22.0,"turns":6.0},{"damage":1.0,"enemies":"Centurion and Healer","floor":24.0,"turns":6.0},{"damage":5.0,"enemies":"Snake Plant","floor":28.0,"turns":7.0},{"damage":6.0,"enemies":"Colosseum Slavers","floor":29.0,"turns":5.0},{"damage":0.0,"enemies":"Colosseum Nobs","floor":29.0,"turns":5.0},{"damage":1.0,"enemies":"Shelled Parasite and Fungi","floor":30.0,"turns":8.0},{"damage":0.0,"enemies":"Snecko","floor":31.0,"turns":3.0},{"damage":24.0,"enemies":"Champ","floor":33.0,"turns":16.0},{"damage":14.0,"enemies":"3 Shapes","floor":35.0,"turns":9.0},{"damage":6.0,"enemies":"Orb Walker","floor":37.0,"turns":5.0},{"damage":0.0,"enemies":"3 Darklings","floor":39.0,"turns":6.0},{"damage":1,"enemies":"Nemesis","floor":40,"turns":12},{"damage":27,"enemies":"Maw","floor":44,"turns":11},{"damage":34,"enemies":"Giant Head","floor":46,"turns":12},{"damage":0,"enemies":"Sphere and 2 Shapes","floor":48,"turns":9},{"damage":53,"enemies":"Awakened One","floor":50,"turns":21}],"seed_played":"271949484869437610","potions_obtained":[{"floor":1.0,"key":"LiquidBronze"},{"floor":5.0,"key":"PowerPotion"},{"floor":14.0,"key":"SmokeBomb"},{"floor":19.0,"key":"LiquidBronze"},{"floor":20.0,"key":"Explosive Potion"},{"floor":22.0,"key":"PowerPotion"},{"floor":33.0,"key":"Ancient Potion"},{"floor":35.0,"key":"FearPotion"},{"floor":39,"key":"BlessingOfTheForge"},{"floor":44,"key":"Swift Potion"}],"is_trial":false,"path_per_floor":["M","M","M","M","M","R","E","R","T","$","?","E","R","M","R","B",null,"M","M","M","?","M","R","M","?","T","$","M","?","M","M","R","B",null,"M","$","M","$","M","E","?","?","T","M","?","E","R","M","R","B",null],"character_chosen":"DEFECT","items_purchased":["Beam Cell","Defragment","Ornamental Fan","Vajra","Scrape","Coolheaded+1"],"campfire_rested":4,"item_purchase_floors":[10,27,27,36,36,38],"current_hp_per_floor":[75,74,74,66,66,66,44,44,44,44,28,8,47,47,82,46,82,78,70,47,47,28,67,66,66,66,66,61,55,54,54,54,30,82,68,68,62,62,62,61,51,51,51,36,36,14,53,53,53,46],"gold":197,"neow_bonus":"TEN_PERCENT_HP_BONUS","is_daily":false,"chose_seed":false,"campfire_upgraded":4,"win_rate":0.0,"timestamp":1608599276,"path_taken":["M","M","M","M","M","R","E","R","T","$","?","E","R","M","R","BOSS","M","M","M","?","M","R","?","?","T","$","M","?","M","M","R","BOSS","M","$","M","$","M","E","?","?","T","M","?","E","R","M","R","BOSS"],"items_purchased_type":["Card","Card","Relic","Relic","Card","Card"],"build_version":"2020-12-13","purchased_purges":2,"victory":true,"max_hp_per_floor":[82,82,82,82,82,82,82,82,82,82,82,82,82,82,82,82,82,82,82,82,82,82,82,82,82,82,82,82,82,82,82,82,82,82,82,82,82,82,82,82,82,82,82,82,82,82,82,82,82,82],"card_choices":[{"not_picked":["Lockon","Streamline"],"picked":"Beam Cell","floor":1.0},{"not_picked":["Barrage","Coolheaded"],"picked":"Go for the Eyes","floor":2.0},{"not_picked":["Storm","Blizzard"],"picked":"Cold Snap","floor":3.0},{"not_picked":["Rebound","Streamline"],"picked":"Hologram","floor":4.0},{"not_picked":["Recycle","Chill"],"picked":"Loop","floor":5.0},{"not_picked":["Hyperbeam","Thunder Strike","Chill"],"picked":"SKIP","floor":7.0},{"not_picked":["Streamline","Sunder"],"picked":"Genetic Algorithm","floor":12.0},{"not_picked":["Stack","Leap"],"picked":"Aggregate","floor":14.0},{"not_picked":["Amplify","Multi-Cast"],"picked":"All For One","floor":16.0},{"not_picked":["Fusion","Static Discharge"],"picked":"Go for the Eyes","floor":18.0},{"not_picked":["Conserve Battery","Ball Lightning"],"picked":"Beam Cell","floor":19.0},{"not_picked":["Compile Driver","Streamline+1"],"picked":"Beam Cell","floor":20.0},{"not_picked":["Turbo","Stack+1"],"picked":"Auto Shields","floor":22.0},{"not_picked":["Reboot","Coolheaded"],"picked":"Leap+1","floor":24.0},{"not_picked":["Steam","Streamline+1"],"picked":"Undo","floor":28.0},{"not_picked":["Scrape","Rebound"],"picked":"Beam Cell+1","floor":29.0},{"not_picked":["Darkness+1","Sunder"],"picked":"Undo+1","floor":30.0},{"not_picked":["Electrodynamics","Hyperbeam"],"picked":"Creative AI","floor":33.0},{"not_picked":["Sunder","Hello World+1"],"picked":"Leap+1","floor":35.0},{"not_picked":["Aggregate+1","Recycle+1"],"picked":"Buffer","floor":37.0},{"not_picked":["Lockon+1","Barrage"],"picked":"Redo+1","floor":39},{"not_picked":["Stack+1","Redo+1"],"picked":"Streamline","floor":40},{"not_picked":["Beam Cell+1","Hello World"],"picked":"Leap+1","floor":44},{"not_picked":["Beam Cell+1","Hyperbeam","Reinforced Body+1"],"picked":"SKIP","floor":46},{"not_picked":["Lockon","Sweeping Beam+1","Turbo+1"],"picked":"SKIP","floor":48}],"player_experience":243257,"relics_obtained":[{"floor":7.0,"key":"Old Coin"},{"floor":9.0,"key":"Pen Nib"},{"floor":12.0,"key":"Regal Pillow"},{"floor":26.0,"key":"Happy Flower"},{"floor":29.0,"key":"CaptainsWheel"},{"floor":29.0,"key":"Toxic Egg 2"},{"floor":34.0,"key":"Bag of Marbles"},{"floor":34.0,"key":"Meat on the Bone"},{"floor":34.0,"key":"Lizard Tail"},{"floor":40,"key":"MawBank"},{"floor":46,"key":"Toy Ornithopter"}],"event_choices":[{"damage_healed":0.0,"max_hp_gain":0.0,"max_hp_loss":0.0,"gold_gain":0.0,"event_name":"Shining Light","player_choice":"Entered Light","floor":11.0,"gold_loss":0.0,"damage_taken":16.0,"cards_upgraded":["Defend_B","Defend_B"]},{"damage_healed":0.0,"max_hp_gain":0.0,"max_hp_loss":0.0,"gold_gain":0.0,"event_name":"NoteForYourself","player_choice":"Ignored","floor":21.0,"gold_loss":0.0,"damage_taken":0.0},{"cards_removed":["Strike_B"],"damage_healed":0.0,"max_hp_gain":0.0,"max_hp_loss":0.0,"gold_gain":0.0,"event_name":"Beggar","player_choice":"Gave Gold","floor":25.0,"gold_loss":75.0,"damage_taken":0.0},{"damage_healed":0.0,"max_hp_gain":0.0,"max_hp_loss":0.0,"gold_gain":0.0,"event_name":"Colosseum","player_choice":"Fight","floor":29.0,"gold_loss":0.0,"damage_taken":0.0},{"damage_healed":0.0,"max_hp_gain":0.0,"max_hp_loss":0.0,"gold_gain":0.0,"event_name":"Colosseum","player_choice":"Fought Nobs","floor":29.0,"gold_loss":0.0,"damage_taken":0.0},{"damage_healed":0,"gold_gain":0,"player_choice":"Embrace Madness","damage_taken":10,"max_hp_gain":0,"max_hp_loss":0,"event_name":"Winding Halls","floor":41,"gold_loss":0,"cards_obtained":["Madness","Madness"]},{"damage_healed":0,"gold_gain":0,"player_choice":"Paid","damage_taken":0,"relics_obtained":["Red Mask"],"max_hp_gain":0,"max_hp_loss":0,"event_name":"Tomb of Lord Red Mask","floor":42,"gold_loss":226},{"cards_removed":["Defend_B"],"damage_healed":0,"gold_gain":0,"player_choice":"Offered Basic","damage_taken":0,"max_hp_gain":0,"max_hp_loss":0,"event_name":"Bonfire Elementals","floor":45,"gold_loss":0}],"is_beta":false,"boss_relics":[{"not_picked":["Velvet Choker","Astrolabe"],"picked":"FrozenCore"},{"not_picked":["Pandora\u0027s Box","Empty Cage"],"picked":"Calling Bell"}],"items_purged_floors":[27,36],"is_endless":false,"potions_floor_spawned":[1,5,14,19,20,22,33,35,39,44],"ascension_level":0}}