{"host":"chv1qanoipyt46jc","time":1608612843,"event":{"mods":["2.2 Compatiblity","AchievementEnabler","Bartender","BaseMod","BetterRewards","CapriCore","Card Filter","Conspire","Gold Saver","Grow up Mod","Minty Spire (QoL Compilation)","Rare Cards Sparkle","Relic Filter","Remove Card Discount Mod","Reorder Act Four","StSLib"],"gold_per_floor":[792,805,823,843,793,841,841,884,957,998,1044,899,930,930,930,1055,1055,1088,1088,1088,1088,1126,1126,1137,1186,1186,1186,1521,1567,1604,1638,1638,1743,1743,1774,1826,1826,1852,1901,1947,1984,1984,1984,1972,2030,2062,2104,2157,2157,2187,2187,2187,2187,2215,2246],"floor_reached":56,"playtime":2240,"items_purged":["Strike_Bartender","Strike_Bartender","Strike_Bartender","Strike_Bartender","Defend_Bartender","Defend_Bartender","Defend_Bartender","Defend_Bartender","Somersault","Fading_Blow","Power_Up_Punch+1","Greased_Lightning","Greased_Lightning","Snap_Punch","Snap_Punch"],"score":1771,"play_id":"2fb1c795-a3ae-4596-9ed0-f01a15d0ffee","local_time":"20201221225403","is_ascension_mode":false,"campfire_choices":[{"data":"Dolphin_Blow","floor":7,"key":"SMITH"},{"floor":15,"key":"RECALL"},{"data":"Dolphin_Blow","floor":23,"key":"SMITH"},{"data":"conspire:SpireCoStock","floor":27,"key":"SMITH"},{"data":"conspire:Banana","floor":32,"key":"SMITH"},{"data":"Bitters","floor":42,"key":"SMITH"}],"circlet_count":0,"master_deck":["conspire:Banana+1","conspire:SpireCoStock+1","Dolphin_Blow+1","Dolphin_Blow+1","Bitters+1","Bitters+1"],"relics":["Sneakers","Medical Kit","Omamori","Shuriken","Tiny Chest","PreservedInsect","Coffee Dripper","Pear","Ornamental Fan","Old Coin","SlaversCollar","WingedGreaves","Bottled Lightning","Water_Ring","Singing Bowl","War Paint","Cowboy_Hat","Darkstone Periapt","conspire:DeflatedDodgeball"],"acts_visited":["Exordium","TheCity","TheBeyond","TheEnding"],"potions_floor_usage":[55,55,55],"damage_taken":[{"damage":12,"enemies":"conspire:RoseBush","floor":1,"turns":2},{"damage":11,"enemies":"Jaw Worm","floor":2,"turns":2},{"damage":2,"enemies":"Small Slimes","floor":3,"turns":2},{"damage":13,"enemies":"2 Fungi Beasts","floor":4,"turns":3},{"damage":15,"enemies":"Gremlin Nob","floor":6,"turns":4},{"damage":12,"enemies":"Exordium Wildlife","floor":8,"turns":4},{"damage":7,"enemies":"Looter","floor":10,"turns":3},{"damage":23,"enemies":"Lagavulin","floor":11,"turns":5},{"damage":2,"enemies":"Exordium Thugs","floor":13,"turns":4},{"damage":35,"enemies":"Slime Boss","floor":16,"turns":10},{"damage":15,"enemies":"conspire:FuzzyDice","floor":18,"turns":4},{"damage":2,"enemies":"3 Byrds","floor":22,"turns":5},{"damage":18,"enemies":"Shelled Parasite and Fungi","floor":24,"turns":4},{"damage":0,"enemies":"conspire:Head Lice","floor":25,"turns":3},{"damage":16,"enemies":"Slavers","floor":28,"turns":2},{"damage":0,"enemies":"Centurion and Healer","floor":29,"turns":2},{"damage":6,"enemies":"Chosen and Byrds","floor":30,"turns":2},{"damage":6,"enemies":"Cultist and Chosen","floor":31,"turns":3},{"damage":11,"enemies":"conspire:MysteriousRune","floor":33,"turns":3},{"damage":25,"enemies":"3 Darklings","floor":35,"turns":3},{"damage":16,"enemies":"2 Orb Walkers","floor":36,"turns":2},{"damage":21,"enemies":"3 Shapes","floor":38,"turns":3},{"damage":11,"enemies":"Writhing Mass","floor":39,"turns":2},{"damage":12,"enemies":"3 Darklings","floor":40,"turns":3},{"damage":5,"enemies":"Reptomancer","floor":41,"turns":2},{"damage":0,"enemies":"Giant Head","floor":45,"turns":2},{"damage":5,"enemies":"4 Shapes","floor":46,"turns":2},{"damage":0,"enemies":"Nemesis","floor":47,"turns":1},{"damage":0,"enemies":"Reptomancer","floor":48,"turns":2},{"damage":17,"enemies":"Time Eater","floor":50,"turns":2},{"damage":0,"enemies":"Shield and Spear","floor":54,"turns":1},{"damage":68,"enemies":"The Heart","floor":55,"turns":4}],"seed_played":"5550470287826864952","potions_obtained":[{"floor":6,"key":"Dexterity Potion"},{"floor":10,"key":"Ancient Potion"},{"floor":16,"key":"CultistPotion"},{"floor":54,"key":"Fire Potion"}],"is_trial":false,"path_per_floor":["M","M","M","M","?","E","R","M","T","M","E","$","M","$","R","B",null,"M","$","?","?","M","R","M","E","T","R","E","M","M","M","R","B",null,"M","?","T","M","M","M","E","R","T","$","E","M","E","E","R","B",null,"$","R","E","B",null],"character_chosen":"BARTENDER","items_purchased":["Greased_Lightning","Greased_Lightning","Medical Kit","conspire:Banana","Snap_Punch","Omamori","Shuriken","Fading_Blow","Dolphin_Blow"],"campfire_rested":0,"item_purchase_floors":[0,0,0,0,0,0,0,0,12],"current_hp_per_floor":[37,37,46,44,54,50,60,59,69,73,61,71,80,90,100,76,260,256,266,276,286,295,305,299,320,330,340,335,346,351,357,367,368,452,439,435,445,436,437,437,444,454,464,474,488,497,511,525,535,530,652,662,672,686,630],"gold":2246,"neow_bonus":"","is_daily":false,"chose_seed":false,"campfire_upgraded":5,"win_rate":0.0,"timestamp":1608612843,"path_taken":["M","M","M","M","?","E","R","M","T","M","E","$","M","$","R","BOSS","M","$","?","?","M","R","M","E","T","R","E","M","M","M","R","BOSS","M","?","?","M","M","M","E","R","T","$","E","M","E","E","R","BOSS","$","R","E","BOSS"],"items_purchased_type":["Card","Card","Relic","Card","Card","Relic","Relic","Card","Card"],"build_version":"2020-12-13","purchased_purges":15,"victory":true,"max_hp_per_floor":[91,102,113,124,134,145,155,166,176,187,198,208,219,229,239,250,260,271,281,291,301,312,322,334,355,365,375,386,397,408,420,430,442,452,464,476,486,498,510,522,534,544,554,564,578,592,606,620,630,642,652,662,672,686,698],"card_choices":[{"not_picked":["Stick_and_Move","OpoOpo_Form","Center_Self"],"picked":"SKIP","floor":1},{"not_picked":["Fading_Blow","Sucker_Punch","Coeurl_Form"],"picked":"SKIP","floor":2},{"not_picked":["Hook","Rising_Crane","Free_Pour"],"picked":"SKIP","floor":3},{"not_picked":["Ripple","Patience","Step_Of_The_Wind"],"picked":"SKIP","floor":4},{"not_picked":["Wall_of_Ice","With_A_Twist"],"picked":"Dolphin_Blow","floor":6},{"not_picked":["Greased_Lightning","OpoOpo_Form","Surge"],"picked":"SKIP","floor":8},{"not_picked":["Coeurl_Form","Center_Self","With_A_Twist"],"picked":"SKIP","floor":10},{"not_picked":["On_The_House","Stick_and_Move","Dragonkick"],"picked":"SKIP","floor":11},{"not_picked":["On_The_Rocks","Bloodbath_Bartender","Form_Shift"],"picked":"SKIP","floor":13},{"not_picked":["Glare","With_A_Twist","Stick_and_Move"],"picked":"SKIP","floor":18},{"not_picked":["Ripple","Cross+1","Sucker_Punch"],"picked":"SKIP","floor":22},{"not_picked":["Ball_Of_Ice","Alacrity"],"picked":"Power_Up_Punch+1","floor":24},{"not_picked":["Waterkick","Alacrity","Tornado_Kick+1"],"picked":"SKIP","floor":25},{"not_picked":["Greased_Lightning","Bicycle_Kick+1","Well_Drinks"],"picked":"SKIP","floor":28},{"not_picked":["Glare","Ripple+1","Snap_Punch"],"picked":"SKIP","floor":29},{"not_picked":["Glare","Ripple+1"],"picked":"Snap_Punch","floor":29},{"not_picked":["Dart+1","Alacrity","Waterkick"],"picked":"SKIP","floor":30},{"not_picked":["Waterkick","Ripple","Combo_Master"],"picked":"SKIP","floor":31},{"not_picked":["Foot_Thrust+1","Ripple","Fight_Dirty+1"],"picked":"SKIP","floor":35},{"not_picked":["Bloodbath_Bartender+1","Dart","Wall_of_Ice"],"picked":"SKIP","floor":38},{"not_picked":["Meteodrive+1","Ripple+1","Raptor_Form+1"],"picked":"SKIP","floor":39},{"not_picked":["Ball_Of_Ice+1","Pony_Shot"],"picked":"Bitters","floor":40},{"not_picked":["Ball_Of_Ice+1","Rising_Crane"],"picked":"Bitters+1","floor":41},{"not_picked":["Fight_Dirty","On_The_Rocks+1","Bloodbath_Bartender+1"],"picked":"Singing Bowl","floor":45},{"not_picked":["Power_Up_Punch+1","Hook","Waterkick+1"],"picked":"Singing Bowl","floor":46},{"not_picked":["With_A_Twist+1","Tornado_Kick","Vortex"],"picked":"Singing Bowl","floor":47},{"not_picked":["Bitters+1","Patience","Glare"],"picked":"Singing Bowl","floor":48},{"not_picked":["Foot_Thrust+1","Vortex+","OpoOpo_Form+1"],"picked":"Singing Bowl","floor":54}],"player_experience":353027,"relics_obtained":[{"floor":6,"key":"Tiny Chest"},{"floor":11,"key":"PreservedInsect"},{"floor":25,"key":"Pear"},{"floor":26,"key":"Ornamental Fan"},{"floor":28,"key":"Old Coin"},{"floor":36,"key":"WingedGreaves"},{"floor":37,"key":"Bottled Lightning"},{"floor":41,"key":"Water_Ring"},{"floor":43,"key":"Singing Bowl"},{"floor":45,"key":"War Paint"},{"floor":47,"key":"Cowboy_Hat"},{"floor":48,"key":"Darkstone Periapt"},{"floor":54,"key":"conspire:DeflatedDodgeball"}],"event_choices":[{"damage_healed":0,"gold_gain":0,"player_choice":"Invest 1","damage_taken":0,"max_hp_gain":0,"max_hp_loss":0,"event_name":"conspire:Investor","floor":5,"gold_loss":0},{"damage_healed":0,"gold_gain":0,"player_choice":"Ignored","damage_taken":0,"max_hp_gain":0,"max_hp_loss":0,"event_name":"Cursed Tome","floor":20,"gold_loss":0},{"damage_healed":0,"gold_gain":0,"player_choice":"Ignored","damage_taken":0,"max_hp_gain":0,"max_hp_loss":0,"event_name":"Beggar","floor":21,"gold_loss":0},{"damage_healed":0,"gold_gain":0,"player_choice":"Fight","damage_taken":0,"max_hp_gain":0,"max_hp_loss":0,"event_name":"Mysterious Sphere","floor":36,"gold_loss":0}],"is_beta":false,"boss_relics":[{"not_picked":["Runic Dome","conspire:SlowCooker"],"picked":"Coffee Dripper"},{"not_picked":["Runic Pyramid","Tiny House"],"picked":"SlaversCollar"}],"items_purged_floors":[0,0,0,0,0,0,0,0,12,44,44,44,44,44,44],"is_endless":false,"potions_floor_spawned":[6,8,10,16,22,25,29,33,35,38,45,47,54],"ascension_level":0}}