{"host":"sbc312dehzkmua2p","time":1608609659,"event":{"mods":["Act Like it!","Aspiration","Bard","BaseMod","Beaked The Cultist","CatGirl Mod","Conspire","Downfall","Friendly Minions","Gensokyo","Hermit","Hubris","Infinite Spire","Jorbs\u0027s Wanderer Trilogy","Kiyohime????","Koishi","Lobotomy","Marisa????????","Minty Spire (QoL Compilation)","Quick Restart","READ ME - Guardian Mod","Reimu??????","Replay The Spire","StSLib","The Construct","The Disciple","The Druid","The Factory","The Gatherer","The Hierophant","The Judge","The Jungle","The Mystic","The Necromancer","The Runesmith","The Senshi","The Servant 0.9.4","TheBandit","thorton"],"gold_per_floor":[117,62,107,5,5,5,71,71,95,95,150,150,212,282,282,352,352,352],"floor_reached":16,"playtime":951,"items_purged":[],"score":106,"play_id":"190c4048-57dc-4e13-a76b-03bfd019a94b","local_time":"20201221220059","is_ascension_mode":false,"campfire_choices":[{"floor":6,"key":"REST"},{"floor":8,"key":"REST"},{"floor":12,"key":"RECALL"},{"floor":15,"key":"REST"}],"circlet_count":0,"master_deck":["thethorton:Strike","thethorton:Strike","thethorton:Strike","thethorton:Strike","thethorton:Defend","thethorton:Defend","thethorton:Defend","thethorton:Defend","thethorton:Heckle","thethorton:CreditCard","Normality","Gensokyo:UnlikelyAid+1","thethorton:ROI+1","thethorton:ThickSkin","thethorton:FearfulRun","Injury","thethorton:ShoutAndRun","thethorton:LongTermPayoff","thethorton:CashBash"],"relics":["thethorton:CouragePotion","Oddly Smooth Stone","Juzu Bracelet","ReplayTheSpireMod:Shallot","Omamori","Orichalcum"],"acts_visited":["Gensokyo:Gensokyo"],"potions_floor_usage":[7,14],"damage_taken":[{"damage":19,"enemies":"Gensokyo:2_Kodama","floor":1,"turns":9},{"damage":10,"enemies":"Gensokyo:Gryphon","floor":3,"turns":6},{"damage":14,"enemies":"Gensokyo:Mamizou","floor":7,"turns":7},{"damage":0,"enemies":"Gensokyo:3_Fairies","floor":11,"turns":5},{"damage":22,"enemies":"conspire:MimicChest","floor":13,"turns":7},{"damage":16,"enemies":"Gensokyo:Cirno","floor":14,"turns":7},{"damage":54,"enemies":"Gensokyo:Kokoro","floor":16,"turns":13}],"seed_played":"-4938034187058034470","potions_obtained":[{"floor":3,"key":"BlessingOfTheForge"},{"floor":13,"key":"AttackPotion"}],"is_trial":false,"path_per_floor":["M","$","M","COS","?","R","E","R","T","?","M","R","?","?","R","B"],"character_chosen":"THE_THORT","items_purchased":["thethorton:ROI+1"],"campfire_rested":3,"item_purchase_floors":[2],"current_hp_per_floor":[31,31,21,21,21,41,27,47,47,47,47,47,25,9,29,0,0,0],"gold":352,"neow_bonus":"THREE_RARE_CARDS","is_daily":false,"chose_seed":false,"campfire_upgraded":0,"win_rate":0.0,"timestamp":1608609659,"path_taken":["M","$","M","COS","?","R","E","R","T","?","M","R","?","?","R","BOSS"],"items_purchased_type":["Card"],"build_version":"2020-12-13","purchased_purges":0,"victory":false,"max_hp_per_floor":[68,68,68,68,68,68,68,68,68,68,68,68,68,68,68,68,68,68],"card_choices":[{"not_picked":["thethorton:Fatigue","thethorton:DodgeAndRollAndRun"],"picked":"thethorton:GoldenPetal","floor":0},{"not_picked":["stsjorbsmod:HoldMonster","ConjureBlade"],"picked":"Gensokyo:UnlikelyAid","floor":1},{"not_picked":["thethorton:BusinessBurst","thethorton:StampSmack"],"picked":"thethorton:ThickSkin","floor":3},{"not_picked":["thethorton:StumblingSlap","thethorton:BoardroomBlast"],"picked":"thethorton:FearfulRun","floor":7},{"not_picked":["thethorton:PocketChange","thethorton:GemGun"],"picked":"thethorton:ShoutAndRun","floor":11},{"not_picked":["thethorton:StumblingSlap","thethorton:DualBap"],"picked":"thethorton:LongTermPayoff","floor":13},{"not_picked":["thethorton:DualBap","thethorton:OddChange"],"picked":"thethorton:CashBash","floor":14}],"player_experience":832377,"relics_obtained":[{"floor":7,"key":"Oddly Smooth Stone"},{"floor":9,"key":"Juzu Bracelet"},{"floor":13,"key":"Omamori"},{"floor":14,"key":"Orichalcum"}],"event_choices":[],"is_beta":false,"boss_relics":[],"items_purged_floors":[],"is_endless":false,"potions_floor_spawned":[3,13],"killed_by":"Gensokyo:Kokoro","ascension_level":0}}