{"host":"etaq29tqikxfqxk8","time":1608679005,"event":{"mods":["AchievementEnabler","BaseMod","Better Third Choice","BetterRewards","Colored Map","Colored Powertips","Minty Spire (QoL Compilation)","Rare Cards Sparkle","Shop Mod","StSLib","yUi"],"gold_per_floor":[117,43,43,58,58,58,89,89,114,25,25,25,25,43,43,166,166,186,101,26,49,62,62,62,62],"floor_reached":24,"playtime":1148,"items_purged":[],"score":217,"play_id":"b5ba2893-fd46-4469-8906-d3a1e3c9e020","local_time":"20201223001645","is_ascension_mode":false,"campfire_choices":[{"data":"Ball Lightning","floor":6,"key":"SMITH"},{"data":"Darkness","floor":12,"key":"SMITH"},{"data":"Streamline","floor":15,"key":"SMITH"},{"floor":23,"key":"REST"}],"circlet_count":0,"master_deck":["Strike_B","Strike_B","Strike_B","Strike_B","Defend_B","Defend_B","Defend_B","Defend_B","Zap","Dualcast","Streamline+1","Fusion+1","Ball Lightning+1","Chaos","Injury","Darkness+1","Leap","All Out Attack","Reprogram","Reboot","Coolheaded+1","Capacitor","Consume+1","Steam+1"],"relics":["Cracked Core","NeowsBlessing","Letter Opener","Golden Idol","Oddly Smooth Stone","Pantograph","Toy Ornithopter","Philosopher\u0027s Stone","Toxic Egg 2"],"acts_visited":["Exordium","TheCity"],"potions_floor_usage":[22],"damage_taken":[{"damage":0,"enemies":"2 Louse","floor":1,"turns":1},{"damage":0,"enemies":"Cultist","floor":4,"turns":1},{"damage":0,"enemies":"Lagavulin","floor":7,"turns":1},{"damage":5,"enemies":"Jaw Worm","floor":14,"turns":2},{"damage":52,"enemies":"Hexaghost","floor":16,"turns":9},{"damage":26,"enemies":"Shell Parasite","floor":18,"turns":5},{"damage":47,"enemies":"3 Byrds","floor":21,"turns":5},{"damage":10,"enemies":"Sentry and Sphere","floor":22,"turns":4},{"damage":32,"enemies":"Snake Plant","floor":24,"turns":3}],"seed_played":"6464318092474774563","potions_obtained":[{"floor":7,"key":"Swift Potion"},{"floor":14,"key":"Explosive Potion"},{"floor":21,"key":"Regen Potion"}],"is_trial":false,"path_per_floor":["M","$","?","M","?","R","E","?","T","$","T","R","?","M","R","B",null,"M","?","$","M","M","R","M"],"character_chosen":"DEFECT","items_purchased":["Fusion","Darkness","Leap","Capacitor"],"campfire_rested":1,"item_purchase_floors":[2,10,10,20],"current_hp_per_floor":[75,75,75,75,75,75,75,75,75,75,75,75,63,58,58,23,75,49,49,49,2,9,31,0,0],"gold":62,"neow_bonus":"THREE_ENEMY_KILL","is_daily":false,"chose_seed":false,"campfire_upgraded":3,"win_rate":0.0,"timestamp":1608679005,"path_taken":["M","$","?","?","?","R","E","?","T","?","?","R","?","M","R","BOSS","M","?","?","M","M","R","?"],"items_purchased_type":["Card","Card","Card","Card"],"build_version":"2020-12-13","purchased_purges":0,"victory":false,"max_hp_per_floor":[75,75,75,75,75,75,75,75,75,75,75,75,75,75,75,75,75,75,75,75,75,75,75,75,75],"card_choices":[{"not_picked":["FTL","Scrape"],"picked":"Streamline","floor":1},{"not_picked":["Streamline","Aggregate"],"picked":"Ball Lightning","floor":4},{"not_picked":["Barrage","Heatsinks"],"picked":"Chaos","floor":7},{"not_picked":["Hologram","FTL"],"picked":"Reprogram","floor":14},{"not_picked":["Multi-Cast","Seek"],"picked":"Reboot","floor":16},{"not_picked":["Scrape","Ball Lightning"],"picked":"Coolheaded+1","floor":18},{"not_picked":["Beam Cell","Cold Snap"],"picked":"Consume+1","floor":21},{"not_picked":["Go for the Eyes","Gash+1"],"picked":"Steam+1","floor":22}],"player_experience":26884,"relics_obtained":[{"floor":7,"key":"Letter Opener"},{"floor":9,"key":"Oddly Smooth Stone"},{"floor":11,"key":"Pantograph"}],"event_choices":[{"damage_healed":0,"gold_gain":0,"player_choice":"Upgraded","damage_taken":0,"max_hp_gain":0,"max_hp_loss":0,"event_name":"Upgrade Shrine","floor":3,"gold_loss":0,"cards_upgraded":["Fusion"]},{"damage_healed":0,"gold_gain":0,"player_choice":"Leave","damage_taken":0,"max_hp_gain":0,"max_hp_loss":0,"event_name":"The Cleric","floor":5,"gold_loss":0},{"damage_healed":0,"gold_gain":0,"player_choice":"Take Wound","damage_taken":0,"relics_obtained":["Golden Idol"],"max_hp_gain":0,"max_hp_loss":0,"event_name":"Golden Idol","floor":8,"gold_loss":0,"cards_obtained":["Injury"]},{"damage_healed":0,"gold_gain":0,"player_choice":"Obtained Relic","damage_taken":0,"relics_obtained":["Toxic Egg 2"],"max_hp_gain":0,"max_hp_loss":0,"event_name":"Addict","floor":19,"gold_loss":85}],"is_beta":false,"boss_relics":[{"not_picked":["Fusion Hammer","Calling Bell"],"picked":"Philosopher\u0027s Stone"}],"items_purged_floors":[],"is_endless":false,"potions_floor_spawned":[7,14,21],"killed_by":"Snake Plant","ascension_level":0}}