{"host":"u8v3smlhv612t412","time":1608644273,"event":{"mods":["BaseMod","Better Altar","Better Match","Better Note","Better Skull","Better Third Choice","BetterRewards","Colored Powertips","DeckTracker","Minty Spire (QoL Compilation)","Quick Restart","Rare Cards Sparkle","Relic Stats","Spicy Shops","StSLib","slay the spire mod where everything is the same but ironclad has a cowboy hat"],"gold_per_floor":[111,121,46,46,146,146,21,21,21,39,39,39],"floor_reached":11,"playtime":328,"items_purged":["Strike_P","Decay","Strike_P"],"score":64,"play_id":"325a633b-3c41-4ad4-ba37-7d220a3a1fd4","local_time":"20201222083753","is_ascension_mode":true,"campfire_choices":[{"data":"DevaForm","floor":6,"key":"SMITH"},{"data":"Eruption","floor":8,"key":"SMITH"}],"circlet_count":0,"master_deck":["Strike_P","Strike_P","Defend_P","Defend_P","Defend_P","Defend_P","Eruption+1","Vigilance","LikeWater","InnerPeace","ClearTheMind","DevaForm+1","Tantrum","SashWhip","ForeignInfluence","FearNoEvil","Establishment+1","FlurryOfBlows"],"relics":["PureWater","Juzu Bracelet","Ancient Tea Set","Golden Idol","Sundial"],"acts_visited":["Exordium"],"potions_floor_usage":[11],"damage_taken":[{"damage":6,"enemies":"2 Louse","floor":1,"turns":3},{"damage":0,"enemies":"Cultist","floor":2,"turns":2},{"damage":0,"enemies":"Small Slimes","floor":10,"turns":3},{"damage":48,"enemies":"Lagavulin","floor":11,"turns":5}],"seed_played":"1555635329814113696","potions_obtained":[{"floor":1,"key":"DuplicationPotion"},{"floor":10,"key":"SteroidPotion"}],"is_trial":false,"path_per_floor":["M","M","?","?","?","R","$","R","T","M","E"],"character_chosen":"WATCHER","items_purchased":["LikeWater","InnerPeace","ClearTheMind","Juzu Bracelet","Ancient Tea Set","DevaForm","Tantrum","SashWhip","Ancient Potion"],"campfire_rested":0,"item_purchase_floors":[0,0,0,0,0,0,0,0,0],"current_hp_per_floor":[34,34,34,34,34,34,34,34,34,34,0,0],"gold":39,"neow_bonus":"","is_daily":false,"chose_seed":false,"campfire_upgraded":2,"win_rate":0.0,"timestamp":1608644273,"path_taken":["M","M","?","?","?","R","$","R","T","M","E"],"items_purchased_type":["Card","Card","Card","Relic","Relic","Card","Card","Card","Potion"],"build_version":"2020-12-13","purchased_purges":3,"victory":false,"max_hp_per_floor":[72,72,72,67,67,67,67,67,67,67,67,67],"relic_stats":{"counters":[71,273],"Golden Idol":4,"Sundial":[0],"Juzu Bracelet":0,"obtain_stats":[{"Lantern":0,"Tiny House":17,"Torii":0,"Nilry\u0027s Codex":21,"CeramicFish":0,"SacredBark":34,"Juzu Bracelet":0,"TeardropLocket":9,"Ginger":25,"Smiling Mask":9,"Ancient Tea Set":0,"Matryoshka":0,"Sundial":30,"Mummified Hand":0,"Strawberry":0,"VioletLotus":17,"Toxic Egg 2":13,"InkBottle":26,"Pear":7,"Happy Flower":26,"Golden Idol":4,"Blue Candle":5,"PreservedInsect":7,"Omamori":19,"Letter Opener":10,"War Paint":27,"Frozen Egg 2":0,"Orichalcum":24,"Anchor":24,"Bottled Flame":7,"Molten Egg 2":0,"Art of War":21,"Bag of Marbles":0,"Membership Card":0,"PureWater":0},{"Lantern":0,"Tiny House":10,"Torii":16,"Nilry\u0027s Codex":64,"CeramicFish":16,"SacredBark":33,"Juzu Bracelet":48,"TeardropLocket":6,"Ginger":30,"Smiling Mask":47,"Ancient Tea Set":48,"Matryoshka":37,"Sundial":32,"Mummified Hand":52,"Strawberry":48,"VioletLotus":25,"Toxic Egg 2":8,"InkBottle":30,"Pear":57,"Happy Flower":65,"Golden Idol":69,"Blue Candle":19,"PreservedInsect":41,"Omamori":26,"Letter Opener":7,"War Paint":31,"Frozen Egg 2":42,"Orichalcum":65,"Anchor":15,"Bottled Flame":21,"Molten Egg 2":52,"Art of War":27,"Bag of Marbles":37,"Membership Card":42,"PureWater":0},{"Lantern":0,"Tiny House":38,"Torii":70,"Nilry\u0027s Codex":249,"CeramicFish":70,"SacredBark":130,"Juzu Bracelet":192,"TeardropLocket":22,"Ginger":117,"Smiling Mask":186,"Ancient Tea Set":192,"Matryoshka":143,"Sundial":125,"Mummified Hand":207,"Strawberry":192,"VioletLotus":97,"Toxic Egg 2":31,"InkBottle":117,"Pear":222,"Happy Flower":255,"Golden Idol":265,"Blue Candle":77,"PreservedInsect":164,"Omamori":100,"Letter Opener":28,"War Paint":121,"Frozen Egg 2":166,"Orichalcum":255,"Anchor":65,"Bottled Flame":85,"Molten Egg 2":207,"Art of War":103,"Bag of Marbles":143,"Membership Card":166,"PureWater":0}]},"card_choices":[{"not_picked":["PathToVictory","FlurryOfBlows"],"picked":"ForeignInfluence","floor":1},{"not_picked":["JustLucky","WaveOfTheHand"],"picked":"FearNoEvil","floor":2},{"not_picked":["DeusExMachina+1","LessonLearned+1"],"picked":"Establishment+1","floor":3},{"not_picked":["Worship","Establishment"],"picked":"FlurryOfBlows","floor":10}],"player_experience":472923,"relics_obtained":[{"floor":9,"key":"Sundial"}],"event_choices":[{"damage_healed":0,"gold_gain":0,"player_choice":"2","damage_taken":0,"max_hp_gain":0,"max_hp_loss":0,"event_name":"betterMatch:BetterMatch","floor":3,"gold_loss":0,"cards_obtained":["betterMatch:RareCard"]},{"damage_healed":0,"gold_gain":0,"player_choice":"Lose Max HP","damage_taken":0,"relics_obtained":["Golden Idol"],"max_hp_gain":0,"max_hp_loss":5,"event_name":"Golden Idol","floor":4,"gold_loss":0},{"damage_healed":0,"gold_gain":100,"player_choice":"Pray","damage_taken":0,"max_hp_gain":0,"max_hp_loss":0,"event_name":"Golden Shrine","floor":5,"gold_loss":0}],"is_beta":false,"boss_relics":[],"items_purged_floors":[0,0,7],"is_endless":false,"potions_floor_spawned":[1,10],"killed_by":"Lagavulin","ascension_level":1}}