{"host":"a5523bqxi3k68xf3","time":1608635618,"event":{"mods":["BaseMod","BetterRewards","Hermit","Koishi","Marisa????????","Minty Spire (QoL Compilation)","Quick Restart","Random Character Button","Relic Stats","Shop Mod","StSLib","The Animator","The Cursed","The Necromancer","The Servant 0.9.4"],"gold_per_floor":[116,133,149,2,60,60,89,89,89,8,8,21,21,35,35,131,131,148,148,164,263,286,286,286,286],"floor_reached":24,"playtime":791,"items_purged":["Defend_W"],"score":441,"play_id":"b9047a7d-aea6-4240-a62a-8206cd4302cd","local_time":"20201222121338","is_ascension_mode":true,"campfire_choices":[{"floor":6,"key":"REST"},{"data":"Summon_Undead","floor":13,"key":"SMITH"},{"data":"Summon_Undead","floor":15,"key":"SMITH"},{"floor":23,"key":"REST"}],"circlet_count":0,"master_deck":["AscendersBane","Strike_W","Strike_W","Strike_W","Strike_W","Defend_W","Defend_W","Defend_W","Negative_Energy_Arrows","Bone_Wall","Summon_Lich","Exploit","Uncharnel","Negative_Energy_Javelin","Summon_Undead+1","Consume_Illness","Summon_Lich","Summon_Undead+1","Corrupt","Summon_Undead+1","Grasp_Heart"],"relics":["Vampire_Amulet","CaptainsWheel","Toy Ornithopter","Ornamental Fan","Happy Flower","Busted Crown","Juzu Bracelet"],"acts_visited":["Exordium","TheCity"],"potions_floor_usage":[12,20,20],"damage_taken":[{"damage":0,"enemies":"Cultist","floor":1,"turns":4},{"damage":9,"enemies":"Small Slimes","floor":2,"turns":4},{"damage":11,"enemies":"Jaw Worm","floor":3,"turns":3},{"damage":7,"enemies":"3 Sentries","floor":7,"turns":5},{"damage":0,"enemies":"Large Slime","floor":12,"turns":5},{"damage":20,"enemies":"Gremlin Gang","floor":14,"turns":3},{"damage":33,"enemies":"Hexaghost","floor":16,"turns":9},{"damage":30,"enemies":"3 Byrds","floor":18,"turns":3},{"damage":34,"enemies":"2 Thieves","floor":20,"turns":3},{"damage":48,"enemies":"Book of Stabbing","floor":24,"turns":4}],"seed_played":"-4409153731460511917","potions_obtained":[{"floor":1,"key":"LiquidMemories"},{"floor":11,"key":"Strength Potion"},{"floor":12,"key":"GamblersBrew"},{"floor":14,"key":"LiquidMemories"},{"floor":18,"key":"Fire Potion"}],"is_trial":false,"path_per_floor":["M","M","M","$","?","R","E","?","T","$","?","M","R","M","R","B",null,"M","?","M","?","T","R","E"],"character_chosen":"NECROMANCER","items_purchased":["Summon_Lich","Exploit","Uncharnel","CaptainsWheel","Toy Ornithopter","Negative_Energy_Javelin","Regen Potion","Summon_Lich","Corrupt"],"campfire_rested":2,"item_purchase_floors":[0,0,0,0,0,0,4,4,10],"current_hp_per_floor":[33,28,19,19,19,41,40,40,40,40,40,64,64,58,58,27,63,39,39,19,19,19,41,0,0],"gold":286,"neow_bonus":"","is_daily":false,"chose_seed":false,"campfire_upgraded":2,"win_rate":0.0,"timestamp":1608635618,"path_taken":["M","M","M","$","?","R","E","?","T","?","?","M","R","?","R","BOSS","M","?","M","?","?","R","E"],"items_purchased_type":["Card","Card","Card","Relic","Relic","Card","Potion","Card","Card"],"build_version":"2020-12-13","purchased_purges":1,"victory":false,"max_hp_per_floor":[75,75,75,75,75,75,75,75,75,75,75,75,75,75,75,75,75,75,75,75,75,75,75,75,75],"relic_stats":{"Busted Crown":4,"Happy Flower":[9],"counters":[190,846],"Ornamental Fan":[156],"Juzu Bracelet":3,"obtain_stats":[{"Ice Cream":9,"Calipers":41,"Tiny House":17,"Nilry\u0027s Codex":30,"CeramicFish":41,"Vajra":37,"Whetstone":24,"Bottled Tornado":14,"Sling":0,"Boot":23,"Blood Vial":43,"Sozu":17,"hermit:RyeStalk":10,"Centennial Puzzle":47,"HornCleat":12,"DollysMirror":29,"Strawberry":6,"Prayer Wheel":7,"Philosopher\u0027s Stone":34,"MealTicket":46,"Fusion Hammer":34,"Kunai":26,"Toxic Egg 2":40,"Pear":43,"Happy Flower":0,"Blue Candle":24,"Astrolabe":34,"Dead Branch":40,"Eternal Feather":26,"Pen Nib":0,"War Paint":28,"Question Card":48,"Akabeko":9,"Du-Vu Doll":45,"Runic Dome":34,"hermit:PetGhost":20,"Shuriken":0,"Bronze Scales":29,"MutagenicStrength":28,"Pandora\u0027s Box":17,"Molten Egg 2":43,"Black Star":34,"hermit:Momento":0,"Unceasing Top":29,"Meat on the Bone":29,"Darkstone Periapt":13,"Regal Pillow":8,"Singing Bowl":26,"Mango":44,"StoneCalendar":7,"Juzu Bracelet":6,"Bag of Preparation":26,"Incense Burner":42,"Smiling Mask":26,"Ancient Tea Set":40,"Empty Cage":17,"Nunchaku":24,"Dream Catcher":14,"Matryoshka":9,"TheAbacus":39,"Mummified Hand":9,"Pantograph":10,"Gambling Chip":45,"Tiny Chest":0,"WingedGreaves":25,"Red Mask":19,"InkBottle":6,"Potion Belt":43,"Golden Idol":14,"Thread and Needle":41,"PreservedInsect":26,"Orichalcum":36,"Frozen Egg 2":40,"MawBank":7,"White Beast Statue":0,"Mercury Hourglass":8,"Peace Pipe":37,"Anchor":40,"CaptainsWheel":10,"Busted Crown":34,"Ornamental Fan":14,"hermit:CharredGlove":41,"Bag of Marbles":0,"Art of War":26,"Membership Card":41,"Bottled Lightning":42,"TungstenRod":38,"FossilizedHelix":41,"Toy Ornithopter":22},{"Ice Cream":74,"Calipers":88,"Tiny House":121,"Nilry\u0027s Codex":83,"CeramicFish":42,"Vajra":42,"Whetstone":81,"Bottled Tornado":97,"Sling":46,"Boot":102,"Blood Vial":43,"Sozu":144,"hermit:RyeStalk":32,"Centennial Puzzle":45,"HornCleat":8,"DollysMirror":147,"Strawberry":30,"Prayer Wheel":73,"Philosopher\u0027s Stone":128,"MealTicket":156,"Fusion Hammer":172,"Kunai":14,"Toxic Egg 2":66,"Pear":88,"Happy Flower":0,"Blue Candle":58,"Astrolabe":62,"Dead Branch":177,"Eternal Feather":169,"Pen Nib":46,"War Paint":60,"Question Card":69,"Akabeko":117,"Du-Vu Doll":156,"Runic Dome":85,"hermit:PetGhost":57,"Shuriken":25,"Bronze Scales":126,"MutagenicStrength":147,"Pandora\u0027s Box":78,"Molten Egg 2":178,"Black Star":18,"hermit:Momento":0,"Unceasing Top":16,"Meat on the Bone":16,"Darkstone Periapt":54,"Regal Pillow":31,"Singing Bowl":38,"Mango":67,"StoneCalendar":161,"Juzu Bracelet":5,"Bag of Preparation":103,"Incense Burner":133,"Smiling Mask":59,"Ancient Tea Set":131,"Empty Cage":165,"Nunchaku":13,"Dream Catcher":120,"Matryoshka":52,"TheAbacus":130,"Mummified Hand":6,"Pantograph":96,"Gambling Chip":179,"Tiny Chest":136,"WingedGreaves":59,"Red Mask":37,"InkBottle":50,"Potion Belt":22,"Golden Idol":34,"Thread and Needle":42,"PreservedInsect":59,"Orichalcum":19,"Frozen Egg 2":21,"MawBank":116,"White Beast Statue":70,"Mercury Hourglass":52,"Peace Pipe":152,"Anchor":21,"CaptainsWheel":162,"Busted Crown":41,"Ornamental Fan":9,"hermit:CharredGlove":66,"Bag of Marbles":46,"Art of War":81,"Membership Card":42,"Bottled Lightning":43,"TungstenRod":65,"FossilizedHelix":66,"Toy Ornithopter":101},{"Ice Cream":279,"Calipers":335,"Tiny House":495,"Nilry\u0027s Codex":312,"CeramicFish":167,"Vajra":167,"Whetstone":306,"Bottled Tornado":373,"Sling":185,"Boot":400,"Blood Vial":171,"Sozu":609,"hermit:RyeStalk":132,"Centennial Puzzle":178,"HornCleat":26,"DollysMirror":621,"Strawberry":124,"Prayer Wheel":277,"Philosopher\u0027s Stone":532,"MealTicket":671,"Fusion Hammer":753,"Kunai":56,"Toxic Egg 2":253,"Pear":335,"Happy Flower":0,"Blue Candle":226,"Astrolabe":241,"Dead Branch":781,"Eternal Feather":737,"Pen Nib":185,"War Paint":232,"Question Card":263,"Akabeko":479,"Du-Vu Doll":671,"Runic Dome":324,"hermit:PetGhost":225,"Shuriken":113,"Bronze Scales":519,"MutagenicStrength":621,"Pandora\u0027s Box":296,"Molten Egg 2":787,"Black Star":78,"hermit:Momento":0,"Unceasing Top":66,"Meat on the Bone":66,"Darkstone Periapt":215,"Regal Pillow":129,"Singing Bowl":152,"Mango":256,"StoneCalendar":698,"Juzu Bracelet":15,"Bag of Preparation":407,"Incense Burner":556,"Smiling Mask":229,"Ancient Tea Set":545,"Empty Cage":717,"Nunchaku":52,"Dream Catcher":486,"Matryoshka":209,"TheAbacus":540,"Mummified Hand":18,"Pantograph":369,"Gambling Chip":794,"Tiny Chest":577,"WingedGreaves":229,"Red Mask":149,"InkBottle":198,"Potion Belt":99,"Golden Idol":138,"Thread and Needle":167,"PreservedInsect":229,"Orichalcum":81,"Frozen Egg 2":94,"MawBank":476,"White Beast Statue":269,"Mercury Hourglass":209,"Peace Pipe":648,"Anchor":94,"CaptainsWheel":703,"Busted Crown":164,"Ornamental Fan":30,"hermit:CharredGlove":253,"Bag of Marbles":185,"Art of War":306,"Membership Card":167,"Bottled Lightning":171,"TungstenRod":249,"FossilizedHelix":253,"Toy Ornithopter":395}],"Toy Ornithopter":15},"card_choices":[{"not_picked":["Bone_Bullets","Negative_Energy_Shield"],"picked":"Summon_Undead","floor":1},{"not_picked":["Bone_Bullets","Blood_Is_Power","Thousand_Bone_Knives"],"picked":"SKIP","floor":2},{"not_picked":["Stop_Heart","Negative_Energy_Javelin"],"picked":"Consume_Illness","floor":3},{"not_picked":["Spectral_Walk","Siphon_Strength"],"picked":"Summon_Undead","floor":7},{"not_picked":["Vampiric_Strike","Stop_Heart"],"picked":"Summon_Undead","floor":12},{"not_picked":["Blood_Is_Power","Bones_to_Steel","Acid_Javelin"],"picked":"SKIP","floor":14},{"not_picked":["Cloudkill","Blood_Magic"],"picked":"Grasp_Heart","floor":16},{"not_picked":["Toxic_Smoke_Screen+1"],"picked":"SKIP","floor":18},{"not_picked":["Bone_Armory+1"],"picked":"SKIP","floor":20}],"player_experience":1680203,"relics_obtained":[{"floor":7,"key":"Ornamental Fan"},{"floor":9,"key":"Happy Flower"},{"floor":22,"key":"Juzu Bracelet"}],"event_choices":[{"damage_healed":0,"gold_gain":58,"player_choice":"Gained Gold","damage_taken":0,"max_hp_gain":0,"max_hp_loss":0,"event_name":"Golden Wing","floor":5,"gold_loss":0},{"damage_healed":0,"gold_gain":0,"player_choice":"Grow","damage_taken":0,"max_hp_gain":0,"max_hp_loss":0,"event_name":"Living Wall","floor":8,"gold_loss":0,"cards_upgraded":["Summon_Undead"]},{"damage_healed":0,"gold_gain":0,"player_choice":"Got Potions","damage_taken":0,"max_hp_gain":0,"max_hp_loss":0,"event_name":"Lab","floor":11,"gold_loss":0},{"damage_healed":0,"gold_gain":0,"player_choice":"Ignored","damage_taken":0,"max_hp_gain":0,"max_hp_loss":0,"event_name":"Beggar","floor":19,"gold_loss":0},{"damage_healed":0,"gold_gain":99,"player_choice":"Stole From Cult","damage_taken":0,"max_hp_gain":0,"max_hp_loss":0,"event_name":"Nest","floor":21,"gold_loss":0}],"is_beta":false,"boss_relics":[{"not_picked":["Cursed Key","Runic Pyramid"],"picked":"Busted Crown"}],"items_purged_floors":[0],"is_endless":false,"potions_floor_spawned":[1,12,14,18],"killed_by":"Book of Stabbing","ascension_level":10}}