{"host":"lg1lbglystyxcosi","time":1613296968,"event":{"mods":["AchievementEnabler","BaseMod","Better Third Choice","BetterRewards","Colored Powertips","Minty Spire (QoL Compilation)","Quick Restart","Shop Mod","StSLib","¡¾ÒÅÎï¿¨ÅÆ¡¿REMEMod"],"gold_per_floor":[115,127,127,81,81,81,81,81,81,106,106,117,133,145,145,145,145],"floor_reached":16,"language":"ZHS","playtime":504,"items_purged":[],"score":155,"play_id":"a72883dc-f0ec-4200-87ff-5a7b0dd43bd9","local_time":"20210214180248","is_ascension_mode":true,"campfire_choices":[{"floor":6.0,"key":"REST"},{"data":"Barricade","floor":8.0,"key":"SMITH"},{"floor":15,"key":"REST"}],"circlet_count":0,"master_deck":["AscendersBane","Strike_R","Strike_R","Strike_R","Strike_R","Defend_R","Defend_R","Defend_R","Defend_R","Bash","Barricade+1","REME_BodyOfCthun+1","Berserk"],"relics":["Burning Blood","REME_ComplimentaryCards","Du-Vu Doll","Meat on the Bone","CaptainsWheel"],"acts_visited":["Exordium"],"potions_floor_usage":[],"damage_taken":[{"damage":13.0,"enemies":"Small Slimes","floor":1.0,"turns":5.0},{"damage":1.0,"enemies":"Jaw Worm","floor":2.0,"turns":5.0},{"damage":42.0,"enemies":"Lagavulin","floor":10.0,"turns":11.0},{"damage":5.0,"enemies":"2 Louse","floor":12.0,"turns":3.0},{"damage":8.0,"enemies":"Red Slaver","floor":13.0,"turns":6.0},{"damage":10,"enemies":"2 Fungi Beasts","floor":14,"turns":4},{"damage":0,"enemies":"The Guardian","floor":16,"turns":3}],"seed_played":"-4957859743092077809","potions_obtained":[{"floor":12.0,"key":"ColorlessPotion"},{"floor":14,"key":"Weak Potion"}],"is_trial":false,"path_per_floor":["M","M","?","?","$","R","?","R","T","E","?","M","M","M","R","B"],"character_chosen":"IRONCLAD","items_purchased":["REME_BodyOfCthun"],"campfire_rested":2,"item_purchase_floors":[0],"current_hp_per_floor":[29,34,27,27,27,51,77,77,77,53,53,54,52,48,72,72,72],"gold":145,"neow_bonus":"","is_daily":false,"chose_seed":false,"campfire_upgraded":1,"win_rate":0.0,"timestamp":1613296968,"path_taken":["M","M","?","?","?","R","?","R","T","E","?","M","?","M","R","BOSS"],"items_purchased_type":["Card"],"build_version":"2020-12-22","purchased_purges":0,"victory":false,"max_hp_per_floor":[80,80,80,80,80,80,80,80,80,80,80,80,80,80,80,80,80],"card_choices":[{"not_picked":["Cleave","Twin Strike","Clothesline"],"picked":"SKIP","floor":1.0},{"not_picked":["Armaments","Headbutt","Wild Strike"],"picked":"SKIP","floor":2.0},{"not_picked":["Armaments","Headbutt","Wild Strike"],"picked":"SKIP","floor":2.0},{"not_picked":["Pummel","Ghostly Armor","Dark Embrace"],"picked":"SKIP","floor":10.0},{"not_picked":["Battle Trance","Feel No Pain"],"picked":"Berserk","floor":12.0},{"not_picked":["Clothesline","Metallicize","REME_Scribble"],"picked":"SKIP","floor":13.0},{"not_picked":["Cleave","Iron Wave","Heavy Blade"],"picked":"SKIP","floor":14}],"player_experience":248167,"relics_obtained":[{"floor":9.0,"key":"Meat on the Bone"},{"floor":10.0,"key":"CaptainsWheel"}],"event_choices":[{"cards_removed":["Strike_R"],"damage_healed":0.0,"max_hp_gain":0.0,"max_hp_loss":0.0,"gold_gain":0.0,"event_name":"Golden Wing","player_choice":"Card Removal","floor":3.0,"gold_loss":0.0,"damage_taken":7.0},{"damage_healed":0.0,"max_hp_gain":0.0,"max_hp_loss":0.0,"gold_gain":0.0,"event_name":"betterThird:BetterGoop","player_choice":"Left","floor":4.0,"gold_loss":46.0,"damage_taken":0.0},{"damage_healed":26.0,"max_hp_gain":0.0,"max_hp_loss":0.0,"gold_gain":0.0,"event_name":"Big Fish","player_choice":"Banana","floor":7.0,"gold_loss":0.0,"damage_taken":0.0},{"damage_healed":0.0,"max_hp_gain":0.0,"max_hp_loss":0.0,"gold_gain":0.0,"event_name":"Upgrade Shrine","player_choice":"Upgraded","floor":11.0,"gold_loss":0.0,"damage_taken":0.0,"cards_upgraded":["REME_BodyOfCthun"]}],"is_beta":false,"boss_relics":[],"items_purged_floors":[],"is_endless":false,"potions_floor_spawned":[12,14],"killed_by":"The Guardian","ascension_level":11}}