{"host":"ul3z8ex5o8l5j7mh","time":1613314415,"event":{"mods":["AchievementEnabler","BaseMod","Bestiary","Colored Map","Colored Powertips","DeckTracker","Keyboard Shortcuts","Minty Spire (QoL Compilation)","Relic Sorter","Relic Stats","SuperFastMode"],"gold_per_floor":[119,119,119,43,61,94,94,128,128,128,53,68,68,88,88,184,184,201,52,52,72,72,72,72,72,150,75,106,118,229,84,84,184,184,196,196,196,214,234,234,254,254,254,254,266,286,300,40,40,40,40],"floor_reached":50,"language":"ENG","playtime":1670,"items_purged":["Parasite","Strike_R"],"score":645,"play_id":"b7fe8a7a-503d-48d8-af69-06f4b7fa4ae2","local_time":"20210214155335","is_ascension_mode":true,"campfire_choices":[{"data":"Carnage","floor":7.0,"key":"SMITH"},{"data":"Fire Breathing","floor":13.0,"key":"SMITH"},{"data":"Twin Strike","floor":15.0,"key":"SMITH"},{"data":"Carnage","floor":23.0,"key":"SMITH"},{"floor":25.0,"key":"REST"},{"data":"Bludgeon","floor":29.0,"key":"SMITH"},{"floor":32.0,"key":"REST"},{"data":"Bludgeon","floor":40.0,"key":"SMITH"},{"data":"Twin Strike","floor":42.0,"key":"SMITH"},{"floor":44.0,"key":"REST"},{"data":"Enlightenment","floor":49,"key":"SMITH"}],"circlet_count":0,"master_deck":["Strike_R","Defend_R","Defend_R","Defend_R","Bash","Twin Strike+1","Feel No Pain","Clash","Carnage+1","Fire Breathing+1","Combust","Twin Strike+1","Bludgeon+1","Twin Strike+1","Iron Wave+1","Carnage+1","Flex","Necronomicurse","Combust","Bludgeon+1","CurseOfTheBell","Infernal Blade+1","Feel No Pain","Enlightenment+1","Carnage"],"relics":["Burning Blood","Question Card","Happy Flower","Self Forming Clay","Philosopher\u0027s Stone","ClockworkSouvenir","Bag of Marbles","Necronomicon","Gremlin Horn","MawBank","Lantern","Calling Bell","Toy Ornithopter","Singing Bowl","Calipers","Bottled Flame"],"acts_visited":["Exordium","TheCity","TheBeyond"],"potions_floor_usage":[46,50],"damage_taken":[{"damage":14.0,"enemies":"Jaw Worm","floor":1.0,"turns":4.0},{"damage":12.0,"enemies":"Small Slimes","floor":5.0,"turns":2.0},{"damage":16.0,"enemies":"Gremlin Nob","floor":6.0,"turns":3.0},{"damage":30.0,"enemies":"Lagavulin","floor":8.0,"turns":4.0},{"damage":6.0,"enemies":"2 Louse","floor":12.0,"turns":2.0},{"damage":0.0,"enemies":"2 Fungi Beasts","floor":14.0,"turns":2.0},{"damage":4.0,"enemies":"Slime Boss","floor":16.0,"turns":5.0},{"damage":24.0,"enemies":"3 Byrds","floor":18.0,"turns":2.0},{"damage":9.0,"enemies":"Chosen","floor":21.0,"turns":3.0},{"damage":24.0,"enemies":"Book of Stabbing","floor":28.0,"turns":3.0},{"damage":54.0,"enemies":"Collector","floor":33.0,"turns":4.0},{"damage":14.0,"enemies":"3 Darklings","floor":35.0,"turns":3.0},{"damage":5.0,"enemies":"3 Shapes","floor":38.0,"turns":3.0},{"damage":24.0,"enemies":"Jaw Worm Horde","floor":39.0,"turns":2.0},{"damage":15.0,"enemies":"3 Darklings","floor":41.0,"turns":4.0},{"damage":3.0,"enemies":"Maw","floor":45.0,"turns":3.0},{"damage":7,"enemies":"Writhing Mass","floor":46,"turns":2},{"damage":4,"enemies":"4 Shapes","floor":47,"turns":2},{"damage":107,"enemies":"Awakened One","floor":50,"turns":6}],"seed_played":"-2055282955646292419","potions_obtained":[{"floor":8.0,"key":"LiquidBronze"},{"floor":12.0,"key":"BlessingOfTheForge"},{"floor":21.0,"key":"LiquidBronze"},{"floor":45.0,"key":"ColorlessPotion"},{"floor":46,"key":"BloodPotion"}],"is_trial":false,"path_per_floor":["M","?","?","$","M","E","R","E","T","?","$","M","R","M","R","B",null,"M","$","?","M","?","R","?","R","T","?","E","R","?","$","R","B",null,"M","?","?","M","M","R","M","R","T","R","M","M","M","$","R","B"],"character_chosen":"IRONCLAD","items_purchased":["Feel No Pain","ClockworkSouvenir","Lantern","Enlightenment","Carnage"],"campfire_rested":3,"item_purchase_floors":[4,19,31,48,48],"current_hp_per_floor":[80,80,73,73,67,57,57,33,33,55,55,55,55,61,61,63,80,62,62,62,59,59,59,43,68,68,68,50,50,50,50,75,27,71,65,67,67,68,52,52,43,43,43,69,74,80,84,84,84,0,0],"gold":40,"neow_bonus":"TEN_PERCENT_HP_BONUS","is_daily":false,"chose_seed":false,"campfire_upgraded":8,"win_rate":0.0,"timestamp":1613314415,"path_taken":["M","?","?","$","M","E","R","E","T","?","$","M","R","M","R","BOSS","M","$","?","M","?","R","?","R","T","?","E","R","?","$","R","BOSS","M","?","?","?","M","R","M","R","T","R","M","M","M","$","R","BOSS"],"items_purchased_type":["Card","Relic","Relic","Card","Card"],"build_version":"2020-12-22","purchased_purges":2,"victory":false,"max_hp_per_floor":[88,88,88,88,88,88,88,88,88,88,85,85,85,85,85,85,85,85,85,85,85,85,85,85,85,85,85,85,85,85,85,85,85,85,87,89,85,85,87,87,87,87,87,87,89,91,93,93,93,93,93],"relic_stats":{"Happy Flower":[15],"Gremlin Horn":[19,19],"Singing Bowl":12,"counters":[19,59],"Self Forming Clay":[156],"Necronomicon":[24],"Question Card":17,"MawBank":36,"obtain_stats":[{"Lantern":31,"Calipers":34,"Happy Flower":8,"Gremlin Horn":26,"Singing Bowl":34,"Self Forming Clay":9,"Question Card":6,"MawBank":28,"Burning Blood":0,"ClockworkSouvenir":19,"Calling Bell":34,"Bottled Flame":43,"Philosopher\u0027s Stone":17,"Bag of Marbles":20,"Necronomicon":24,"Toy Ornithopter":34},{"Lantern":10,"Calipers":11,"Happy Flower":4,"Gremlin Horn":9,"Singing Bowl":11,"Self Forming Clay":4,"Question Card":3,"MawBank":10,"Burning Blood":0,"ClockworkSouvenir":8,"Calling Bell":11,"Bottled Flame":15,"Philosopher\u0027s Stone":7,"Bag of Marbles":8,"Necronomicon":9,"Toy Ornithopter":11},{"Lantern":30,"Calipers":34,"Happy Flower":13,"Gremlin Horn":27,"Singing Bowl":34,"Self Forming Clay":13,"Question Card":9,"MawBank":30,"Burning Blood":0,"ClockworkSouvenir":24,"Calling Bell":34,"Bottled Flame":46,"Philosopher\u0027s Stone":22,"Bag of Marbles":24,"Necronomicon":27,"Toy Ornithopter":34}],"Burning Blood":108,"Toy Ornithopter":10},"card_choices":[{"not_picked":["Sword Boomerang","Headbutt"],"picked":"Twin Strike","floor":1.0},{"not_picked":["Sentinel","Warcry"],"picked":"Clash","floor":5.0},{"not_picked":["Power Through","Bloodletting"],"picked":"Carnage","floor":6.0},{"not_picked":["Clash","Havoc","Pommel Strike"],"picked":"Fire Breathing","floor":8.0},{"not_picked":["Iron Wave","Heavy Blade","Metallicize"],"picked":"Combust","floor":12.0},{"not_picked":["Armaments","Intimidate","Headbutt"],"picked":"Twin Strike","floor":14.0},{"not_picked":["Brutality","Exhume","Impervious"],"picked":"Bludgeon","floor":16.0},{"not_picked":["Anger+1","Wild Strike","Sword Boomerang"],"picked":"Twin Strike","floor":18.0},{"not_picked":["Clash","Thunderclap","Burning Pact"],"picked":"Iron Wave+1","floor":21.0},{"not_picked":["Armaments","Limit Break","Twin Strike+1"],"picked":"Combust","floor":28.0},{"not_picked":["Corruption","Berserk","Brutality"],"picked":"Bludgeon","floor":33.0},{"not_picked":["Wild Strike","Dropkick","Whirlwind+1","Perfected Strike+1"],"picked":"Singing Bowl","floor":35.0},{"not_picked":["Magnetism","Blind","Dramatic Entrance","Dark Shackles"],"picked":"Singing Bowl","floor":36.0},{"not_picked":["Headbutt+1","Flex","Cleave"],"picked":"Infernal Blade+1","floor":38.0},{"not_picked":["Hemokinesis+1","Sever Soul+1","Flex+1","Havoc"],"picked":"Singing Bowl","floor":39.0},{"not_picked":["Flex","Body Slam+1","Inflame"],"picked":"Feel No Pain","floor":41.0},{"not_picked":["Corruption","Sword Boomerang+1","Wild Strike","Anger"],"picked":"Singing Bowl","floor":45.0},{"not_picked":["Perfected Strike","Dark Embrace","Cleave+1","Wild Strike"],"picked":"Singing Bowl","floor":46},{"not_picked":["Body Slam","Havoc+1","Heavy Blade","Corruption"],"picked":"Singing Bowl","floor":47}],"player_experience":372487,"relics_obtained":[{"floor":6.0,"key":"Question Card"},{"floor":8.0,"key":"Happy Flower"},{"floor":9.0,"key":"Self Forming Clay"},{"floor":24.0,"key":"Necronomicon"},{"floor":26.0,"key":"Gremlin Horn"},{"floor":28.0,"key":"MawBank"},{"floor":34.0,"key":"Toy Ornithopter"},{"floor":34.0,"key":"Singing Bowl"},{"floor":34.0,"key":"Calipers"},{"floor":43.0,"key":"Bottled Flame"}],"event_choices":[{"damage_healed":0.0,"max_hp_gain":0.0,"max_hp_loss":0.0,"gold_gain":0.0,"event_name":"Living Wall","player_choice":"Grow","floor":2.0,"gold_loss":0.0,"damage_taken":0.0,"cards_upgraded":["Twin Strike"]},{"cards_removed":["Defend_R"],"damage_healed":0.0,"max_hp_gain":0.0,"max_hp_loss":0.0,"gold_gain":0.0,"event_name":"Golden Wing","player_choice":"Card Removal","floor":3.0,"gold_loss":0.0,"damage_taken":7.0},{"damage_healed":22.0,"max_hp_gain":0.0,"max_hp_loss":0.0,"gold_gain":0.0,"event_name":"Mushrooms","player_choice":"Healed and dodged fight","floor":10.0,"gold_loss":0.0,"damage_taken":0.0,"cards_obtained":["Parasite"]},{"damage_healed":0.0,"max_hp_gain":0.0,"max_hp_loss":0.0,"gold_gain":0.0,"event_name":"The Mausoleum","player_choice":"Opened","floor":20.0,"gold_loss":0.0,"damage_taken":0.0,"relics_obtained":["Bag of Marbles"]},{"damage_healed":0.0,"max_hp_gain":0.0,"max_hp_loss":0.0,"gold_gain":0.0,"cards_transformed":["Strike_R","Strike_R"],"event_name":"Drug Dealer","player_choice":"Became Test Subject","floor":22.0,"gold_loss":0.0,"damage_taken":0.0,"cards_obtained":["Carnage","Flex"]},{"damage_healed":0.0,"max_hp_gain":0.0,"max_hp_loss":0.0,"gold_gain":0.0,"event_name":"Cursed Tome","player_choice":"Obtained Book","floor":24.0,"gold_loss":0.0,"damage_taken":16.0},{"cards_removed":["Strike_R"],"damage_healed":0.0,"max_hp_gain":0.0,"max_hp_loss":0.0,"gold_gain":0.0,"event_name":"Beggar","player_choice":"Gave Gold","floor":27.0,"gold_loss":75.0,"damage_taken":0.0},{"damage_healed":0.0,"max_hp_gain":0.0,"max_hp_loss":0.0,"gold_gain":99.0,"event_name":"Nest","player_choice":"Stole From Cult","floor":30.0,"gold_loss":0.0,"damage_taken":0.0},{"damage_healed":0.0,"max_hp_gain":0.0,"max_hp_loss":0.0,"gold_gain":0.0,"event_name":"SensoryStone","player_choice":"Memory 1","floor":36.0,"gold_loss":0.0,"damage_taken":0.0},{"damage_healed":0.0,"max_hp_gain":0.0,"max_hp_loss":4.0,"gold_gain":0.0,"event_name":"Winding Halls","player_choice":"Max HP","floor":37.0,"gold_loss":0.0,"damage_taken":0.0}],"is_beta":false,"boss_relics":[{"not_picked":["Tiny House","Velvet Choker"],"picked":"Philosopher\u0027s Stone"},{"not_picked":["Coffee Dripper","Snecko Eye"],"picked":"Calling Bell"}],"items_purged_floors":[11,48],"is_endless":false,"potions_floor_spawned":[8,12,21,45,46],"killed_by":"Awakened One","ascension_level":5}}