{"host":"w14xfy17z3c5mpoi","time":1613341732,"event":{"mods":["AchievementEnabler","BaseMod","Minty Spire (QoL Compilation)","Relic Stats"],"gold_per_floor":[118,128,145,145,159,159,184,184,208,228,7,51,51,86,86,206,206,230,230,230,230,249,249,74,98,98,148,148,5,5,5],"floor_reached":30,"language":"ENG","playtime":1280,"items_purged":["Parasite","Bite"],"score":481,"play_id":"0f31923f-550e-42b2-86ba-8ca127a6ac57","local_time":"20210214172852","is_ascension_mode":true,"campfire_choices":[{"data":"Beam Cell","floor":6,"key":"SMITH"},{"floor":13,"key":"REST"},{"data":"Go for the Eyes","floor":15,"key":"SMITH"},{"data":"Buffer","floor":23,"key":"SMITH"},{"data":"Echo Form","floor":28,"key":"SMITH"}],"circlet_count":0,"master_deck":["Defend_B","Defend_B","Defend_B","Defend_B","Zap","Dualcast","Go for the Eyes+1","Beam Cell+1","Ball Lightning","Genetic Algorithm","Conserve Battery","Lockon","Echo Form+1","Buffer+1","RitualDagger","Bite","Bite","Bite","Bite","Go for the Eyes+1","Defragment+1","Conserve Battery","Buffer+1"],"relics":["Cracked Core","Nunchaku","Golden Idol","Regal Pillow","Cauldron","Vajra","Art of War","Philosopher\u0027s Stone","Frozen Egg 2","Pantograph","Boot","DollysMirror"],"acts_visited":["Exordium","TheCity"],"potions_floor_usage":[7,14,16,16,30],"damage_taken":[{"damage":0,"enemies":"Cultist","floor":1,"turns":3},{"damage":0,"enemies":"Small Slimes","floor":2,"turns":2},{"damage":6,"enemies":"2 Louse","floor":3,"turns":2},{"damage":0,"enemies":"Large Slime","floor":5,"turns":4},{"damage":6,"enemies":"3 Louse","floor":7,"turns":3},{"damage":3,"enemies":"Blue Slaver","floor":10,"turns":3},{"damage":20,"enemies":"Gremlin Nob","floor":12,"turns":4},{"damage":23,"enemies":"3 Sentries","floor":14,"turns":6},{"damage":19,"enemies":"Slime Boss","floor":16,"turns":5},{"damage":16,"enemies":"Shell Parasite","floor":18,"turns":4},{"damage":18,"enemies":"Chosen","floor":22,"turns":5},{"damage":11,"enemies":"Snecko","floor":25,"turns":7},{"damage":64,"enemies":"Gremlin Leader","floor":30,"turns":5}],"seed_played":"5076026581582926772","potions_obtained":[{"floor":2,"key":"FearPotion"},{"floor":3,"key":"SpeedPotion"},{"floor":11,"key":"FairyPotion"},{"floor":11,"key":"LiquidMemories"},{"floor":11,"key":"Strength Potion"},{"floor":11,"key":"Regen Potion"},{"floor":14,"key":"Fire Potion"},{"floor":16,"key":"Dexterity Potion"},{"floor":25,"key":"Weak Potion"}],"is_trial":false,"path_per_floor":["M","M","M","?","M","R","M","?","T","M","$","E","R","E","R","B",null,"M","?","?","T","M","R","$","M","T","T","R","$","E"],"character_chosen":"DEFECT","items_purchased":["Cauldron","Defragment+1","DollysMirror"],"campfire_rested":1,"item_purchase_floors":[11,24,29],"current_hp_per_floor":[68,68,62,44,44,44,38,56,56,53,53,33,69,58,58,39,64,48,42,42,42,30,30,30,33,33,33,33,33,0,0],"gold":5,"neow_bonus":"RANDOM_COMMON_RELIC","is_daily":false,"chose_seed":false,"campfire_upgraded":4,"win_rate":0.0,"timestamp":1613341732,"path_taken":["M","M","?","?","M","R","M","?","T","M","$","E","R","E","R","BOSS","M","?","?","?","?","R","$","M","T","?","R","$","E"],"items_purchased_type":["Relic","Card","Relic"],"build_version":"2020-12-22","purchased_purges":2,"victory":false,"max_hp_per_floor":[75,75,75,75,75,75,75,75,75,75,72,72,72,72,72,72,72,72,72,50,50,50,50,50,50,50,50,50,50,50,50],"relic_stats":{"Nunchaku":[9],"Regal Pillow":15,"counters":[13,53],"Golden Idol":66,"Pantograph":0,"Art of War":[2],"Boot":[0],"obtain_stats":[{"Cauldron":11,"Nunchaku":0,"Regal Pillow":9,"Golden Idol":4,"DollysMirror":29,"Pantograph":26,"Vajra":12,"Philosopher\u0027s Stone":17,"Art of War":14,"Frozen Egg 2":21,"Cracked Core":0,"Boot":27},{"Cauldron":6,"Nunchaku":0,"Regal Pillow":5,"Golden Idol":3,"DollysMirror":12,"Pantograph":12,"Vajra":7,"Philosopher\u0027s Stone":9,"Art of War":8,"Frozen Egg 2":10,"Cracked Core":0,"Boot":12},{"Cauldron":17,"Nunchaku":0,"Regal Pillow":14,"Golden Idol":7,"DollysMirror":48,"Pantograph":48,"Vajra":21,"Philosopher\u0027s Stone":32,"Art of War":27,"Frozen Egg 2":36,"Cracked Core":0,"Boot":48}]},"card_choices":[{"not_picked":["Scrape","Streamline"],"picked":"Go for the Eyes","floor":1},{"not_picked":["Compile Driver","Stack"],"picked":"Beam Cell","floor":2},{"not_picked":["FTL","Steam"],"picked":"Ball Lightning","floor":3},{"not_picked":["Static Discharge","Rebound"],"picked":"Genetic Algorithm","floor":5},{"not_picked":["Tempest","Reinforced Body"],"picked":"Conserve Battery","floor":7},{"not_picked":["Beam Cell","Double Energy"],"picked":"Lockon","floor":10},{"not_picked":["Compile Driver","Steam"],"picked":"Echo Form","floor":12},{"not_picked":["Streamline","Hologram","Storm"],"picked":"SKIP","floor":14},{"not_picked":["Amplify","Thunder Strike"],"picked":"Buffer","floor":16},{"not_picked":["Defragment","Go for the Eyes","Double Energy"],"picked":"SKIP","floor":18},{"not_picked":["Redo","Steam Power"],"picked":"Go for the Eyes+1","floor":22},{"not_picked":["Blizzard","Electrodynamics+1"],"picked":"Conserve Battery","floor":25}],"player_experience":648001,"relics_obtained":[{"floor":9,"key":"Regal Pillow"},{"floor":12,"key":"Vajra"},{"floor":14,"key":"Art of War"},{"floor":21,"key":"Frozen Egg 2"},{"floor":26,"key":"Pantograph"},{"floor":27,"key":"Boot"}],"event_choices":[{"damage_healed":0,"gold_gain":0,"player_choice":"Take Damage","damage_taken":18,"relics_obtained":["Golden Idol"],"max_hp_gain":0,"max_hp_loss":0,"event_name":"Golden Idol","floor":4,"gold_loss":0},{"damage_healed":18,"gold_gain":0,"player_choice":"Healed and dodged fight","damage_taken":0,"max_hp_gain":0,"max_hp_loss":0,"event_name":"Mushrooms","floor":8,"gold_loss":0,"cards_obtained":["Parasite"]},{"damage_healed":0,"gold_gain":0,"player_choice":"Joined the Cult","damage_taken":6,"max_hp_gain":0,"max_hp_loss":0,"event_name":"Nest","floor":19,"gold_loss":0,"cards_obtained":["RitualDagger"]},{"damage_healed":0,"gold_gain":0,"player_choice":"Became a vampire","damage_taken":0,"max_hp_gain":0,"max_hp_loss":22,"event_name":"Vampires","floor":20,"gold_loss":0,"cards_obtained":["Bite","Bite","Bite","Bite","Bite"]}],"is_beta":false,"boss_relics":[{"not_picked":["Black Star","Coffee Dripper"],"picked":"Philosopher\u0027s Stone"}],"items_purged_floors":[11,24],"is_endless":false,"potions_floor_spawned":[2,3,14,16,25],"killed_by":"Gremlin Leader","ascension_level":7}}