{"host":"pdq28s6637cpsst2","time":1613285609,"event":{"mods":["BaseMod","Colored Map","Highlight Path","Marisa????????","Minty Spire (QoL Compilation)","Permanent Neow","Quick Restart","StSLib","The Disciple","The Senshi","The Servant 0.9.4"],"gold_per_floor":[109,124,124,124,144,144,69,69,69,86,86,106,6,22,22,120,120,131,55,55,101,111,111,111],"floor_reached":23,"language":"ENG","playtime":2009,"items_purged":["Strike_MRS","Defend_MRS"],"score":181,"play_id":"2b33aa69-6ec4-4e1c-bfb1-60556413e298","local_time":"20210214015329","is_ascension_mode":false,"campfire_choices":[{"data":"DC","floor":6,"key":"SMITH"},{"data":"SatelliteIllusion","floor":11,"key":"SMITH"},{"floor":15,"key":"REST"}],"circlet_count":0,"master_deck":["Strike_MRS","Strike_MRS","Defend_MRS","Defend_MRS","Defend_MRS","MasterSpark+1","UpSweep+1","DC+1","EventHorizon","SporeBomb","SatelliteIllusion+1","OortCloud","BinaryStars","MysteriousBeam","FairyDestructionRay","EarthLightRay","Parasite","Parasite","ChargeUpSpray+1"],"relics":["BewitchedHakkero","BreadOfAWashokuLover","Matryoshka","ShroomBag","Orichalcum"],"acts_visited":["Exordium","TheCity"],"potions_floor_usage":[],"damage_taken":[{"damage":0,"enemies":"Cultist","floor":1,"turns":3},{"damage":0,"enemies":"Small Slimes","floor":2,"turns":3},{"damage":0,"enemies":"2 Louse","floor":5,"turns":2},{"damage":9,"enemies":"Blue Slaver","floor":10,"turns":3},{"damage":24,"enemies":"Lots of Slimes","floor":12,"turns":5},{"damage":6,"enemies":"Exordium Wildlife","floor":14,"turns":2},{"damage":37,"enemies":"Hexaghost","floor":16,"turns":8},{"damage":51,"enemies":"3 Byrds","floor":18,"turns":6},{"damage":14,"enemies":"Spheric Guardian","floor":22,"turns":4},{"damage":25,"enemies":"Gremlin Leader","floor":23,"turns":2}],"seed_played":"7242990142874923168","potions_obtained":[{"floor":1,"key":"Energy Potion"},{"floor":10,"key":"Energy Potion"},{"floor":14,"key":"Energy Potion"}],"is_trial":false,"path_per_floor":["M","M","?","?","M","R","$","?","T","M","R","M","$","M","R","B",null,"M","$","?","T","M","E"],"character_chosen":"MARISA","items_purchased":["FairyDestructionRay"],"campfire_rested":1,"item_purchase_floors":[19],"current_hp_per_floor":[75,75,68,68,68,68,68,68,68,59,59,35,35,29,51,14,75,24,24,24,24,20,0,0],"gold":111,"neow_bonus":"UPGRADE_CARD","is_daily":false,"chose_seed":false,"campfire_upgraded":2,"win_rate":0.0,"timestamp":1613285609,"path_taken":["M","?","?","?","?","R","$","?","T","M","R","M","?","M","R","BOSS","M","?","?","?","?","E"],"items_purchased_type":["Card"],"build_version":"2020-12-22","purchased_purges":2,"victory":false,"max_hp_per_floor":[75,75,75,75,75,75,75,75,75,75,75,75,75,75,75,75,75,75,75,75,75,75,75,75],"card_choices":[{"not_picked":["GravityBeat","AsteroidBelt"],"picked":"DC","floor":1},{"not_picked":["DoubleSpark","6A"],"picked":"EventHorizon","floor":2},{"not_picked":["DoubleSpark","ChargingUp"],"picked":"SporeBomb","floor":5},{"not_picked":["6A","SporeBomb"],"picked":"SatelliteIllusion","floor":10},{"not_picked":["UnstableBomb","DC","SprinkleStarSeal"],"picked":"SKIP","floor":12},{"not_picked":["LuminesStrike","DC"],"picked":"OortCloud","floor":14},{"not_picked":["StarDustReverie","SatelliteIllusion"],"picked":"BinaryStars","floor":16},{"not_picked":["SporeBomb","SuperPerseids"],"picked":"MysteriousBeam","floor":18},{"not_picked":["GravityBeat+1","OpenUniverse"],"picked":"ChargeUpSpray+1","floor":22}],"player_experience":213174,"relics_obtained":[{"floor":9,"key":"Matryoshka"},{"floor":21,"key":"ShroomBag"},{"floor":21,"key":"Orichalcum"}],"event_choices":[{"damage_healed":0,"gold_gain":0,"player_choice":"Success","damage_taken":7,"relics_obtained":["BreadOfAWashokuLover"],"max_hp_gain":0,"max_hp_loss":0,"event_name":"Scrap Ooze","floor":3,"gold_loss":0},{"cards_removed":["Strike_MRS"],"damage_healed":0,"gold_gain":0,"player_choice":"Purged","damage_taken":0,"max_hp_gain":0,"max_hp_loss":0,"event_name":"Purifier","floor":4,"gold_loss":0},{"damage_healed":0,"gold_gain":0,"player_choice":"Upgraded","damage_taken":0,"max_hp_gain":0,"max_hp_loss":0,"event_name":"Upgrade Shrine","floor":8,"gold_loss":0,"cards_upgraded":["MasterSpark"]},{"damage_healed":0,"gold_gain":0,"player_choice":"Read","damage_taken":0,"max_hp_gain":0,"max_hp_loss":0,"event_name":"The Library","floor":20,"gold_loss":0,"cards_obtained":["EarthLightRay"]}],"is_beta":false,"boss_relics":[{"not_picked":["Coffee Dripper","Pandora\u0027s Box"],"picked":"BewitchedHakkero"}],"items_purged_floors":[7,13],"is_endless":false,"potions_floor_spawned":[1,10,14,22],"killed_by":"Gremlin Leader","ascension_level":0}}