{"host":"630px4nyj50z5id8","time":1613307401,"event":{"mods":["BaseMod","Better Note","Colored Powertips","Good Game Mod","Minty Spire (QoL Compilation)","Quick Restart","Rare Cards Sparkle","Relic Filter Mod","Replay The Spire","StSLib","Waifu the Spire"],"gold_per_floor":[111,121,121,16,16,51,51,94,121,151,151,151,186,186,186,210,210],"floor_reached":16,"language":"ZHS","playtime":396,"items_purged":[],"score":140,"play_id":"1246a550-892d-466e-9383-143e4e436bfe","local_time":"20210214205641","is_ascension_mode":true,"campfire_choices":[{"data":"ReplayTheSpireMod:Muscle Training","floor":7,"key":"SMITH"},{"data":"Dark Embrace","floor":12,"key":"SMITH"},{"data":"Corruption","floor":15,"key":"SMITH"}],"circlet_count":0,"master_deck":["Strike_R","Strike_R","Strike_R","Strike_R","Strike_R","Defend_R","Defend_R","Defend_R","Defend_R","Bash","Offering","Dark Embrace+1","Eclipse+1","ReplayTheSpireMod:Muscle Training+1","Shrug It Off","Corruption+1","Pain","Sword Boomerang"],"relics":["Burning Blood","REME:ComplimentaryCards","NeowsBlessing","Replay:Bandana","Ginger","Ancient Tea Set","WarpedTongs"],"acts_visited":["Exordium"],"potions_floor_usage":[],"damage_taken":[{"damage":0.0,"enemies":"Cultist","floor":1.0,"turns":1.0},{"damage":0.0,"enemies":"Small Slimes","floor":2.0,"turns":1.0},{"damage":0,"enemies":"Gremlin Nob","floor":6,"turns":1},{"damage":29,"enemies":"3 Sentries","floor":8,"turns":6},{"damage":17,"enemies":"Jaw Worm","floor":10,"turns":3},{"damage":7,"enemies":"Red Slaver","floor":13,"turns":2},{"damage":11,"enemies":"Slime Boss","floor":16,"turns":4}],"seed_played":"-3477810273411818391","potions_obtained":[{"floor":1.0,"key":"BloodPotion"},{"floor":8,"key":"Weak Potion"}],"is_trial":false,"path_per_floor":["M","M","?","$","$","E","R","E","T","M","?","R","M","?","R","B"],"character_chosen":"IRONCLAD","items_purchased":["Eclipse+1"],"campfire_rested":0,"item_purchase_floors":[4],"current_hp_per_floor":[80,80,80,80,80,80,80,57,57,46,46,46,45,45,45,34,34],"gold":210,"neow_bonus":"THREE_ENEMY_KILL","is_daily":false,"chose_seed":false,"campfire_upgraded":3,"win_rate":0.0,"timestamp":1613307401,"path_taken":["M","?","?","?","$","E","R","E","T","?","?","R","?","?","R","BOSS"],"items_purchased_type":["Card"],"build_version":"2020-12-22","purchased_purges":0,"victory":false,"max_hp_per_floor":[80,80,80,80,80,80,80,80,80,80,80,80,80,80,80,80,80],"card_choices":[{"not_picked":["Iron Wave","Replay:Undeath\u0027s Touch","Cleave"],"picked":"SKIP","floor":1.0},{"not_picked":["Intimidate","Cleave"],"picked":"Dark Embrace","floor":2.0},{"not_picked":["Clothesline","Rage"],"picked":"ReplayTheSpireMod:Muscle Training","floor":6},{"not_picked":["Havoc","Clash"],"picked":"Shrug It Off","floor":8},{"not_picked":["Spot Weakness","Warcry"],"picked":"Corruption","floor":10},{"not_picked":["ReplayTheSpireMod:Strike From Hell","Wild Strike"],"picked":"Sword Boomerang","floor":13}],"player_experience":392069,"relics_obtained":[{"floor":6,"key":"Replay:Bandana"},{"floor":8,"key":"Ginger"},{"floor":9,"key":"Ancient Tea Set"}],"event_choices":[{"damage_healed":0,"gold_gain":0,"player_choice":"Ignored","damage_taken":0,"max_hp_gain":0,"max_hp_loss":0,"event_name":"Shining Light","floor":3,"gold_loss":0},{"damage_healed":0,"gold_gain":0,"player_choice":"Rummage","damage_taken":0,"relics_obtained":["WarpedTongs"],"max_hp_gain":0,"max_hp_loss":0,"event_name":"Accursed Blacksmith","floor":11,"gold_loss":0,"cards_obtained":["Pain"]},{"damage_healed":0,"gold_gain":0,"player_choice":"Ignored","damage_taken":0,"max_hp_gain":0,"max_hp_loss":0,"event_name":"WeMeetAgain","floor":14,"gold_loss":0}],"is_beta":false,"boss_relics":[],"items_purged_floors":[],"is_endless":false,"potions_floor_spawned":[1,8],"killed_by":"Slime Boss","ascension_level":1}}