{"host":"vyrim7c8c6ucsmzk","time":1613272160,"event":{"mods":["BaseMod","Colored Map","Downfall","Minty Spire (QoL Compilation)","StSLib"],"gold_per_floor":[99,111,111,126,185,203,203,203,7,35,35,35,35,35,54,156,156,56,69,61,61,83,83,83,83,110,110,39,39,59,96,120,232,232,32,46,103,128,44,63,63,176,176,195,211,221,221,244,267,267,267,306,15,15,15,15],"floor_reached":57,"language":"ENG","playtime":23195,"items_purged":["hexamod:Defend"],"score":1243,"play_id":"ac57e28e-12e3-494f-bb91-4434e31d6ac2","local_time":"20210213220920","is_ascension_mode":true,"campfire_choices":[{"data":"hexamod:Float","floor":1.0,"key":"SMITH"},{"data":"hexamod:PhantomCloak","floor":8.0,"key":"SMITH"},{"floor":11.0,"key":"REST"},{"data":"hexamod:GhostOfSpirePast","floor":18.0,"key":"SMITH"},{"floor":25.0,"key":"RECALL"},{"data":"hexamod:TurnItUp","floor":27.0,"key":"SMITH"},{"data":"hexamod:SearingWound","floor":29.0,"key":"SMITH"},{"data":"hexamod:VolcanoVisage","floor":35.0,"key":"SMITH"},{"data":"expansioncontent:DashGenerateEvil","floor":47,"key":"SMITH"},{"data":"expansioncontent:StudyTheSpire","floor":54,"key":"SMITH"}],"circlet_count":0,"master_deck":["hexamod:Strike","hexamod:Defend+1","hexamod:Defend","hexamod:Sear","hexamod:Float+1","hexamod:WildfireWeapon","hexamod:SpectralSpark","hexamod:FlamesFromBeyond","hexamod:PhantomCloak+1","hexamod:Hexaguard+1","hexamod:Rewind+1","hexamod:GhostOfSpirePast+1","hexamod:TurnItUp+1","hexamod:Hexaguard","hexamod:FirstSeal","hexamod:SecondSeal","hexamod:Rewind+1","hexamod:Hexaguard+1","downfall:Haunted","hexamod:SearingWound+1","hexamod:NightmareGuise+1","hexamod:VolcanoVisage+1","hexamod:ThermalTransfer+1","hexamod:NightmareStrike+1","hexamod:GiftsFromTheDead+1","hexamod:AdvancingGuard+1","hexamod:AdvancingGuard+1","hexamod:NightmareGuise+1","expansioncontent:DashGenerateEvil+1","hexamod:CatchUp","hexamod:RainOfEmbers","hexamod:ThirdSeal","hexamod:RecurringNightmare+1","hexamod:UnleashSpirits","hexamod:EtherealExpedition+1","hexamod:CatchUp","expansioncontent:DashGenerateEvil","expansioncontent:StudyTheSpire+1"],"relics":["hexamod:SpiritBrand","Mercury Hourglass","Membership Card","The Courier","Nunchaku","Pear","Cursed Key","downfall:HeartBlessingBlue","hexamod:InflammatoryLetter","Astrolabe","downfall:HeartBlessingRed","downfall:HeartBlessingGreen","Torii","Art of War","Pen Nib","Bag of Marbles","Kunai","Lee\u0027s Waffle","Bronze Scales"],"acts_visited":["Exordium","TheCity","TheBeyond","TheEnding"],"potions_floor_usage":[50,56,56],"damage_taken":[{"damage":0.0,"enemies":"Small Slimes","floor":2.0,"turns":3.0},{"damage":0.0,"enemies":"2 Louse","floor":4.0,"turns":3.0},{"damage":20.0,"enemies":"3 Sentries","floor":5.0,"turns":7.0},{"damage":1.0,"enemies":"Jaw Worm","floor":6.0,"turns":2.0},{"damage":0.0,"enemies":"downfall:FleeingMerchant","floor":9.0,"turns":4.0},{"damage":19.0,"enemies":"Gremlin Nob","floor":10.0,"turns":4.0},{"damage":0.0,"enemies":"downfall:LooterAlt","floor":15.0,"turns":3.0},{"damage":8.0,"enemies":"WA_ARCHETYPE_RETAIN","floor":16.0,"turns":5.0},{"damage":0.0,"enemies":"downfall:LooterAlt2","floor":19.0,"turns":3.0},{"damage":0.0,"enemies":"3 Byrds","floor":22.0,"turns":4.0},{"damage":4.0,"enemies":"Sentry and Sphere","floor":26.0,"turns":5.0},{"damage":0.0,"enemies":"downfall:FleeingMerchant","floor":28.0,"turns":4.0},{"damage":0.0,"enemies":"Centurion and Healer","floor":30.0,"turns":4.0},{"damage":14.0,"enemies":"Book of Stabbing","floor":31.0,"turns":6.0},{"damage":0.0,"enemies":"Cultist and Chosen","floor":32.0,"turns":4.0},{"damage":33.0,"enemies":"SI_MIRROR_ARCHETYPE","floor":33.0,"turns":10.0},{"damage":0.0,"enemies":"Orb Walker","floor":36.0,"turns":3.0},{"damage":26.0,"enemies":"2 Orb Walkers","floor":37.0,"turns":4.0},{"damage":0.0,"enemies":"3 Shapes","floor":38.0,"turns":4.0},{"damage":0.0,"enemies":"downfall:FleeingMerchant","floor":39.0,"turns":4.0},{"damage":0.0,"enemies":"Transient","floor":40.0,"turns":5.0},{"damage":1.0,"enemies":"downfall:FleeingMerchant","floor":42.0,"turns":4.0},{"damage":0.0,"enemies":"Sphere and 2 Shapes","floor":44.0,"turns":6.0},{"damage":1.0,"enemies":"Spire Growth","floor":45.0,"turns":4.0},{"damage":9,"enemies":"Jaw Worm Horde","floor":46,"turns":4},{"damage":0,"enemies":"Maw","floor":48,"turns":7},{"damage":7,"enemies":"3 Darklings","floor":49,"turns":4},{"damage":16,"enemies":"DF_ARCHETYPE_ORBS","floor":50,"turns":8},{"damage":24,"enemies":"downfall:CharBossMerchant","floor":52,"turns":7},{"damage":12,"enemies":"downfall:NeowBoss","floor":55,"turns":12},{"damage":33,"enemies":"downfall:NeowBossFinal","floor":56,"turns":6}],"seed_played":"-5790208084629186391","potions_obtained":[{"floor":4.0,"key":"Fire Potion"},{"floor":10.0,"key":"DuplicationPotion"},{"floor":15.0,"key":"champ:CounterPotion"},{"floor":16.0,"key":"DuplicationPotion"},{"floor":19.0,"key":"Slimebound:ThreeZeroPotion"},{"floor":30.0,"key":"hexamod:SoulburnPotion"},{"floor":31.0,"key":"SkillPotion"},{"floor":37.0,"key":"SkillPotion"},{"floor":40.0,"key":"AttackPotion"},{"floor":46,"key":"EssenceOfSteel"},{"floor":48,"key":"Dexterity Potion"}],"is_trial":false,"path_per_floor":["R","M","?","M","?","M","T","R","$","E","R","?","?","T","M","B",null,"R","M","?","?","M","?","T","R","M","R","$","R","M","E","M","B",null,"R","M","?","M","$","M","T","$","?","M","M","M","R","M","M","B",null,"E","$","R","B","B",null],"character_chosen":"THE_SPIRIT","items_purchased":["Membership Card","hexamod:Rewind","hexamod:SearingWound","expansioncontent:DashGenerateEvil","Art of War","hexamod:CatchUp","hexamod:RainOfEmbers","hexamod:ThirdSeal","Pen Nib","expansioncontent:DashGenerateEvil","hexamod:DoubleChargePotion","Lee\u0027s Waffle","Bronze Scales","expansioncontent:StudyTheSpire"],"campfire_rested":1,"item_purchase_floors":[9,9,28,39,42,42,42,42,42,53,53,53,53,53],"current_hp_per_floor":[70,70,70,70,50,49,49,49,49,30,51,44,44,54,54,46,80,90,90,83,83,90,90,90,90,90,90,90,90,90,83,90,64,90,90,90,71,78,85,90,90,90,90,90,90,81,81,88,88,79,90,73,97,97,85,52],"gold":15,"neow_bonus":"ONE_RANDOM_RARE_CARD","is_daily":false,"chose_seed":false,"campfire_upgraded":8,"win_rate":0.0,"timestamp":1613272160,"path_taken":["R","M","?","M","?","M","T","R","$","E","R","?","?","?","M","BOSS","R","M","?","?","?","?","T","R","M","R","$","R","M","E","M","BOSS","R","M","?","M","$","M","T","$","?","?","M","M","R","?","M","BOSS","E","$","R","BOSS","BOSS"],"items_purchased_type":["Relic","Card","Card","Card","Relic","Card","Card","Card","Relic","Card","Potion","Relic","Relic","Card"],"build_version":"2020-12-22","purchased_purges":1,"victory":true,"max_hp_per_floor":[70,70,70,70,70,70,70,70,70,70,70,70,70,80,80,80,80,90,90,90,90,90,90,90,90,90,90,90,90,90,90,90,90,90,90,90,90,90,90,90,90,90,90,90,90,90,90,90,90,90,90,90,97,97,97,97],"card_choices":[{"not_picked":["hexamod:GhostShield","hexamod:AdvancingGuard"],"picked":"hexamod:SpectralSpark","floor":2.0},{"not_picked":["hexamod:HauntingEcho","hexamod:ChargedBarrage","hexamod:Firestarter"],"picked":"SKIP","floor":4.0},{"not_picked":["hexamod:NightmareStrike","hexamod:BurningTouch"],"picked":"hexamod:FlamesFromBeyond","floor":5.0},{"not_picked":["hexamod:FastForward","hexamod:ShieldOfDarkness"],"picked":"hexamod:PhantomCloak","floor":6.0},{"not_picked":["hexamod:ThermalTransfer","hexamod:SpectralAdrenaline"],"picked":"hexamod:Hexaguard","floor":9.0},{"not_picked":["hexamod:HeatMetal","hexamod:StepThrough"],"picked":"hexamod:GhostOfSpirePast","floor":10.0},{"not_picked":["hexamod:NightmareStrike","hexamod:SuperheatedStrike","hexamod:ExtraCrispy"],"picked":"SKIP","floor":15.0},{"not_picked":["hexamod:TimeWarp","hexamod:GhostOfSpirePresent"],"picked":"hexamod:TurnItUp","floor":16.0},{"not_picked":["hexamod:BacktrackSmack","hexamod:ThermalTransfer"],"picked":"hexamod:Hexaguard","floor":19.0},{"not_picked":["hexamod:FastForward+1","hexamod:FirstSeal","hexamod:SuperheatedStrike"],"picked":"SKIP","floor":22.0},{"not_picked":["hexamod:Firestarter","hexamod:BacktrackSmack","hexamod:GhostLash"],"picked":"SKIP","floor":26.0},{"not_picked":["hexamod:FirstSeal","hexamod:FastForward","hexamod:SwordOfDarkness+1"],"picked":"SKIP","floor":28.0},{"not_picked":["hexamod:BacktrackSmack+1","hexamod:ChargedBarrage","hexamod:HeatMetal+1"],"picked":"SKIP","floor":30.0},{"not_picked":["hexamod:HeatMetal","hexamod:FastForward"],"picked":"hexamod:NightmareGuise+1","floor":31.0},{"not_picked":["hexamod:Toasty","hexamod:BurningTouch","hexamod:FirstSeal"],"picked":"SKIP","floor":32.0},{"not_picked":["hexamod:GhostflameInferno","hexamod:FifthSeal"],"picked":"hexamod:VolcanoVisage","floor":33.0},{"not_picked":["hexamod:InspiringFlames","hexamod:FlamesFromBeyond"],"picked":"hexamod:AdvancingGuard+1","floor":36.0},{"not_picked":["hexamod:SpectersWail+1","hexamod:HauntingEcho"],"picked":"hexamod:AdvancingGuard+1","floor":37.0},{"not_picked":["hexamod:RetreatToShadows+1","hexamod:GhostOfSpireFuture+1"],"picked":"hexamod:NightmareGuise+1","floor":38.0},{"not_picked":["hexamod:ThermalTransfer","hexamod:HeatMetal+1","hexamod:AdvancingGuard"],"picked":"SKIP","floor":39.0},{"not_picked":["hexamod:SuperheatedStrike","hexamod:SpectersWail+1","hexamod:SpectralSpark+1"],"picked":"SKIP","floor":40.0},{"not_picked":["hexamod:GhostflameBarrier","hexamod:SuperheatedStrike+1"],"picked":"hexamod:RecurringNightmare+1","floor":44.0},{"not_picked":["hexamod:RetreatToShadows","hexamod:NightmareStrike+1"],"picked":"hexamod:UnleashSpirits","floor":44.0},{"not_picked":["hexamod:HauntingEcho+1","hexamod:SecondSeal","hexamod:SkipABeat"],"picked":"SKIP","floor":45.0},{"not_picked":["hexamod:FlamesFromBeyond","hexamod:RecurringNightmare+1","hexamod:BacktrackSmack+1"],"picked":"SKIP","floor":46},{"not_picked":["hexamod:ThermalTransfer+1","hexamod:FastForward","hexamod:ParanormalForm"],"picked":"SKIP","floor":48},{"not_picked":["hexamod:HauntingEcho+1","hexamod:HeatMetal+1","hexamod:NightmareGuise+1"],"picked":"SKIP","floor":48},{"not_picked":["hexamod:Hexaguard+1","hexamod:BacktrackSmack+1"],"picked":"hexamod:EtherealExpedition+1","floor":49},{"not_picked":["hexamod:Hexaguard+1","hexamod:SpectersWail","hexamod:SpectralSpark+1"],"picked":"SKIP","floor":49},{"not_picked":["hexamod:BurningTouch","hexamod:RecurringNightmare"],"picked":"hexamod:CatchUp","floor":52},{"not_picked":["hexamod:FourthSeal","hexamod:Firestarter+1","hexamod:ChargedBarrage+1"],"picked":"SKIP","floor":52}],"player_experience":1377228,"relics_obtained":[{"floor":5.0,"key":"Mercury Hourglass"},{"floor":10.0,"key":"The Courier"},{"floor":14.0,"key":"Pear"},{"floor":31.0,"key":"hexamod:InflammatoryLetter"},{"floor":37.0,"key":"Torii"},{"floor":43.0,"key":"Bag of Marbles"},{"floor":52,"key":"Kunai"}],"event_choices":[{"damage_healed":0.0,"max_hp_gain":0.0,"max_hp_loss":0.0,"gold_gain":0.0,"event_name":"Scrap Ooze","player_choice":"Success","floor":12.0,"gold_loss":0.0,"damage_taken":7.0,"relics_obtained":["Nunchaku"]},{"damage_healed":0.0,"max_hp_gain":0.0,"max_hp_loss":0.0,"gold_gain":0.0,"event_name":"Mysterious Sphere","player_choice":"Fight","floor":37.0,"gold_loss":0.0,"damage_taken":0.0},{"damage_healed":0.0,"max_hp_gain":0.0,"max_hp_loss":0.0,"gold_gain":0.0,"event_name":"Wheel of Change","player_choice":"Relic","floor":43.0,"gold_loss":0.0,"damage_taken":0.0}],"is_beta":false,"boss_relics":[{"not_picked":["Black Star","Runic Pyramid"],"picked":"Cursed Key"},{"not_picked":["Coffee Dripper","SlaversCollar"],"picked":"Astrolabe"}],"items_purged_floors":[42],"is_endless":false,"potions_floor_spawned":[4,10,15,16,19,30,31,37,40,44,46,48],"ascension_level":1}}