{"host":"nj4msrt0z6tj4wtb","time":1613292745,"event":{"mods":["AchievementEnabler","BaseMod","Colored Map","Colored Powertips","DeckTracker","Highlight Path","Keyboard Shortcuts","Minty Spire (QoL Compilation)","Quick Restart","Random Character Button","StSLib","SuperFastMode"],"gold_per_floor":[110,130,148,148,164,164,197,222,234,4,20,20,39,55,55,55,55],"floor_reached":16,"language":"KOR","playtime":642,"items_purged":["Strike_P"],"score":212,"play_id":"7a257c60-3617-461f-b108-4622c9a3876a","local_time":"20210214175225","is_ascension_mode":true,"campfire_choices":[{"data":"Eruption","floor":6.0,"key":"SMITH"},{"floor":12.0,"key":"REST"},{"data":"Vigilance","floor":15,"key":"SMITH"}],"circlet_count":0,"master_deck":["AscendersBane","Strike_P","Strike_P","Strike_P","Defend_P","Defend_P+1","Defend_P","Defend_P","Eruption+1","Vigilance+1","EmptyFist","FollowUp","Prostrate","CrushJoints","InnerPeace","LessonLearned","FlurryOfBlows","Wallop"],"relics":["PureWater","Happy Flower","MawBank","FossilizedHelix"],"acts_visited":["Exordium"],"potions_floor_usage":[16],"damage_taken":[{"damage":7.0,"enemies":"Jaw Worm","floor":1.0,"turns":4.0},{"damage":9.0,"enemies":"2 Louse","floor":2.0,"turns":2.0},{"damage":1.0,"enemies":"Cultist","floor":3.0,"turns":4.0},{"damage":0.0,"enemies":"3 Louse","floor":5.0,"turns":2.0},{"damage":28.0,"enemies":"Gremlin Nob","floor":7.0,"turns":4.0},{"damage":8.0,"enemies":"Blue Slaver","floor":8.0,"turns":3.0},{"damage":0.0,"enemies":"Large Slime","floor":11.0,"turns":3.0},{"damage":0,"enemies":"2 Fungi Beasts","floor":13,"turns":2},{"damage":12,"enemies":"3 Louse","floor":14,"turns":3},{"damage":26,"enemies":"Hexaghost","floor":16,"turns":9}],"seed_played":"7352633971971665389","potions_obtained":[{"floor":2.0,"key":"DistilledChaos"},{"floor":7.0,"key":"Ancient Potion"},{"floor":11.0,"key":"ColorlessPotion"},{"floor":13,"key":"AttackPotion"}],"is_trial":false,"path_per_floor":["M","M","M","?","M","R","E","M","T","$","M","R","M","M","R","B"],"character_chosen":"WATCHER","items_purchased":["LessonLearned"],"campfire_rested":1,"item_purchase_floors":[10],"current_hp_per_floor":[54,45,44,49,49,49,21,13,13,13,13,34,34,22,22,0,0],"gold":55,"neow_bonus":"RANDOM_COMMON_RELIC","is_daily":false,"chose_seed":false,"campfire_upgraded":2,"win_rate":0.0,"timestamp":1613292745,"path_taken":["M","M","M","?","M","R","E","M","T","$","M","R","M","M","R","BOSS"],"items_purchased_type":["Card"],"build_version":"2020-12-22","purchased_purges":1,"victory":false,"max_hp_per_floor":[68,68,68,73,73,73,73,73,73,73,73,73,73,73,73,73,73],"card_choices":[{"not_picked":["BowlingBash","BattleHymn"],"picked":"EmptyFist","floor":1.0},{"not_picked":["Crescendo","ClearTheMind","Indignation"],"picked":"SKIP","floor":2.0},{"not_picked":["WheelKick","Collect"],"picked":"FollowUp","floor":3.0},{"not_picked":["Conclude","SignatureMove"],"picked":"Prostrate","floor":5.0},{"not_picked":["EmptyFist","Protect"],"picked":"CrushJoints","floor":7.0},{"not_picked":["Evaluate","Halt"],"picked":"InnerPeace","floor":8.0},{"not_picked":["Halt","LikeWater"],"picked":"FlurryOfBlows","floor":11.0},{"not_picked":["Wireheading","BowlingBash"],"picked":"Wallop","floor":13},{"not_picked":["SashWhip","PathToVictory","ThirdEye"],"picked":"SKIP","floor":14}],"player_experience":664646,"relics_obtained":[{"floor":7.0,"key":"MawBank"},{"floor":9.0,"key":"FossilizedHelix"}],"event_choices":[{"damage_healed":0.0,"max_hp_gain":5.0,"max_hp_loss":0.0,"gold_gain":0.0,"event_name":"Big Fish","player_choice":"Donut","floor":4.0,"gold_loss":0.0,"damage_taken":0.0}],"is_beta":false,"boss_relics":[],"items_purged_floors":[10],"is_endless":false,"potions_floor_spawned":[2,7,11,13],"killed_by":"Hexaghost","ascension_level":20}}