{"host":"4rvakrj1idbgia3f","time":1613335723,"event":{"mods":["BaseMod","Colored Map","Colored Powertips","DeckTracker","Highlight Path","Minty Spire (QoL Compilation)","Random Character Button","StSLib"],"gold_per_floor":[126,138,169,201,213,225,249,261,297,329,341,378,390,427,439,525,537,559,597,107,125,0,0,35,46,94,106,140,140,140,2,2,2,2],"floor_reached":33,"language":"JPN","playtime":1660,"items_purged":["Pain","Strike_G","Strike_G"],"score":586,"play_id":"06b11d7d-cc74-4b04-88e8-049c3a9ba103","local_time":"20210215054843","is_ascension_mode":true,"campfire_choices":[{"data":"Blade Dance","floor":6.0,"key":"SMITH"},{"data":"Deadly Poison","floor":8.0,"key":"SMITH"},{"data":"Crippling Poison","floor":11.0,"key":"SMITH"},{"floor":13.0,"key":"REST"},{"floor":15.0,"key":"REST"},{"data":"Footwork","floor":23,"key":"SMITH"},{"data":"Infinite Blades","floor":30,"key":"SMITH"},{"data":"Footwork","floor":32,"key":"SMITH"}],"circlet_count":0,"master_deck":["AscendersBane","Strike_G","Strike_G","Strike_G","Defend_G","Defend_G","Defend_G","Defend_G+1","Defend_G","Survivor+1","Neutralize","Deadly Poison","Blade Dance+1","Deadly Poison+1","Crippling Poison+1","PiercingWail","Escape Plan","Storm of Steel","CurseOfTheBell","Deflect","Accuracy","Phantasmal Killer","Backstab","Footwork+1","PiercingWail","Blade Dance","Infinite Blades+1","Bullet Time","Footwork+1"],"relics":["Ring of the Snake","MawBank","War Paint","WarpedTongs","Bag of Preparation","Regal Pillow","Orichalcum","Calling Bell","Centennial Puzzle","Question Card","Lizard Tail","Smiling Mask","Nunchaku","Pen Nib","Akabeko","HornCleat"],"acts_visited":["Exordium","TheCity"],"potions_floor_usage":[28,33],"damage_taken":[{"damage":7.0,"enemies":"Small Slimes","floor":1.0,"turns":4.0},{"damage":0.0,"enemies":"Cultist","floor":3.0,"turns":4.0},{"damage":0.0,"enemies":"2 Louse","floor":4.0,"turns":4.0},{"damage":16.0,"enemies":"Blue Slaver","floor":7.0,"turns":5.0},{"damage":3.0,"enemies":"Lots of Slimes","floor":10.0,"turns":2.0},{"damage":18.0,"enemies":"Gremlin Nob","floor":12.0,"turns":3.0},{"damage":18.0,"enemies":"3 Sentries","floor":14.0,"turns":4.0},{"damage":22.0,"enemies":"The Guardian","floor":16.0,"turns":8.0},{"damage":6.0,"enemies":"Chosen","floor":18.0,"turns":4.0},{"damage":8,"enemies":"2 Thieves","floor":21,"turns":4},{"damage":23,"enemies":"Gremlin Leader","floor":24,"turns":5},{"damage":13,"enemies":"Snake Plant","floor":25,"turns":4},{"damage":0,"enemies":"Centurion and Healer","floor":27,"turns":4},{"damage":16,"enemies":"Book of Stabbing","floor":28,"turns":5},{"damage":36,"enemies":"Automaton","floor":33,"turns":8}],"seed_played":"330243848575177294","potions_obtained":[{"floor":3.0,"key":"AttackPotion"},{"floor":7.0,"key":"FearPotion"},{"floor":12.0,"key":"Poison Potion"},{"floor":18.0,"key":"Ancient Potion"},{"floor":28,"key":"CunningPotion"}],"is_trial":false,"path_per_floor":["M","?","M","M","?","R","M","R","T","M","R","E","R","E","R","B",null,"M","T","$","M","$","R","E","M","T","M","E","?","R","$","R","B"],"character_chosen":"THE_SILENT","items_purchased":["Accuracy","Nunchaku","Phantasmal Killer","SteroidPotion","Footwork","Footwork"],"campfire_rested":2,"item_purchase_floors":[20,20,20,20,22,31],"current_hp_per_floor":[52,47,47,47,47,47,31,31,31,28,28,10,44,26,60,38,59,53,53,53,45,45,45,22,9,9,9,30,30,30,30,30,0,0],"gold":2,"neow_bonus":"RANDOM_COMMON_RELIC","is_daily":false,"chose_seed":false,"campfire_upgraded":6,"win_rate":0.0,"timestamp":1613335723,"path_taken":["M","?","M","M","?","R","M","R","T","?","R","E","R","E","R","BOSS","M","?","$","M","$","R","E","M","T","M","E","?","R","?","R","BOSS"],"items_purchased_type":["Card","Relic","Card","Potion","Card","Card"],"build_version":"2020-12-22","purchased_purges":3,"victory":false,"max_hp_per_floor":[66,66,66,66,66,66,66,66,66,66,66,66,66,66,66,66,66,66,66,66,66,66,66,66,66,66,66,66,66,66,66,66,66,66],"card_choices":[{"not_picked":["Cloak And Dagger","Calculated Gamble"],"picked":"Deadly Poison","floor":1.0},{"not_picked":["Dagger Throw","Setup"],"picked":"Blade Dance","floor":3.0},{"not_picked":["Riddle With Holes","Acrobatics"],"picked":"Deadly Poison","floor":4.0},{"not_picked":["Deadly Poison","Poisoned Stab","Prepared"],"picked":"SKIP","floor":7.0},{"not_picked":["Deflect","Distraction"],"picked":"Crippling Poison","floor":10.0},{"not_picked":["Deflect","Underhanded Strike"],"picked":"PiercingWail","floor":12.0},{"not_picked":["Slice","Dagger Throw"],"picked":"Escape Plan","floor":14.0},{"not_picked":["Burst","Bullet Time"],"picked":"Storm of Steel","floor":16.0},{"not_picked":["Bane","Dagger Throw","Deflect","Endless Agony"],"picked":"SKIP","floor":18.0},{"not_picked":["Bane","Dagger Throw","Endless Agony"],"picked":"Deflect","floor":18.0},{"not_picked":["Infinite Blades","Prepared","Bouncing Flask"],"picked":"Backstab","floor":21},{"not_picked":["Acrobatics","Footwork","Outmaneuver"],"picked":"PiercingWail","floor":24},{"not_picked":["Cloak And Dagger","Expertise","Calculated Gamble"],"picked":"Blade Dance","floor":25},{"not_picked":["Prepared","Dagger Throw","Choke"],"picked":"Infinite Blades","floor":27},{"not_picked":["Leg Sweep","Skewer+1","Calculated Gamble"],"picked":"Bullet Time","floor":28}],"player_experience":2379787,"relics_obtained":[{"floor":9.0,"key":"Bag of Preparation"},{"floor":12.0,"key":"Regal Pillow"},{"floor":14.0,"key":"Orichalcum"},{"floor":17.0,"key":"Centennial Puzzle"},{"floor":17.0,"key":"Question Card"},{"floor":17.0,"key":"Lizard Tail"},{"floor":19.0,"key":"Smiling Mask"},{"floor":24,"key":"Pen Nib"},{"floor":26,"key":"Akabeko"},{"floor":28,"key":"HornCleat"}],"event_choices":[{"damage_healed":0.0,"max_hp_gain":0.0,"max_hp_loss":0.0,"gold_gain":0.0,"event_name":"Scrap Ooze","player_choice":"Success","floor":2.0,"gold_loss":0.0,"damage_taken":5.0,"relics_obtained":["War Paint"]},{"damage_healed":0.0,"max_hp_gain":0.0,"max_hp_loss":0.0,"gold_gain":0.0,"event_name":"Accursed Blacksmith","player_choice":"Rummage","floor":5.0,"gold_loss":0.0,"damage_taken":0.0,"relics_obtained":["WarpedTongs"],"cards_obtained":["Pain"]},{"damage_healed":0,"gold_gain":0,"player_choice":"Ignored","damage_taken":0,"max_hp_gain":0,"max_hp_loss":0,"event_name":"Ghosts","floor":29,"gold_loss":0}],"is_beta":false,"boss_relics":[{"not_picked":["Ring of the Serpent","SlaversCollar"],"picked":"Calling Bell"}],"items_purged_floors":[20,22,31],"is_endless":false,"potions_floor_spawned":[3,7,12,18,27,28],"killed_by":"Automaton","ascension_level":20}}