{"host":"aovbmu76o5toxav1","time":1613263237,"event":{"mods":["BaseMod","Jorbs\u0027s Wanderer Trilogy","Marisa????????","Minty Spire (QoL Compilation)","StSLib","The Bug Knight","The Servant 0.9.4"],"gold_per_floor":[117,41,57,69,87,87,117,117,144,207,172,182,182,182,182,285,285,302,302,9,22,33,64,64,82,133,145,145,161,161,177,177,276,276,292,292,307,607,620,620,4,4,59,69,69,88,164,196,196,236,236],"floor_reached":50,"language":"ENG","playtime":10813,"items_purged":[],"score":571,"play_id":"c785834a-1fa2-4034-ae24-b06543c2ab05","local_time":"20210213194037","is_ascension_mode":false,"campfire_choices":[{"data":"OpenUniverse","floor":6.0,"key":"SMITH"},{"data":"MilkyWay","floor":8.0,"key":"SMITH"},{"data":"UpSweep","floor":13.0,"key":"SMITH"},{"floor":15.0,"key":"REST"},{"floor":28.0,"key":"REST"},{"data":"CasketOfStar","floor":30.0,"key":"SMITH"},{"floor":32.0,"key":"REST"},{"data":"Apotheosis","floor":40.0,"key":"SMITH"},{"floor":42.0,"key":"RECALL"},{"floor":49,"key":"REST"}],"circlet_count":0,"master_deck":["MasterSpark","UpSweep+1","OpenUniverse+1","OneTimeOff","MilkyWay+1","LuminesStrike","SporeBomb","ChargeUpSpray","AlicesGift","CasketOfStar+1","BlazingStar+1","EventHorizon+1","OrrerysSun+1","EnergyFlow","StarBarrage","DoubleSpark","StarlightTyphoon+1","IllusionStar+1","6A","UltimateShortwave","SprinkleStarSeal","DoubleSpark","AbsoluteMagnitude","EarthLightRay","Deep Breath","Apotheosis+1","Forethought","MeteoricShower","MysteriousBeam+1","Master of Strategy","Writhe","Robbery+1","GasGiant+1","GalacticHalo+1"],"relics":["MiniHakkero","NeowsBlessing","Smiling Mask","Bag of Marbles","Happy Flower","Astrolabe","Lee\u0027s Waffle","White Beast Statue","HandmadeGrimoire","Toy Ornithopter","Pandora\u0027s Box","MagicBroom","Sling","CaptainsWheel"],"acts_visited":["Exordium","TheCity","TheBeyond"],"potions_floor_usage":[46,47,50,50,50],"damage_taken":[{"damage":0.0,"enemies":"Small Slimes","floor":1.0,"turns":1.0},{"damage":0.0,"enemies":"2 Louse","floor":3.0,"turns":1.0},{"damage":0.0,"enemies":"Jaw Worm","floor":4.0,"turns":1.0},{"damage":9.0,"enemies":"2 Fungi Beasts","floor":5.0,"turns":3.0},{"damage":22.0,"enemies":"Gremlin Nob","floor":7.0,"turns":5.0},{"damage":29.0,"enemies":"3 Sentries","floor":10.0,"turns":6.0},{"damage":4.0,"enemies":"Red Slaver","floor":12.0,"turns":4.0},{"damage":17.0,"enemies":"The Guardian","floor":16.0,"turns":10.0},{"damage":25.0,"enemies":"2 Thieves","floor":18.0,"turns":3.0},{"damage":5.0,"enemies":"Chosen","floor":21.0,"turns":4.0},{"damage":31.0,"enemies":"Shelled Parasite and Fungi","floor":22.0,"turns":4.0},{"damage":12.0,"enemies":"Book of Stabbing","floor":23.0,"turns":4.0},{"damage":12.0,"enemies":"Snake Plant","floor":25.0,"turns":4.0},{"damage":21.0,"enemies":"Snecko","floor":27.0,"turns":4.0},{"damage":8.0,"enemies":"Sentry and Sphere","floor":29.0,"turns":4.0},{"damage":12.0,"enemies":"Centurion and Healer","floor":31.0,"turns":5.0},{"damage":40.0,"enemies":"Collector","floor":33.0,"turns":7.0},{"damage":14.0,"enemies":"Orb Walker","floor":35.0,"turns":4.0},{"damage":32.0,"enemies":"3 Darklings","floor":37.0,"turns":5.0},{"damage":1.0,"enemies":"4 Shapes","floor":39.0,"turns":1.0},{"damage":20.0,"enemies":"Sphere and 2 Shapes","floor":44.0,"turns":4.0},{"damage":0,"enemies":"3 Darklings","floor":46,"turns":3},{"damage":24,"enemies":"Reptomancer","floor":47,"turns":4},{"damage":3,"enemies":"Maw","floor":48,"turns":5},{"damage":120,"enemies":"Awakened One","floor":50,"turns":10}],"seed_played":"208127991554948888","potions_obtained":[{"floor":5.0,"key":"Dexterity Potion"},{"floor":12.0,"key":"SkillPotion"},{"floor":16.0,"key":"Ancient Potion"},{"floor":29.0,"key":"SpeedPotion"},{"floor":31.0,"key":"EssenceOfSteel"},{"floor":33.0,"key":"SpeedPotion"},{"floor":35.0,"key":"Energy Potion"},{"floor":37.0,"key":"ColorlessPotion"},{"floor":39.0,"key":"Fruit Juice"},{"floor":44.0,"key":"Regen Potion"},{"floor":46,"key":"ColorlessPotion"},{"floor":47,"key":"PowerPotion"},{"floor":48,"key":"Swift Potion"}],"is_trial":false,"path_per_floor":["M","$","M","M","M","R","E","R","T","?","?","M","R","?","R","B",null,"M","?","$","M","M","E","T","M","T","M","R","M","R","M","R","B",null,"M","?","M","?","M","R","$","R","T","M","?","M","E","M","R","B"],"character_chosen":"MARISA","items_purchased":["OneTimeOff","EnergyFlow","Lee\u0027s Waffle","StarBarrage","MagicBroom","Sling","Master of Strategy"],"campfire_rested":4,"item_purchase_floors":[2,20,20,20,41,41,41],"current_hp_per_floor":[75,75,75,75,66,66,44,44,44,15,33,29,29,22,44,27,75,50,36,87,82,51,39,39,27,27,6,32,29,29,22,48,23,87,77,67,35,35,34,34,34,34,34,23,45,50,42,45,72,0,0],"gold":236,"neow_bonus":"THREE_ENEMY_KILL","is_daily":false,"chose_seed":false,"campfire_upgraded":5,"win_rate":0.0,"timestamp":1613263237,"path_taken":["M","$","M","M","M","R","E","R","T","?","?","M","R","?","R","BOSS","M","?","$","M","M","E","?","?","T","?","R","M","R","M","R","BOSS","M","?","M","?","M","R","$","R","T","?","?","M","E","M","R","BOSS"],"items_purchased_type":["Card","Card","Relic","Card","Relic","Relic","Card"],"build_version":"2020-12-22","purchased_purges":0,"victory":false,"max_hp_per_floor":[75,75,75,75,75,75,75,75,75,75,75,75,75,75,75,75,75,75,80,87,87,87,87,87,87,87,87,87,87,87,87,87,87,87,87,87,87,87,87,87,87,87,87,87,87,87,92,92,92,92,92],"card_choices":[{"not_picked":["WitchLeyline","BlazeAway"],"picked":"OpenUniverse","floor":1.0},{"not_picked":["Singularity","GravityBeat"],"picked":"MilkyWay","floor":3.0},{"not_picked":["UnstableBomb","GravityBeat"],"picked":"LuminesStrike","floor":4.0},{"not_picked":["OrrerysSun","Acceleration"],"picked":"SporeBomb","floor":5.0},{"not_picked":["EnergyRecoil","WitchOfGreed"],"picked":"ChargeUpSpray","floor":7.0},{"not_picked":["MilkyWay","Singularity"],"picked":"AlicesGift","floor":10.0},{"not_picked":["GrandCross","GravityBeat","BlazeAway"],"picked":"SKIP","floor":12.0},{"not_picked":["AbsoluteMagnitude","TreasureHunter"],"picked":"CasketOfStar","floor":16.0},{"not_picked":["ShootingEcho","ChargingUp+1","MysteriousBeam"],"picked":"SKIP","floor":18.0},{"not_picked":["MagicChant","NonDirectionalLaser"],"picked":"DoubleSpark","floor":21.0},{"not_picked":["DC","EventHorizon+1","6A"],"picked":"SKIP","floor":22.0},{"not_picked":["OortCloud","WitchLeyline"],"picked":"StarlightTyphoon+1","floor":23.0},{"not_picked":["FairyDestructionRay+1","DoubleSpark","StarBarrage"],"picked":"SKIP","floor":25.0},{"not_picked":["AsteroidBelt","MilkyWay","PropBag"],"picked":"SKIP","floor":27.0},{"not_picked":["DeepEcoloBomb","WitchOfGreed"],"picked":"IllusionStar+1","floor":29.0},{"not_picked":["UnstableBomb","PropBag"],"picked":"6A","floor":31.0},{"not_picked":["MaximisePower","EscapeVelocity"],"picked":"UltimateShortwave","floor":33.0},{"not_picked":["DoubleSpark+1","PropBag","Singularity"],"picked":"SKIP","floor":35.0},{"not_picked":["Bandage Up","Trip"],"picked":"Deep Breath","floor":36.0},{"not_picked":["Impatience","Enlightenment"],"picked":"Apotheosis","floor":36.0},{"not_picked":["Deep Breath","Impatience"],"picked":"Forethought","floor":36.0},{"not_picked":["UnstableBomb","EventHorizon"],"picked":"MeteoricShower","floor":37.0},{"not_picked":["DarkMatter+1","DarkSpark"],"picked":"MysteriousBeam+1","floor":39.0},{"not_picked":["WitchOfGreed","DoubleSpark","MysteriousBeam+1"],"picked":"SKIP","floor":44.0},{"not_picked":["WitchOfGreed","LuminesStrike+1"],"picked":"Robbery+1","floor":46},{"not_picked":["IllusionStar","EnergyRecoil"],"picked":"GasGiant+1","floor":47},{"not_picked":["MagicAbsorber","UnstableBomb+1"],"picked":"GalacticHalo+1","floor":48}],"player_experience":104136,"relics_obtained":[{"floor":7.0,"key":"Smiling Mask"},{"floor":9.0,"key":"Bag of Marbles"},{"floor":10.0,"key":"Happy Flower"},{"floor":23.0,"key":"White Beast Statue"},{"floor":24.0,"key":"HandmadeGrimoire"},{"floor":26.0,"key":"Toy Ornithopter"},{"floor":47,"key":"CaptainsWheel"}],"event_choices":[{"damage_healed":0.0,"max_hp_gain":0.0,"max_hp_loss":0.0,"gold_gain":0.0,"event_name":"Dead Adventurer","player_choice":"Searched \u00271\u0027 times","floor":10.0,"gold_loss":0.0,"damage_taken":0.0},{"damage_healed":18.0,"max_hp_gain":0.0,"max_hp_loss":0.0,"gold_gain":0.0,"event_name":"The Cleric","player_choice":"Healed","floor":11.0,"gold_loss":35.0,"damage_taken":0.0},{"cards_removed":["Strike_MRS"],"damage_healed":0.0,"max_hp_gain":0.0,"max_hp_loss":0.0,"gold_gain":0.0,"event_name":"Golden Wing","player_choice":"Card Removal","floor":14.0,"gold_loss":0.0,"damage_taken":7.0},{"damage_healed":0.0,"max_hp_gain":5.0,"max_hp_loss":0.0,"gold_gain":0.0,"event_name":"Forgotten Altar","player_choice":"Shed Blood","floor":19.0,"gold_loss":0.0,"damage_taken":19.0},{"damage_healed":0.0,"max_hp_gain":0.0,"max_hp_loss":0.0,"gold_gain":0.0,"event_name":"SensoryStone","player_choice":"Memory 3","floor":36.0,"gold_loss":0.0,"damage_taken":10.0},{"damage_healed":0.0,"max_hp_gain":0.0,"max_hp_loss":0.0,"gold_gain":300.0,"event_name":"Wheel of Change","player_choice":"Gold","floor":38.0,"gold_loss":0.0,"damage_taken":0.0},{"damage_healed":22.0,"max_hp_gain":0.0,"max_hp_loss":0.0,"gold_gain":0.0,"event_name":"Winding Halls","player_choice":"Writhe","floor":45.0,"gold_loss":0.0,"damage_taken":0.0,"cards_obtained":["Writhe"]}],"is_beta":false,"boss_relics":[{"not_picked":["Runic Dome","Empty Cage"],"picked":"Astrolabe"},{"not_picked":["Fusion Hammer","Velvet Choker"],"picked":"Pandora\u0027s Box"}],"items_purged_floors":[],"is_endless":false,"potions_floor_spawned":[5,12,16,21,25,27,29,31,33,35,37,39,44,46,47,48],"killed_by":"Awakened One","ascension_level":0}}