{"host":"7sni158j623xchr2","time":1613346354,"event":{"mods":["BaseMod","Colored Map","Highlight Path","Minty Spire (QoL Compilation)","Permanent Neow","Potion Indicator Mod","Rare Cards Sparkle","Relic Sorter","Relic Stats","StSLib","everything is the same but u backflip on backflip"],"gold_per_floor":[112,387,2,15,15,15,47,47,92,127,27,59,69,69,69,167,167,182,16,27,42,57,57,89,89,89,115,215,215,228,71,71,169,169,180,193,50,50,0,30,30,30,30,30,43,74,74,74,74,74,74,74,74,103,103],"floor_reached":56,"language":"ENG","playtime":1258,"items_purged":["Regret","Defend_G","Strike_G"],"score":1435,"play_id":"8a20dfbf-4ee1-4af3-9841-6e18eebdac24","local_time":"20210214174554","is_ascension_mode":true,"campfire_choices":[{"data":"Dagger Spray","floor":6,"key":"SMITH"},{"data":"Dash","floor":8,"key":"SMITH"},{"data":"Terror","floor":15,"key":"SMITH"},{"data":"Neutralize","floor":23,"key":"SMITH"},{"data":"Deadly Poison","floor":25,"key":"SMITH"},{"data":"Crippling Poison","floor":29,"key":"SMITH"},{"data":"Catalyst","floor":32,"key":"SMITH"},{"data":"Catalyst","floor":41,"key":"SMITH"},{"floor":47,"key":"RECALL"},{"data":"Adrenaline","floor":49,"key":"SMITH"},{"data":"Poisoned Stab","floor":52,"key":"SMITH"}],"circlet_count":0,"master_deck":["Strike_G","Defend_G","Defend_G","Survivor","Neutralize+1","Dagger Spray+1","Dagger Throw","Dash+1","Poisoned Stab+1","Terror+1","Deadly Poison+1","Catalyst+1","PiercingWail","Crippling Poison+1","Acrobatics+1","Catalyst+1","Adrenaline+1","Dash+1","Bane+1","Dodge and Roll+1"],"relics":["Ring of the Snake","Thread and Needle","Strawberry","Nunchaku","Bottled Flame","Anchor","Empty Cage","HornCleat","White Beast Statue","Unceasing Top","DollysMirror","Philosopher\u0027s Stone","Snake Skull","Red Mask","Torii","StoneCalendar","Akabeko"],"acts_visited":["Exordium","TheCity","TheBeyond","TheEnding"],"potions_floor_usage":[21,22,30,55,55],"damage_taken":[{"damage":0,"enemies":"Small Slimes","floor":1,"turns":3},{"damage":0,"enemies":"Cultist","floor":4,"turns":3},{"damage":11,"enemies":"Gremlin Nob","floor":7,"turns":4},{"damage":0,"enemies":"3 Sentries","floor":10,"turns":5},{"damage":6,"enemies":"Gremlin Nob","floor":12,"turns":4},{"damage":0,"enemies":"2 Louse","floor":13,"turns":1},{"damage":13,"enemies":"The Guardian","floor":16,"turns":11},{"damage":0,"enemies":"Chosen","floor":18,"turns":3},{"damage":0,"enemies":"3 Byrds","floor":20,"turns":5},{"damage":0,"enemies":"3 Cultists","floor":21,"turns":4},{"damage":0,"enemies":"Shelled Parasite and Fungi","floor":22,"turns":5},{"damage":17,"enemies":"Slavers","floor":24,"turns":7},{"damage":2,"enemies":"Book of Stabbing","floor":27,"turns":5},{"damage":0,"enemies":"Snecko","floor":30,"turns":4},{"damage":29,"enemies":"Collector","floor":33,"turns":5},{"damage":0,"enemies":"3 Shapes","floor":35,"turns":3},{"damage":0,"enemies":"Orb Walker","floor":36,"turns":2},{"damage":0,"enemies":"Giant Head","floor":40,"turns":5},{"damage":0,"enemies":"3 Darklings","floor":45,"turns":3},{"damage":0,"enemies":"Nemesis","floor":46,"turns":3},{"damage":1,"enemies":"Time Eater","floor":50,"turns":4},{"damage":0,"enemies":"Shield and Spear","floor":54,"turns":3},{"damage":58,"enemies":"The Heart","floor":55,"turns":7}],"seed_played":"7475794213766400401","potions_obtained":[{"floor":7,"key":"ColorlessPotion"},{"floor":13,"key":"PowerPotion"},{"floor":16,"key":"Swift Potion"},{"floor":22,"key":"Fruit Juice"},{"floor":27,"key":"FairyPotion"},{"floor":30,"key":"CunningPotion"},{"floor":35,"key":"Fire Potion"},{"floor":36,"key":"CultistPotion"}],"is_trial":false,"path_per_floor":["M","?","$","M","$","R","E","R","T","E","$","E","M","?","R","B",null,"M","$","M","M","M","R","E","R","T","E","?","R","M","$","R","B",null,"M","M","$","?","?","E","R","?","T","$","M","E","R","?","R","B",null,"R","$","E","B",null],"character_chosen":"THE_SILENT","items_purchased":["Thread and Needle","Catalyst","DollysMirror","Snake Skull"],"campfire_rested":0,"item_purchase_floors":[3,19,31,37],"current_hp_per_floor":[63,63,63,63,63,63,59,59,59,59,59,53,53,46,46,33,70,70,70,70,70,70,70,53,53,53,51,51,51,56,56,56,27,75,75,75,75,75,75,75,75,75,75,75,75,75,75,75,75,74,75,75,75,75,17],"gold":103,"neow_bonus":"REMOVE_TWO","is_daily":false,"chose_seed":false,"campfire_upgraded":10,"win_rate":0.0,"timestamp":1613346354,"path_taken":["M","?","$","M","$","R","E","R","T","E","?","E","M","?","R","BOSS","M","$","?","M","M","R","E","R","T","E","?","R","?","?","R","BOSS","M","M","$","?","?","E","R","?","T","$","?","E","R","?","R","BOSS","R","$","E","BOSS"],"items_purchased_type":["Relic","Card","Relic","Relic"],"build_version":"2020-12-22","purchased_purges":3,"victory":true,"max_hp_per_floor":[63,63,63,63,63,63,70,70,70,70,70,70,70,70,70,70,70,70,70,70,70,70,70,70,70,70,70,70,70,75,75,75,75,75,75,75,75,75,75,75,75,75,75,75,75,75,75,75,75,75,75,75,75,75,75],"relic_stats":{"Nunchaku":[17],"Torii":47,"counters":[23,99],"StoneCalendar":[26],"Snake Skull":[42],"obtain_stats":[{"Torii":40,"Thread and Needle":3,"StoneCalendar":46,"Snake Skull":37,"Empty Cage":17,"White Beast Statue":26,"Akabeko":54,"Nunchaku":9,"Bottled Flame":10,"Anchor":12,"HornCleat":24,"DollysMirror":31,"Strawberry":7,"Philosopher\u0027s Stone":34,"Red Mask":39,"Unceasing Top":27,"Ring of the Snake":0},{"Torii":18,"Thread and Needle":1,"StoneCalendar":20,"Snake Skull":17,"Empty Cage":7,"White Beast Statue":12,"Akabeko":22,"Nunchaku":3,"Bottled Flame":4,"Anchor":5,"HornCleat":12,"DollysMirror":14,"Strawberry":3,"Philosopher\u0027s Stone":15,"Red Mask":17,"Unceasing Top":13,"Ring of the Snake":0},{"Torii":79,"Thread and Needle":3,"StoneCalendar":85,"Snake Skull":74,"Empty Cage":31,"White Beast Statue":55,"Akabeko":92,"Nunchaku":10,"Bottled Flame":15,"Anchor":19,"HornCleat":55,"DollysMirror":64,"Strawberry":10,"Philosopher\u0027s Stone":69,"Red Mask":74,"Unceasing Top":60,"Ring of the Snake":0}],"Unceasing Top":[3],"Ring of the Snake":[46]},"card_choices":[{"not_picked":["Dagger Throw","Eviscerate"],"picked":"Dagger Spray","floor":1},{"not_picked":["Concentrate","Heel Hook"],"picked":"Dagger Throw","floor":4},{"not_picked":["Deflect","All Out Attack"],"picked":"Dash","floor":7},{"not_picked":["Setup","Prepared"],"picked":"Deflect","floor":10},{"not_picked":["Outmaneuver","Dodge and Roll"],"picked":"Poisoned Stab","floor":12},{"not_picked":["Quick Slash","Deflect"],"picked":"Terror","floor":13},{"not_picked":["Terror","Slice"],"picked":"Deadly Poison","floor":18},{"not_picked":["Endless Agony","Deadly Poison+1"],"picked":"PiercingWail","floor":20},{"not_picked":["Acrobatics+1","Flying Knee","Calculated Gamble"],"picked":"SKIP","floor":21},{"not_picked":["Deadly Poison","Flying Knee","Poisoned Stab"],"picked":"SKIP","floor":22},{"not_picked":["Backflip","Heel Hook","Deadly Poison"],"picked":"SKIP","floor":24},{"not_picked":["Accuracy+1","Acrobatics"],"picked":"Crippling Poison","floor":27},{"not_picked":["Riddle With Holes","Doppelganger"],"picked":"Acrobatics+1","floor":30},{"not_picked":["Envenom","Night Terror"],"picked":"Adrenaline","floor":33},{"not_picked":["Setup+1","Poisoned Stab","Dagger Throw"],"picked":"SKIP","floor":35},{"not_picked":["Riddle With Holes","Outmaneuver","Sucker Punch+1"],"picked":"SKIP","floor":36},{"not_picked":["Sucker Punch+1","Storm of Steel"],"picked":"Dash+1","floor":40},{"not_picked":["Acrobatics+1","Slice+1"],"picked":"Bane+1","floor":45},{"not_picked":["Grand Finale","Choke+1","Expertise+1"],"picked":"SKIP","floor":46},{"not_picked":["Prepared+1","Tools of the Trade"],"picked":"Dodge and Roll+1","floor":54}],"player_experience":1794166,"relics_obtained":[{"floor":7,"key":"Strawberry"},{"floor":9,"key":"Nunchaku"},{"floor":10,"key":"Bottled Flame"},{"floor":12,"key":"Anchor"},{"floor":24,"key":"HornCleat"},{"floor":26,"key":"White Beast Statue"},{"floor":27,"key":"Unceasing Top"},{"floor":40,"key":"Torii"},{"floor":46,"key":"StoneCalendar"},{"floor":54,"key":"Akabeko"}],"event_choices":[{"damage_healed":0,"gold_gain":275,"player_choice":"Desecrate","damage_taken":0,"max_hp_gain":0,"max_hp_loss":0,"event_name":"Golden Shrine","floor":2,"gold_loss":0,"cards_obtained":["Regret"]},{"damage_healed":0,"gold_gain":0,"player_choice":"Damaged","damage_taken":7,"max_hp_gain":0,"max_hp_loss":0,"event_name":"Wheel of Change","floor":14,"gold_loss":0},{"damage_healed":0,"gold_gain":100,"player_choice":"Pray","damage_taken":0,"max_hp_gain":0,"max_hp_loss":0,"event_name":"Golden Shrine","floor":28,"gold_loss":0},{"cards_removed":["Deflect"],"damage_healed":0,"gold_gain":0,"player_choice":"Removed Skill","damage_taken":0,"max_hp_gain":0,"max_hp_loss":0,"event_name":"Falling","floor":38,"gold_loss":0},{"damage_healed":0,"gold_gain":0,"player_choice":"Paid","damage_taken":0,"relics_obtained":["Red Mask"],"max_hp_gain":0,"max_hp_loss":0,"event_name":"Tomb of Lord Red Mask","floor":39,"gold_loss":50},{"damage_healed":0,"gold_gain":0,"player_choice":"Ignored","damage_taken":0,"max_hp_gain":0,"max_hp_loss":0,"event_name":"SecretPortal","floor":42,"gold_loss":0},{"cards_removed":["Strike_G"],"damage_healed":0,"gold_gain":0,"player_choice":"Offered Basic","damage_taken":0,"max_hp_gain":0,"max_hp_loss":0,"event_name":"Bonfire Elementals","floor":48,"gold_loss":0}],"is_beta":false,"boss_relics":[{"not_picked":["Velvet Choker","Fusion Hammer"],"picked":"Empty Cage"},{"not_picked":["Pandora\u0027s Box","Runic Pyramid"],"picked":"Philosopher\u0027s Stone"}],"items_purged_floors":[3,11,19],"is_endless":false,"potions_floor_spawned":[7,13,16,22,27,30,33,35,36,40,45,46,54],"ascension_level":1}}