{"host":"bakf0s4odzu8z5xt","time":1613289537,"event":{"mods":["2.2 Compatiblity","BaseMod","Downfall","Friendly Minions","Minty Spire (QoL Compilation)","StSLib"],"gold_per_floor":[99,119,139,156,169,169,169,169,169,189,223,241,141,169,188,292,292,292,311,123,123,142,142,169,54,54,54,54,54,81,96,107,210,210,10,26,301,3,20,20,97,112,10,27,37,72,72,72,87,87,87,116,5,5,5,5],"floor_reached":57,"language":"ENG","playtime":5043,"items_purged":["Guardian:Strike_Guardian","Guardian:Strike_Guardian","Regret"],"score":1434,"play_id":"51a1fa16-e9be-46cb-8599-1038f8641c3f","local_time":"20210214015857","is_ascension_mode":true,"campfire_choices":[{"data":"Guardian:TwinSlam","floor":1.0,"key":"SMITH"},{"data":"Guardian:DonusPower","floor":6.0,"key":"SMITH"},{"data":"Guardian:DecasProtection","floor":9.0,"key":"SMITH"},{"floor":13.0,"key":"REST"},{"data":"Guardian:DonusPower","floor":18.0,"key":"SMITH"},{"floor":23.0,"key":"RECALL"},{"data":"Guardian:BronzeArmor","floor":26.0,"key":"SMITH"},{"data":"Guardian:PrismaticBarrier","floor":29.0,"key":"SMITH"},{"data":"Guardian:BaubleBeam","floor":35.0,"key":"SMITH"},{"data":"Guardian:ConstructionForm","floor":47.0,"key":"SMITH"},{"floor":54.0,"key":"REST"}],"circlet_count":0,"master_deck":["Guardian:Defend_Guardian","Guardian:Defend_Guardian","Guardian:Defend_Guardian","Guardian:Defend_Guardian","Guardian:CurlUp","Guardian:TwinSlam+1","Guardian:PolyBeam","Guardian:DonusPower+1","Guardian:DecasProtection+1","Guardian:BronzeArmor+1","Guardian:BronzeArmor","Guardian:DonusPower+1","Guardian:GemFinder","Guardian:RevengeProtocol","Guardian:PiercingHide","Guardian:PrismaticBarrier+1","Guardian:BaubleBeam+1","Guardian:PiercingHide","Guardian:ConstructionForm+1","Guardian:RevengeProtocol","Guardian:EvasiveProtocol","Guardian:GemFire","Guardian:VentSteam+1","Guardian:FloatingOrbs","Guardian:BodySlam","Guardian:PrismaticBeam","Guardian:WalkerClaw","Guardian:FloatingOrbs"],"relics":["Guardian:ModeShifter","Incense Burner","Bird Faced Urn","downfall:HeartBlessingGreen","Pantograph","Guardian:StasisSlotReductionRelic","HornCleat","Empty Cage","downfall:HeartBlessingRed","downfall:HeartBlessingBlue","Pear","Calipers","StrikeDummy","Turnip"],"acts_visited":["Exordium","TheCity","TheBeyond","TheEnding"],"potions_floor_usage":[56,56],"damage_taken":[{"damage":0.0,"enemies":"Cultist","floor":2.0,"turns":3.0},{"damage":3.0,"enemies":"2 Louse","floor":3.0,"turns":2.0},{"damage":7.0,"enemies":"Jaw Worm","floor":4.0,"turns":4.0},{"damage":9.0,"enemies":"2 Fungi Beasts","floor":5.0,"turns":4.0},{"damage":7.0,"enemies":"Red Slaver","floor":10.0,"turns":4.0},{"damage":22.0,"enemies":"Lagavulin","floor":11.0,"turns":8.0},{"damage":6.0,"enemies":"Blue Slaver","floor":12.0,"turns":4.0},{"damage":20.0,"enemies":"3 Sentries","floor":14.0,"turns":6.0},{"damage":3.0,"enemies":"Gremlin Gang","floor":15.0,"turns":5.0},{"damage":46.0,"enemies":"IC_STATUS_ARCHETYPE","floor":16.0,"turns":10.0},{"damage":24.0,"enemies":"downfall:LooterAlt2","floor":19.0,"turns":5.0},{"damage":0.0,"enemies":"downfall:FleeingMerchant","floor":20.0,"turns":4.0},{"damage":12.0,"enemies":"Shell Parasite","floor":22.0,"turns":6.0},{"damage":0.0,"enemies":"downfall:FleeingMerchant","floor":25.0,"turns":4.0},{"damage":1.0,"enemies":"Book of Stabbing","floor":30.0,"turns":6.0},{"damage":4.0,"enemies":"Centurion and Healer","floor":31.0,"turns":6.0},{"damage":8.0,"enemies":"Cultist and Chosen","floor":32.0,"turns":5.0},{"damage":16.0,"enemies":"WA_ARCHETYPE_CALM","floor":33.0,"turns":16.0},{"damage":7.0,"enemies":"3 Darklings","floor":36.0,"turns":6.0},{"damage":0.0,"enemies":"downfall:FleeingMerchant","floor":38.0,"turns":4.0},{"damage":0.0,"enemies":"3 Shapes","floor":39.0,"turns":11.0},{"damage":0.0,"enemies":"Maw","floor":42.0,"turns":7.0},{"damage":1.0,"enemies":"downfall:FleeingMerchant","floor":43.0,"turns":4.0},{"damage":2.0,"enemies":"3 Darklings","floor":44.0,"turns":6.0},{"damage":7.0,"enemies":"Sphere and 2 Shapes","floor":45.0,"turns":7.0},{"damage":3.0,"enemies":"Nemesis","floor":46.0,"turns":7.0},{"damage":0.0,"enemies":"Maw","floor":49.0,"turns":3.0},{"damage":0.0,"enemies":"DF_ARCHETYPE_ORBS","floor":50.0,"turns":11.0},{"damage":46.0,"enemies":"downfall:CharBossMerchant","floor":52.0,"turns":7.0},{"damage":0.0,"enemies":"downfall:NeowBoss","floor":55.0,"turns":14.0},{"damage":92,"enemies":"downfall:NeowBossFinal","floor":56,"turns":9}],"seed_played":"-4528212489482226952","potions_obtained":[{"floor":3.0,"key":"Strength Potion"},{"floor":10.0,"key":"Fire Potion"},{"floor":12.0,"key":"LiquidBronze"},{"floor":14.0,"key":"Dexterity Potion"},{"floor":16.0,"key":"champ:CounterPotion"},{"floor":19.0,"key":"hexamod:SoulburnPotion"},{"floor":31.0,"key":"hexamod:SoulburnPotion"},{"floor":33.0,"key":"bronze:BurnAndBuffPotion"},{"floor":39.0,"key":"Swift Potion"},{"floor":45.0,"key":"SteroidPotion"},{"floor":46.0,"key":"PowerPotion"},{"floor":49.0,"key":"Guardian:BlockOnCardUsePotion"}],"is_trial":false,"path_per_floor":["R","M","M","M","M","R","T","?","R","M","E","M","R","E","M","B",null,"R","M","$","?","M","R","T","$","R","?","?","R","E","M","M","B",null,"R","M","?","$","M","?","T","M","$","M","M","E","R","?","M","B",null,"E","$","R","B","B",null],"character_chosen":"GUARDIAN","items_purchased":["CultistPotion","Guardian:GemFire","Calipers","Guardian:BodySlam","Guardian:PrismaticBeam","Guardian:Gem_White","Guardian:FloatingOrbs"],"campfire_rested":2,"item_purchase_floors":[20,38,43,43,43,53,53],"current_hp_per_floor":[72,72,69,62,53,53,53,53,53,46,24,20,48,30,27,6,96,96,72,76,76,70,70,70,74,74,74,74,74,79,81,79,80,96,106,99,99,106,106,106,116,116,116,116,116,116,116,116,116,116,116,76,76,110,116,26],"gold":5,"neow_bonus":"TWENTY_PERCENT_HP_BONUS","is_daily":false,"chose_seed":false,"campfire_upgraded":8,"win_rate":0.0,"timestamp":1613289537,"path_taken":["R","M","M","?","M","R","T","?","R","M","E","M","R","E","M","BOSS","R","M","$","?","M","R","T","$","R","?","?","R","E","M","M","BOSS","R","M","?","$","?","?","T","M","$","?","M","E","R","?","M","BOSS","E","$","R","BOSS","BOSS"],"items_purchased_type":["Potion","Card","Relic","Card","Card","Card","Card"],"build_version":"2020-12-22","purchased_purges":3,"victory":true,"max_hp_per_floor":[96,96,96,96,96,96,96,96,96,96,96,96,96,96,96,96,96,96,96,96,96,96,96,96,96,96,96,96,96,96,96,96,96,96,106,106,106,106,106,106,116,116,116,116,116,116,116,116,116,116,116,116,116,116,116,116],"card_choices":[{"not_picked":["Guardian:PrismaticBeam","Guardian:PiercingHide"],"picked":"Guardian:Reroute","floor":2.0},{"not_picked":["Guardian:PrimingBeam","Guardian:Gem_Green"],"picked":"Guardian:PolyBeam","floor":3.0},{"not_picked":["Guardian:Incinerate","Guardian:Clone"],"picked":"Guardian:DonusPower","floor":4.0},{"not_picked":["Guardian:Preprogram","Guardian:WalkerClaw"],"picked":"Guardian:DecasProtection","floor":5.0},{"not_picked":["Guardian:Gem_Cyan","Guardian:Suspension","Guardian:Gem_Lightblue"],"picked":"SKIP","floor":10.0},{"not_picked":["Guardian:MultiBeam","Guardian:Incinerate"],"picked":"Guardian:BronzeArmor","floor":11.0},{"not_picked":["Guardian:Gem_Orange","Guardian:Gem_Yellow"],"picked":"Guardian:Gem_Green","floor":12.0},{"not_picked":["Guardian:Gem_Blue","Guardian:Harden"],"picked":"Guardian:BronzeArmor","floor":14.0},{"not_picked":["Guardian:DecasProtection","Guardian:TemporalShield"],"picked":"Guardian:DonusPower","floor":15.0},{"not_picked":["Guardian:HyperBeam_Guardian","Guardian:ExploitGems"],"picked":"Guardian:GemFinder","floor":16.0},{"not_picked":["Guardian:Gem_Green","Guardian:Gem_Lightblue"],"picked":"Guardian:Gem_Red","floor":19.0},{"not_picked":["Guardian:Suspension","Guardian:Incinerate","Guardian:Recover"],"picked":"SKIP","floor":19.0},{"not_picked":["Guardian:TimeCapacitor","Guardian:VentSteam"],"picked":"Guardian:RevengeProtocol","floor":20.0},{"not_picked":["Guardian:RollAttack","Guardian:Gem_Crimson"],"picked":"Guardian:PiercingHide","floor":22.0},{"not_picked":["Guardian:Gem_Lightblue","Guardian:Gem_Red"],"picked":"Guardian:Gem_Cyan","floor":22.0},{"not_picked":["Guardian:Gem_Cyan","Guardian:Gem_Green"],"picked":"Guardian:PrismaticBarrier","floor":25.0},{"not_picked":["Guardian:Gem_Red","Guardian:Gem_Lightblue"],"picked":"Guardian:Gem_Green","floor":25.0},{"not_picked":["Guardian:Gem_Red","Guardian:Gem_Green"],"picked":"Guardian:Gem_Cyan","floor":30.0},{"not_picked":["Guardian:Gem_Fragmented","Guardian:Planning"],"picked":"Guardian:BaubleBeam","floor":30.0},{"not_picked":["Guardian:Gem_Cyan","Guardian:Gem_Lightblue"],"picked":"Guardian:Gem_Red","floor":31.0},{"not_picked":["Guardian:Gem_Cyan","Guardian:PolyBeam"],"picked":"Guardian:PiercingHide","floor":31.0},{"not_picked":["Guardian:PrismaticBeam","Guardian:Gem_Crimson"],"picked":"Guardian:ConstructionForm","floor":32.0},{"not_picked":["Guardian:Gem_Lightblue","Guardian:Gem_Red"],"picked":"Guardian:Gem_Cyan","floor":32.0},{"not_picked":["Guardian:FastForward","Guardian:ConstructionForm"],"picked":"Guardian:RevengeProtocol","floor":33.0},{"not_picked":["Guardian:Gem_Red","Guardian:Gem_Lightblue"],"picked":"Guardian:Gem_Cyan","floor":33.0},{"not_picked":["Guardian:Clone","Guardian:TemporalShield+1"],"picked":"Guardian:EvasiveProtocol","floor":36.0},{"not_picked":["Guardian:TemporalShield","Guardian:Suspension","Guardian:Gem_Cyan"],"picked":"SKIP","floor":38.0},{"not_picked":["Guardian:Planning","Guardian:Suspension+1"],"picked":"Guardian:VentSteam+1","floor":39.0},{"not_picked":["Guardian:Gem_Red","Guardian:Gem_Lightblue"],"picked":"Guardian:Gem_Green","floor":39.0},{"not_picked":["Guardian:Gem_Red","Guardian:Gem_Green"],"picked":"Guardian:Gem_Cyan","floor":42.0},{"not_picked":["Guardian:Planning","Guardian:Suspension","Guardian:ShieldCharger"],"picked":"SKIP","floor":42.0},{"not_picked":["Guardian:Planning","Guardian:GatlingBeam"],"picked":"Guardian:FloatingOrbs","floor":43.0},{"not_picked":["Guardian:Gem_Lightblue","Guardian:Gem_Green"],"picked":"Guardian:Gem_Cyan","floor":44.0},{"not_picked":["Guardian:PrimingBeam+1","Guardian:Gem_Lightblue"],"picked":"Guardian:Gem_Cyan","floor":44.0},{"not_picked":["Guardian:Planning","Guardian:Gem_Green"],"picked":"Guardian:WalkerClaw","floor":45.0},{"not_picked":["Guardian:VentSteam+1","Guardian:Reroute+1","Guardian:WalkerClaw"],"picked":"SKIP","floor":46.0},{"not_picked":["Guardian:GatlingBeam","Guardian:PrimingBeam","Guardian:Suspension+1"],"picked":"SKIP","floor":49.0},{"not_picked":["Guardian:Gem_Red","Guardian:Gem_Lightblue"],"picked":"Guardian:Gem_Cyan","floor":52.0},{"not_picked":["Guardian:TimeCapacitor","Guardian:Gem_Lightblue"],"picked":"Guardian:Gem_Fragmented","floor":52.0}],"player_experience":2194092,"relics_obtained":[{"floor":7.0,"key":"Incense Burner"},{"floor":11.0,"key":"Bird Faced Urn"},{"floor":14.0,"key":"Pantograph"},{"floor":30.0,"key":"HornCleat"},{"floor":41.0,"key":"Pear"},{"floor":46.0,"key":"StrikeDummy"},{"floor":52.0,"key":"Turnip"}],"event_choices":[{"damage_healed":0.0,"max_hp_gain":0.0,"max_hp_loss":0.0,"gold_gain":0.0,"event_name":"Vampires","player_choice":"Ignored","floor":28.0,"gold_loss":0.0,"damage_taken":0.0}],"is_beta":false,"boss_relics":[{"not_picked":["Pandora\u0027s Box","SlaversCollar"],"picked":"Guardian:StasisSlotReductionRelic"},{"not_picked":["sneckomod:SneckoTalon","SacredBark"],"picked":"Empty Cage"}],"items_purged_floors":[20,25,38],"is_endless":false,"potions_floor_spawned":[3,10,12,14,16,19,31,33,39,45,46,49],"ascension_level":3}}