{"host":"4r0bywnqvg42kgrk","time":1613282286,"event":{"mods":["AchievementEnabler","Act Like it!","Arknights","Aspiration","Bartender","BaseMod","Better Altar","Better Match","Better Note","Better Sensory Stone","Better Skull","Better Third Choice","BetterRewards","CCEM2","Clawfect","Conspire","Decade(â§è¨ñæ)","Gensokyo","Hallownest","Hermit","Ironclad Rager","JesterMod","Jorbs\u0027s Wanderer Trilogy","Kalas","KinomotoSakuraMod(ñÿîVñ{?)","Lobotomy","MarisaÅiñ∂âJÅ@ñÇóùçπÅj","Mimic Mod","Minty Spire (QoL Compilation)","Nova Terra(?à°ÅEë◊ùf)","Pikachu Mod","Replay The Spire","SOSÅiézîb?îVéqÅj","Shade Mod","Shop Mod","Spicy Shops","StSLib","Steal the Spire","Td1madao Mod","The Animator","The Blackbeard","The Bladedancer","The Bug Knight","The Exalted","The Gatherer","The Hierophant","The Kombatant","The Marked","The Mystic","The Saiyan","The Servant 0.9.4","The Wild Card","TheHero","Warlord Emblem","slay the spire mod where everything is the same but ironclad has a cowboy hat","Åyå˜î\ModÅz?ñæìIç≈?Boss"],"gold_per_floor":[111,142,12,29,41,41,11,11,50,50,50,63,63,79,79,179,179,191,191,191],"floor_reached":19,"language":"JPN","playtime":3452,"items_purged":[],"score":159,"play_id":"31cb838c-f978-4871-b3cf-11b3884a5d45","local_time":"20210214145806","is_ascension_mode":false,"campfire_choices":[{"floor":6,"key":"REST"},{"floor":8,"key":"REST"},{"floor":15,"key":"REST"}],"circlet_count":0,"master_deck":["animator:Strike_Konosuba","animator:Defend_Konosuba","animator:Strike","animator:Strike+1","animator:Strike","animator:Defend","animator:Defend","animator:Defend","animator:Kazuma","animator:Aqua","animator:Tet","animator:WinryRockbell","animator:Hakurou","animator:Jibril","animator:DolaCouronne","animator:Kuribayashi","animator:Jibril","animator:RoryMercury","animator:Emonzaemon","animator:OrikoMikuni","animator:Shinoa","animator:Albedo","animator:MaesHughes"],"relics":["animator:LivingPicture","animator:TheMissingPiece","animator:PurgingStone","Bag of Preparation","aspiration:PoetsPen_weak"],"acts_visited":["Exordium","TheCity"],"potions_floor_usage":[7,16,16],"damage_taken":[{"damage":4,"enemies":"Cultist","floor":1,"turns":4},{"damage":4,"enemies":"Small Slimes","floor":2,"turns":4},{"damage":14,"enemies":"Jaw Worm","floor":4,"turns":9},{"damage":22,"enemies":"3 Louse","floor":5,"turns":5},{"damage":6,"enemies":"Looter","floor":7,"turns":4},{"damage":9,"enemies":"Exordium Wildlife","floor":9,"turns":12},{"damage":6,"enemies":"Exordium Wildlife","floor":12,"turns":4},{"damage":15,"enemies":"3 Louse","floor":14,"turns":5},{"damage":42,"enemies":"Hexaghost","floor":16,"turns":14},{"damage":34,"enemies":"2 Thieves","floor":18,"turns":4},{"damage":39,"enemies":"Chosen","floor":19,"turns":5}],"seed_played":"-6681098190740136157","potions_obtained":[{"floor":1,"key":"Venom Potion"},{"floor":12,"key":"Languid Potion"},{"floor":14,"key":"SkillPotion"}],"is_trial":false,"path_per_floor":["M","M","$","M","M","R","M","R","MIM","?","$","M","?","M","R","B",null,"M","M"],"character_chosen":"THE_ANIMATOR","items_purchased":["animator:Hakurou","animator:Jibril","animator:DolaCouronne"],"campfire_rested":3,"item_purchase_floors":[3,3,3],"current_hp_per_floor":[62,60,60,48,26,45,41,60,53,53,53,49,49,36,55,15,66,33,0,0],"gold":191,"neow_bonus":"RANDOM_EVENT","is_daily":false,"chose_seed":false,"campfire_upgraded":0,"win_rate":0.0,"timestamp":1613282286,"path_taken":["M","?","$","M","M","R","M","R","MIM","?","?","M","?","?","R","BOSS","M","M"],"items_purchased_type":["Card","Card","Card"],"build_version":"2020-12-22","purchased_purges":0,"victory":false,"max_hp_per_floor":[66,66,66,66,66,66,66,66,66,66,66,66,66,66,66,66,66,67,67,67],"card_choices":[{"not_picked":["animator:Aqua","animator:Togame"],"picked":"animator:Tet","floor":1},{"not_picked":["animator:Demiurge","animator:ShinjiMatou"],"picked":"animator:WinryRockbell","floor":2},{"not_picked":["animator:MaesHughes","animator:Jibril"],"picked":"animator:Kuribayashi","floor":4},{"not_picked":["animator:FielNirvalen","animator:ChlammyZell"],"picked":"animator:Jibril","floor":5},{"not_picked":["animator:ElricAlphonse","animator:Rimuru"],"picked":"animator:RoryMercury","floor":7},{"not_picked":["animator:Chung","animator:LizardPriest"],"picked":"animator:Emonzaemon","floor":9},{"not_picked":["animator:NarberalGamma","animator:Illya"],"picked":"animator:OrikoMikuni","floor":12},{"not_picked":["animator:IzunaHatsuse","animator:LizardPriest"],"picked":"animator:Shinoa","floor":14},{"not_picked":["animator:Envy","animator:Greed"],"picked":"animator:Albedo","floor":16},{"not_picked":["animator:ElricAlphonse","animator:WinryRockbell"],"picked":"animator:MaesHughes","floor":18}],"player_experience":90156,"relics_obtained":[{"floor":9,"key":"Bag of Preparation"}],"event_choices":[{"damage_healed":0,"gold_gain":0,"player_choice":"Ignored","damage_taken":0,"max_hp_gain":0,"max_hp_loss":0,"event_name":"betterNote:BetterNote","floor":10,"gold_loss":0,"cards_obtained":["Strike_R"]},{"damage_healed":0,"gold_gain":0,"player_choice":"Ignored","damage_taken":0,"max_hp_gain":0,"max_hp_loss":0,"event_name":"Purifier","floor":13,"gold_loss":0}],"is_beta":false,"boss_relics":[{"not_picked":["Empty Cage","aspiration:FutureDiary"],"picked":"aspiration:PoetsPen_weak"}],"items_purged_floors":[],"is_endless":false,"potions_floor_spawned":[1,12,14],"killed_by":"Chosen","ascension_level":0}}