{"host":"jwpp8hxpigr0nknu","time":1613264115,"event":{"mods":["BaseMod","BetterRewards","Colored Map","Colored Powertips","Minty Spire (QoL Compilation)","Rare Cards Sparkle","Shop Mod","StSLib"],"gold_per_floor":[112,62,80,80,98,133,145,177,200,225,235,235,153,163,163,260,260,274,274,274,293,293,293,293,293],"floor_reached":24,"language":"ENG","playtime":1274,"items_purged":[],"score":289,"play_id":"d40be846-42cb-4952-a5a0-747e39d385c6","local_time":"20210213185515","daily_mods":["Draft"],"is_ascension_mode":true,"campfire_choices":[{"data":"Catalyst","floor":15.0,"key":"SMITH"},{"data":"Outmaneuver","floor":23.0,"key":"SMITH"}],"circlet_count":0,"master_deck":["Escape Plan","Outmaneuver","Deadly Poison","Bane","Poisoned Stab","Deadly Poison","Poisoned Stab","Distraction","Outmaneuver+1","Flechettes","Backflip","Backflip","Deflect","Prepared","Dodge and Roll","Bane","Prepared","Catalyst+1","Dodge and Roll","Calculated Gamble","Footwork","Phantasmal Killer","Backflip","Catalyst","Prepared","Escape Plan"],"relics":["Ring of the Snake","Pen Nib","MealTicket","Orichalcum","Toy Ornithopter","Darkstone Periapt","HoveringKite"],"acts_visited":["Exordium","TheCity"],"potions_floor_usage":[],"damage_taken":[{"damage":0.0,"enemies":"2 Louse","floor":1.0,"turns":1.0},{"damage":0.0,"enemies":"Jaw Worm","floor":3.0,"turns":3.0},{"damage":0.0,"enemies":"Cultist","floor":5.0,"turns":2.0},{"damage":28.0,"enemies":"Lagavulin","floor":6.0,"turns":5.0},{"damage":9.0,"enemies":"Blue Slaver","floor":7.0,"turns":3.0},{"damage":23.0,"enemies":"3 Sentries","floor":8.0,"turns":8.0},{"damage":0.0,"enemies":"Gremlin Nob","floor":10.0,"turns":2.0},{"damage":0.0,"enemies":"2 Fungi Beasts","floor":11.0,"turns":2.0},{"damage":2.0,"enemies":"3 Louse","floor":14.0,"turns":3.0},{"damage":11.0,"enemies":"Hexaghost","floor":16.0,"turns":6.0},{"damage":19.0,"enemies":"Spheric Guardian","floor":18.0,"turns":5.0},{"damage":15.0,"enemies":"2 Thieves","floor":21.0,"turns":4.0},{"damage":0,"enemies":"Gremlin Leader","floor":24,"turns":1}],"seed_played":"6178946688295375628","potions_obtained":[{"floor":1.0,"key":"Regen Potion"},{"floor":6.0,"key":"FearPotion"},{"floor":11.0,"key":"Energy Potion"},{"floor":18.0,"key":"Explosive Potion"}],"is_trial":true,"path_per_floor":["M","?","M","?","M","E","M","E","T","E","M","?","$","M","R","B",null,"M","?","?","M","?","R","E"],"character_chosen":"THE_SILENT","items_purchased":["Footwork"],"campfire_rested":0,"item_purchase_floors":[13],"current_hp_per_floor":[70,70,70,70,70,51,42,19,19,19,19,16,31,29,29,23,70,51,51,51,41,41,41,41,41],"gold":293,"neow_bonus":"","is_daily":false,"chose_seed":true,"campfire_upgraded":2,"win_rate":0.0,"timestamp":1613264115,"path_taken":["M","?","M","?","M","E","?","E","T","E","M","?","$","M","R","BOSS","M","?","?","M","?","R","E"],"items_purchased_type":["Card"],"build_version":"2020-12-22","purchased_purges":0,"victory":false,"max_hp_per_floor":[70,70,70,70,70,70,70,70,70,70,70,70,70,70,70,70,70,70,70,70,70,70,70,70,70],"card_choices":[{"not_picked":["Footwork","Deadly Poison"],"picked":"Escape Plan","floor":0.0},{"not_picked":["Quick Slash","Finisher"],"picked":"Outmaneuver","floor":0.0},{"not_picked":["Infinite Blades","Dodge and Roll"],"picked":"Deadly Poison","floor":0.0},{"not_picked":["Eviscerate","Prepared"],"picked":"Bane","floor":0.0},{"not_picked":["Calculated Gamble","Sucker Punch"],"picked":"Poisoned Stab","floor":0.0},{"not_picked":["Tactician","Dagger Throw"],"picked":"PiercingWail","floor":0.0},{"not_picked":["Tactician","PiercingWail"],"picked":"Well Laid Plans","floor":0.0},{"not_picked":["Masterful Stab","Dagger Throw"],"picked":"Deadly Poison","floor":0.0},{"not_picked":["Reflex","Terror"],"picked":"Poisoned Stab","floor":0.0},{"not_picked":["Cloak And Dagger","Slice"],"picked":"Distraction","floor":0.0},{"not_picked":["Sucker Punch","Caltrops"],"picked":"Outmaneuver","floor":0.0},{"not_picked":["Dagger Spray","Distraction"],"picked":"Flechettes","floor":0.0},{"not_picked":["Caltrops","Underhanded Strike"],"picked":"Backflip","floor":0.0},{"not_picked":["Flying Knee","Deflect"],"picked":"Backflip","floor":0.0},{"not_picked":["Underhanded Strike","Eviscerate"],"picked":"Deflect","floor":0.0},{"not_picked":["Outmaneuver","PiercingWail"],"picked":"Prepared","floor":1.0},{"not_picked":["Sucker Punch","Dash"],"picked":"Dodge and Roll","floor":3.0},{"not_picked":["Deadly Poison","Dodge and Roll"],"picked":"Bane","floor":5.0},{"not_picked":["A Thousand Cuts","Slice","Underhanded Strike"],"picked":"SKIP","floor":6.0},{"not_picked":["Bane","Slice"],"picked":"Prepared","floor":7.0},{"not_picked":["Outmaneuver","Flechettes"],"picked":"Catalyst","floor":8.0},{"not_picked":["Prepared","Distraction"],"picked":"Dodge and Roll","floor":10.0},{"not_picked":["Underhanded Strike","Finisher"],"picked":"Calculated Gamble","floor":11.0},{"not_picked":["Underhanded Strike","Outmaneuver","Blade Dance"],"picked":"SKIP","floor":14.0},{"not_picked":["Glass Knife","Grand Finale"],"picked":"Phantasmal Killer","floor":16.0},{"not_picked":["Blade Dance","Poisoned Stab+1"],"picked":"Backflip","floor":18.0},{"not_picked":["Deadly Poison","Bane"],"picked":"Prepared","floor":21.0}],"player_experience":337114,"relics_obtained":[{"floor":6.0,"key":"Pen Nib"},{"floor":8.0,"key":"MealTicket"},{"floor":9.0,"key":"Orichalcum"},{"floor":10.0,"key":"Toy Ornithopter"}],"event_choices":[{"cards_removed":["PiercingWail"],"damage_healed":0.0,"max_hp_gain":0.0,"max_hp_loss":0.0,"gold_gain":0.0,"event_name":"The Cleric","player_choice":"Card Removal","floor":2.0,"gold_loss":50.0,"damage_taken":0.0},{"damage_healed":0.0,"max_hp_gain":0.0,"max_hp_loss":0.0,"gold_gain":0.0,"cards_transformed":["Well Laid Plans"],"event_name":"Transmorgrifier","player_choice":"Transformed","floor":4.0,"gold_loss":0.0,"damage_taken":0.0,"cards_obtained":["Predator"]},{"damage_healed":0.0,"max_hp_gain":0.0,"max_hp_loss":0.0,"gold_gain":0.0,"event_name":"Scrap Ooze","player_choice":"Success","floor":12.0,"gold_loss":0.0,"damage_taken":3.0,"relics_obtained":["Darkstone Periapt"]},{"cards_removed":["Predator"],"damage_healed":0.0,"max_hp_gain":0.0,"max_hp_loss":0.0,"gold_gain":0.0,"event_name":"Back to Basics","player_choice":"Elegance","floor":19.0,"gold_loss":0.0,"damage_taken":0.0},{"damage_healed":0.0,"max_hp_gain":0.0,"max_hp_loss":0.0,"gold_gain":0.0,"event_name":"The Library","player_choice":"Read","floor":20.0,"gold_loss":0.0,"damage_taken":0.0,"cards_obtained":["Catalyst"]},{"damage_healed":0.0,"max_hp_gain":0.0,"max_hp_loss":0.0,"gold_gain":0.0,"event_name":"Duplicator","player_choice":"Copied","floor":22.0,"gold_loss":0.0,"damage_taken":0.0,"cards_obtained":["Escape Plan"]}],"is_beta":false,"boss_relics":[{"not_picked":["SlaversCollar","Philosopher\u0027s Stone"],"picked":"HoveringKite"}],"items_purged_floors":[],"is_endless":false,"potions_floor_spawned":[1,6,11,18],"killed_by":"Gremlin Leader","ascension_level":4}}