{"host":"cpsutu8lprjuipd6","time":1613311181,"event":{"mods":["BaseMod","Colored Map","Minty Spire (QoL Compilation)","Permanent Neow","StSLib","SuperFastMode","The Bug Knight","Together in Spire"],"gold_per_floor":[118,135,153,173,186,186,217,273,273,273,290,307,307,307,307,307,307],"floor_reached":16,"language":"KOR","playtime":1089,"items_purged":[],"score":104,"play_id":"645bd705-2647-4676-b15f-9942f6779c1f","local_time":"20210214225941","is_ascension_mode":false,"campfire_choices":[{"data":"HollowMod:DoubleDash","floor":6,"key":"SMITH"},{"floor":15,"key":"REST"}],"circlet_count":0,"master_deck":["HollowMod:NailStrikeStart","HollowMod:NailStrikeStart","HollowMod:NailStrikeStart","HollowMod:NailStrikeStart","HollowMod:QuickDashStart","HollowMod:QuickDashStart","HollowMod:QuickDashStart","HollowMod:FocusHealStart","HollowMod:PogoStrike","HollowMod:DoubleDash+1","HollowMod:CornifersMapStart","HollowMod:HowlingWraiths","HollowMod:BaldurShell","HollowMod:CycloneSlash","HollowMod:VoidDash","HollowMod:FastStrike","HollowMod:AwokenDreamNail","HollowMod:CrystalDash","HollowMod:HeavyBlow","Injury"],"relics":["HollowMod:VesselMask","Girya","WingedGreaves","Frozen Egg 2","Golden Idol","White Beast Statue"],"acts_visited":["Exordium"],"potions_floor_usage":[16,16],"damage_taken":[{"damage":2.0,"enemies":"Jaw Worm","floor":1.0,"turns":5.0},{"damage":0.0,"enemies":"2 Louse","floor":2.0,"turns":2.0},{"damage":0.0,"enemies":"Small Slimes","floor":3.0,"turns":4.0},{"damage":4.0,"enemies":"Looter","floor":4.0,"turns":4.0},{"damage":4,"enemies":"Exordium Wildlife","floor":5,"turns":5},{"damage":8,"enemies":"Gremlin Nob","floor":7,"turns":4},{"damage":33,"enemies":"Lagavulin Event","floor":8,"turns":8},{"damage":5,"enemies":"Lots of Slimes","floor":11,"turns":3},{"damage":5,"enemies":"Looter","floor":12,"turns":3},{"damage":52,"enemies":"Hexaghost","floor":16,"turns":16}],"seed_played":"-3100117595474557961","potions_obtained":[{"floor":3.0,"key":"GamblersBrew"},{"floor":7,"key":"Dexterity Potion"},{"floor":8,"key":"Strength Potion"}],"is_trial":false,"path_per_floor":["M","M","M","M","M","R","E","?","T","?","M","M","?","?","R","B"],"character_chosen":"THE_BUGKNIGHT","items_purchased":[],"campfire_rested":1,"item_purchase_floors":[],"current_hp_per_floor":[82,82,82,78,74,74,66,33,33,33,28,23,23,16,40,0,0],"gold":307,"neow_bonus":"TEN_PERCENT_HP_BONUS","is_daily":false,"chose_seed":false,"campfire_upgraded":1,"win_rate":0.0,"timestamp":1613311181,"path_taken":["M","M","M","M","M","R","E","?","T","?","M","M","?","?","R","BOSS"],"items_purchased_type":[],"build_version":"2020-12-22","purchased_purges":0,"victory":false,"max_hp_per_floor":[82,82,82,82,82,82,82,82,82,82,82,82,82,82,82,82,82],"card_choices":[{"not_picked":["HollowMod:VengefulVoid","HollowMod:DescendingDark"],"picked":"HollowMod:DoubleDash","floor":1.0},{"not_picked":["HollowMod:SoulShaman","HollowMod:NewGlowingWomb"],"picked":"HollowMod:CornifersMapStart","floor":2.0},{"not_picked":["HollowMod:InfectedAttack","HollowMod:WraithStrike"],"picked":"HollowMod:HowlingWraiths","floor":3.0},{"not_picked":["HollowMod:SoulStrike","HollowMod:CoiledNail"],"picked":"HollowMod:BaldurShell","floor":4},{"not_picked":["HollowMod:GoodIntentions","HollowMod:GrimmsGift"],"picked":"HollowMod:CycloneSlash","floor":5},{"not_picked":["HollowMod:VengefulVoid","HollowMod:CloakDash"],"picked":"HollowMod:VoidDash","floor":7},{"not_picked":["HollowMod:SiblingsSouls","HollowMod:CloakDash"],"picked":"HollowMod:FastStrike","floor":8},{"not_picked":["HollowMod:TaintedHusks","HollowMod:MantisMark"],"picked":"HollowMod:CrystalDash","floor":11},{"not_picked":["HollowMod:TaintedHusks","HollowMod:CycloneSlash"],"picked":"HollowMod:HeavyBlow","floor":12}],"player_experience":66593,"relics_obtained":[{"floor":7,"key":"Girya"},{"floor":8,"key":"WingedGreaves"},{"floor":9,"key":"Frozen Egg 2"}],"event_choices":[{"damage_healed":0,"gold_gain":0,"player_choice":"Searched \u00271\u0027 times","damage_taken":0,"max_hp_gain":0,"max_hp_loss":0,"event_name":"Dead Adventurer","floor":8,"gold_loss":0},{"damage_healed":0,"gold_gain":0,"cards_transformed":["HollowMod:QuickDashStart"],"player_choice":"Change","damage_taken":0,"max_hp_gain":0,"max_hp_loss":0,"event_name":"Living Wall","floor":10,"gold_loss":0,"cards_obtained":["HollowMod:AwokenDreamNail"]},{"damage_healed":0,"gold_gain":0,"player_choice":"Take Wound","damage_taken":0,"relics_obtained":["Golden Idol"],"max_hp_gain":0,"max_hp_loss":0,"event_name":"Golden Idol","floor":13,"gold_loss":0,"cards_obtained":["Injury"]},{"damage_healed":0,"gold_gain":0,"player_choice":"Success","damage_taken":7,"relics_obtained":["White Beast Statue"],"max_hp_gain":0,"max_hp_loss":0,"event_name":"Scrap Ooze","floor":14,"gold_loss":0}],"is_beta":false,"boss_relics":[],"items_purged_floors":[],"is_endless":false,"potions_floor_spawned":[3,7,8],"killed_by":"Hexaghost","ascension_level":0}}