{"host":"3498uni0c31c9bdm","time":1613327318,"event":{"mods":["BaseMod","Better Match","Better Note","Better Sensory Stone","Better Skull","Better Third Choice","Colored Map","Minty Spire (QoL Compilation)","Quick Restart","RNG Fix","Random Character Button","Replay The Spire","Shop Mod","Smile Girya","StSLib","Unceasing Turn Reminder"],"gold_per_floor":[114,114,125,41,51,51,80,99,144,3,3,3],"floor_reached":11,"language":"ENG","playtime":310,"items_purged":["Regret"],"score":253,"play_id":"4b3d5ab8-fe00-45a7-8155-4b7a4df14e00","local_time":"20210215052838","is_ascension_mode":true,"campfire_choices":[{"data":"Loop","floor":6,"key":"SMITH"}],"circlet_count":0,"master_deck":["AscendersBane","Strike_B","Strike_B","Strike_B","Strike_B","Defend_B","Defend_B","Defend_B","Defend_B","Zap","Dualcast","Pot Of Greed","Sweeping Beam","Pot Of Greed","Turbo","Sunder","ReplayTheSpireMod:IOU","Loop+1","Tempest","Go for the Eyes","ReplayTheSpireMod:IOU","Melter","Melter","Sweeping Beam","BasicCrystalCard","Reinforced Body","Pot Of Greed","Heatsinks","Enlightenment","ReplayTheSpireMod:IOU","ReplayTheSpireMod:IOU","ReplayTheSpireMod:IOU","Magnetism"],"relics":["Cracked Core","Grinning Jar","Replay:Wax Seal","MerchantsRug","Replay:Bottled Snecko","Replay:Antivirus Software","BargainBundle","Question Card"],"acts_visited":["Exordium"],"potions_floor_usage":[7,11,11],"damage_taken":[{"damage":1,"enemies":"Cultist","floor":1,"turns":3},{"damage":11,"enemies":"Jaw Worm","floor":3,"turns":3},{"damage":7,"enemies":"Small Slimes","floor":5,"turns":3},{"damage":23,"enemies":"Gremlin Nob","floor":7,"turns":4},{"damage":7,"enemies":"3 Louse","floor":8,"turns":3},{"damage":28,"enemies":"Lagavulin","floor":11,"turns":5}],"seed_played":"-106655915905277905","potions_obtained":[{"floor":1,"key":"BlessingOfTheForge"},{"floor":5,"key":"SkillPotion"},{"floor":8,"key":"PotionOfCapacity"}],"is_trial":false,"path_per_floor":["M","?","M","$","M","R","E","M","T","$","E"],"character_chosen":"DEFECT","items_purchased":["Sunder","MerchantsRug","BargainBundle","Melter","Sweeping Beam","BasicCrystalCard","Reinforced Body","Heatsinks","Enlightenment","Magnetism","Question Card"],"campfire_rested":0,"item_purchase_floors":[4,4,10,10,10,10,10,10,10,10,10],"current_hp_per_floor":[63,63,52,52,45,45,22,15,15,15,0,0],"gold":3,"neow_bonus":"RANDOM_COMMON_RELIC","is_daily":false,"chose_seed":false,"campfire_upgraded":1,"win_rate":0.0,"timestamp":1613327318,"path_taken":["M","?","?","?","M","R","E","M","T","$","E"],"items_purchased_type":["Card","Relic","Relic","Card","Card","Card","Card","Card","Card","Card","Relic"],"build_version":"2020-12-22","purchased_purges":1,"victory":false,"max_hp_per_floor":[71,71,71,71,71,71,71,71,71,71,71,71],"card_choices":[{"not_picked":["Chill","Stack"],"picked":"Sweeping Beam","floor":1},{"not_picked":["Genetic Algorithm","ReplaySolidLightProjector"],"picked":"Turbo","floor":3},{"not_picked":["Genetic Algorithm","BasicCrystalCard"],"picked":"Loop","floor":5},{"not_picked":["Panic Button","Turbo"],"picked":"Tempest","floor":7},{"not_picked":["Streamline","Cold Snap"],"picked":"Go for the Eyes","floor":8}],"player_experience":904761,"relics_obtained":[{"floor":7,"key":"Replay:Bottled Snecko"},{"floor":9,"key":"Replay:Antivirus Software"}],"event_choices":[{"damage_healed":0,"gold_gain":0,"player_choice":"Box","damage_taken":0,"relics_obtained":["Replay:Wax Seal"],"max_hp_gain":0,"max_hp_loss":0,"event_name":"Big Fish","floor":2,"gold_loss":0,"cards_obtained":["Regret"]}],"is_beta":false,"boss_relics":[],"items_purged_floors":[10],"is_endless":false,"potions_floor_spawned":[1,5,8],"killed_by":"Lagavulin","ascension_level":15}}