{"host":"jou5gy8et5i77wvo","time":1613274281,"event":{"mods":["AchievementEnabler","BaseMod","Colored Map","Colored Powertips","Downfall","Highlight Path","Minty Spire (QoL Compilation)","Quick Restart","StSLib"],"gold_per_floor":[216,229,244,263,273,273,299,299,347,347,378,397,397,407,407,511,511,529,549,174,187,37,69,95,127,164,176,205,231,255,182,194,309,321,344,356,368,183,194,194,121,121,121,171,171,190,112,127,127,127,127],"floor_reached":50,"language":"ENG","playtime":3781,"items_purged":[],"score":553,"play_id":"dca7ac88-7484-439c-b65d-af4812f15f86","local_time":"20210213194441","is_ascension_mode":false,"campfire_choices":[{"data":"Anger","floor":6.0,"key":"SMITH"},{"floor":10.0,"key":"REST"},{"floor":13.0,"key":"REST"},{"floor":15.0,"key":"REST"},{"floor":27.0,"key":"REST"},{"floor":32.0,"key":"REST"},{"data":"Flex","floor":40.0,"key":"SMITH"},{"data":"Searing Blow+1","floor":42.0,"key":"SMITH"},{"floor":49,"key":"REST"}],"circlet_count":0,"master_deck":["Strike_R","Strike_R","Strike_R","Strike_R","Defend_R","Defend_R","Defend_R","Defend_R","Bash","Clothesline","Anger+1","Bloodletting","Shockwave","Flex+1","Shrug It Off","Reaper+1","Perfected Strike+1","Headbutt+1","Fiend Fire+1","Perfected Strike+1","Flex+1","Searing Blow+2","Flex","Dramatic Entrance+1","Anger+1","Heavy Blade+1","Power Through","Flame Barrier+1","Bloodletting+1","Cleave+1","Flex","Flex","Flex","Anger+1","Fiend Fire+1"],"relics":["Burning Blood","Bag of Marbles","Molten Egg 2","Strawberry","Ancient Tea Set","Runic Cube","Blood Vial","Lee\u0027s Waffle","MawBank","Vajra","Omamori","Runic Pyramid","Red Skull","Darkstone Periapt","Girya"],"acts_visited":["Exordium","TheCity","TheBeyond"],"potions_floor_usage":[50],"damage_taken":[{"damage":3.0,"enemies":"Cultist","floor":1.0,"turns":6.0},{"damage":8.0,"enemies":"Small Slimes","floor":2.0,"turns":3.0},{"damage":1.0,"enemies":"Jaw Worm","floor":3.0,"turns":3.0},{"damage":3.0,"enemies":"2 Fungi Beasts","floor":4.0,"turns":4.0},{"damage":14.0,"enemies":"Exordium Wildlife","floor":5.0,"turns":6.0},{"damage":33.0,"enemies":"Lagavulin","floor":7.0,"turns":7.0},{"damage":48.0,"enemies":"3 Sentries","floor":11.0,"turns":12.0},{"damage":8.0,"enemies":"Looter","floor":12.0,"turns":2.0},{"damage":15.0,"enemies":"Large Slime","floor":14.0,"turns":5.0},{"damage":7.0,"enemies":"Slime Boss","floor":16.0,"turns":7.0},{"damage":16.0,"enemies":"2 Thieves","floor":18.0,"turns":4.0},{"damage":15.0,"enemies":"Shell Parasite","floor":19.0,"turns":4.0},{"damage":26.0,"enemies":"Centurion and Healer","floor":21.0,"turns":6.0},{"damage":36.0,"enemies":"Book of Stabbing","floor":23.0,"turns":5.0},{"damage":16.0,"enemies":"Snake Plant","floor":24.0,"turns":2.0},{"damage":16.0,"enemies":"3 Cultists","floor":25.0,"turns":4.0},{"damage":9.0,"enemies":"Sentry and Sphere","floor":28.0,"turns":4.0},{"damage":19.0,"enemies":"Shelled Parasite and Fungi","floor":29.0,"turns":3.0},{"damage":13.0,"enemies":"Snake Plant","floor":30.0,"turns":3.0},{"damage":57.0,"enemies":"Collector","floor":33.0,"turns":6.0},{"damage":40.0,"enemies":"3 Darklings","floor":35.0,"turns":3.0},{"damage":12.0,"enemies":"3 Shapes","floor":39.0,"turns":2.0},{"damage":28.0,"enemies":"Mind Bloom Boss Battle","floor":44.0,"turns":8.0},{"damage":13.0,"enemies":"Maw","floor":46.0,"turns":6.0},{"damage":26,"enemies":"Transient","floor":48,"turns":5},{"damage":117,"enemies":"Awakened One","floor":50,"turns":7}],"seed_played":"-368907808932885226","potions_obtained":[{"floor":2.0,"key":"Explosive Potion"},{"floor":5.0,"key":"SteroidPotion"},{"floor":11.0,"key":"PowerPotion"},{"floor":12.0,"key":"AttackPotion"},{"floor":14.0,"key":"GamblersBrew"},{"floor":18.0,"key":"Explosive Potion"},{"floor":19.0,"key":"ColorlessPotion"},{"floor":23.0,"key":"LiquidMemories"},{"floor":25.0,"key":"SteroidPotion"},{"floor":46.0,"key":"Strength Potion"}],"is_trial":false,"path_per_floor":["M","M","M","M","M","R","E","?","T","R","E","M","R","M","R","B",null,"M","M","$","M","$","E","M","M","T","R","M","M","M","?","R","B",null,"M","?","?","$","M","R","$","R","T","?","?","M","$","M","R","B"],"character_chosen":"IRONCLAD","items_purchased":["Blood Vial","Searing Blow+1","Flex","Dramatic Entrance+1","Lee\u0027s Waffle","Red Skull","Flex","Flex","Anger+1","Fiend Fire+1"],"campfire_rested":6,"item_purchase_floors":[20,20,20,20,22,38,38,41,41,47],"current_hp_per_floor":[80,78,80,80,72,72,45,45,52,78,36,41,67,64,87,87,87,77,68,68,57,94,64,66,58,58,86,93,81,77,77,94,56,94,73,73,73,73,81,81,81,81,81,69,69,64,64,46,74,0,0],"gold":127,"neow_bonus":"HUNDRED_GOLD","is_daily":false,"chose_seed":false,"campfire_upgraded":3,"win_rate":0.0,"timestamp":1613274281,"path_taken":["M","M","?","M","M","R","E","?","T","R","E","?","R","M","R","BOSS","M","M","?","?","$","E","M","M","T","R","M","M","M","?","R","BOSS","M","?","?","$","M","R","?","R","T","?","?","M","$","?","R","BOSS"],"items_purchased_type":["Relic","Card","Card","Card","Relic","Relic","Card","Card","Card","Card"],"build_version":"2020-12-22","purchased_purges":0,"victory":false,"max_hp_per_floor":[80,80,80,80,80,80,80,80,87,87,87,87,87,87,87,87,87,87,87,87,87,94,94,94,94,94,94,94,94,94,94,94,94,94,94,94,94,94,94,94,94,94,94,94,94,94,94,94,94,94,94],"card_choices":[{"not_picked":["True Grit","Pummel"],"picked":"Clothesline","floor":1.0},{"not_picked":["Metallicize","Body Slam"],"picked":"Anger","floor":2.0},{"not_picked":["Pommel Strike","Feel No Pain"],"picked":"Bloodletting","floor":3.0},{"not_picked":["Iron Wave","Warcry"],"picked":"Shockwave","floor":4.0},{"not_picked":["Bloodletting","Infernal Blade"],"picked":"Flex","floor":5.0},{"not_picked":["Dropkick","Thunderclap"],"picked":"Shrug It Off","floor":7.0},{"not_picked":["True Grit","Brutality"],"picked":"Reaper+1","floor":11.0},{"not_picked":["Uppercut+1","Bloodletting"],"picked":"Perfected Strike+1","floor":12.0},{"not_picked":["Clash+1","Shrug It Off"],"picked":"Headbutt+1","floor":14.0},{"not_picked":["Limit Break","Juggernaut"],"picked":"Fiend Fire+1","floor":16.0},{"not_picked":["Twin Strike+1","Clash+1"],"picked":"Perfected Strike+1","floor":18.0},{"not_picked":["True Grit","Thunderclap+1"],"picked":"Flex+1","floor":19.0},{"not_picked":["Dropkick+1","Twin Strike+1"],"picked":"Anger+1","floor":21.0},{"not_picked":["Searing Blow+1","Headbutt+1"],"picked":"Heavy Blade+1","floor":23.0},{"not_picked":["Headbutt+1","Thunderclap+1"],"picked":"Power Through","floor":24.0},{"not_picked":["Juggernaut","Clothesline+1"],"picked":"Flame Barrier+1","floor":25.0},{"not_picked":["Clash+1","Rupture+1"],"picked":"Bloodletting+1","floor":28.0},{"not_picked":["Whirlwind+1","Iron Wave+1"],"picked":"Cleave+1","floor":29.0},{"not_picked":["Clash+1","Burning Pact","Iron Wave+1"],"picked":"SKIP","floor":30.0},{"not_picked":["Thunderclap+1","True Grit","Rage"],"picked":"SKIP","floor":35.0},{"not_picked":["Body Slam+1","Warcry+1"],"picked":"Flex","floor":39.0},{"not_picked":["Body Slam+1","Armaments","Fire Breathing+1"],"picked":"SKIP","floor":46.0},{"not_picked":["Headbutt+1","Iron Wave+1","Whirlwind+1"],"picked":"SKIP","floor":48}],"player_experience":48737,"relics_obtained":[{"floor":7.0,"key":"Bag of Marbles"},{"floor":9.0,"key":"Strawberry"},{"floor":11.0,"key":"Ancient Tea Set"},{"floor":23.0,"key":"MawBank"},{"floor":26.0,"key":"Vajra"},{"floor":43.0,"key":"Darkstone Periapt"},{"floor":44.0,"key":"Girya"}],"event_choices":[{"damage_healed":0.0,"max_hp_gain":0.0,"max_hp_loss":0.0,"gold_gain":0.0,"event_name":"WeMeetAgain","player_choice":"Gave Potion","floor":8.0,"gold_loss":0.0,"damage_taken":0.0,"relics_obtained":["Molten Egg 2"]},{"damage_healed":0.0,"max_hp_gain":0.0,"max_hp_loss":0.0,"gold_gain":0.0,"event_name":"Addict","player_choice":"Obtained Relic","floor":31.0,"gold_loss":85.0,"damage_taken":0.0,"relics_obtained":["Omamori"]},{"damage_healed":0.0,"max_hp_gain":0.0,"max_hp_loss":0.0,"gold_gain":0.0,"event_name":"Tomb of Lord Red Mask","player_choice":"Ignored","floor":36.0,"gold_loss":0.0,"damage_taken":0.0},{"cards_removed":["Strike_R"],"damage_healed":0.0,"max_hp_gain":0.0,"max_hp_loss":0.0,"gold_gain":0.0,"event_name":"Falling","player_choice":"Removed Attack","floor":37.0,"gold_loss":0.0,"damage_taken":0.0},{"damage_healed":0.0,"max_hp_gain":0.0,"max_hp_loss":0.0,"gold_gain":0.0,"event_name":"MindBloom","player_choice":"Fight","floor":44.0,"gold_loss":0.0,"damage_taken":0.0},{"damage_healed":0.0,"max_hp_gain":0.0,"max_hp_loss":0.0,"gold_gain":0.0,"event_name":"SensoryStone","player_choice":"Memory 1","floor":45.0,"gold_loss":0.0,"damage_taken":0.0}],"is_beta":false,"boss_relics":[{"not_picked":["Ectoplasm","Empty Cage"],"picked":"Runic Cube"},{"not_picked":["Black Star","Coffee Dripper"],"picked":"Runic Pyramid"}],"items_purged_floors":[],"is_endless":false,"potions_floor_spawned":[2,5,11,12,14,18,19,23,25,46],"killed_by":"Awakened One","ascension_level":0}}