{"host":"0mhttqdumuceah7q","time":1613315894,"event":{"mods":["AchievementEnabler","BaseMod","Colored Map","DeckTracker","Minty Spire (QoL Compilation)","Permanent Neow"],"gold_per_floor":[113,133,57,27,27,58,58,69,69,98,173,207,224,224,224,320,320,340,340,354,264,120,154,154,164,188,207,221,252,167,167,167,265,315,331,331,347,397,36,36,49,67,92,103,120,135,151,151,151,151,151],"floor_reached":50,"language":"KOR","playtime":1954,"items_purged":["Defend_G","Eviscerate"],"score":579,"play_id":"1798044e-3664-4316-bdf7-27ae54a1b758","local_time":"20210215001814","is_ascension_mode":false,"campfire_choices":[{"data":"Noxious Fumes","floor":7,"key":"SMITH"},{"floor":15,"key":"REST"},{"data":"Blade Dance","floor":24,"key":"SMITH"},{"data":"Phantasmal Killer","floor":32,"key":"SMITH"},{"data":"Adrenaline","floor":40,"key":"SMITH"},{"floor":49,"key":"RECALL"}],"circlet_count":0,"master_deck":["Survivor","Neutralize","Deadly Poison","Noxious Fumes+1","Poisoned Stab","Blade Dance+1","Blade Dance+1","PiercingWail","Tools of the Trade+1","Cloak And Dagger+1","Bite","Bite","Bite","Bite+1","Bite","Accuracy+1","Accuracy+1","Slice","Phantasmal Killer+1","Blade Dance+1","Adrenaline+1","Finisher","Slice+1","A Thousand Cuts+1","Envenom+1","Madness","Madness"],"relics":["Ring of the Snake","NeowsBlessing","Ninja Scroll","Frozen Egg 2","Mango","Question Card","Meat on the Bone","Empty Cage","The Specimen","Nunchaku","Matryoshka","Lantern","Tiny House","Tingsha","Bottled Lightning","Bag of Marbles"],"acts_visited":["Exordium","TheCity","TheBeyond"],"potions_floor_usage":[10,10,12,16,27,29,50],"damage_taken":[{"damage":0,"enemies":"2 Louse","floor":1,"turns":1},{"damage":0,"enemies":"Cultist","floor":2,"turns":1},{"damage":0,"enemies":"Lagavulin","floor":6,"turns":1},{"damage":7,"enemies":"Small Slimes","floor":8,"turns":3},{"damage":13,"enemies":"3 Sentries","floor":10,"turns":6},{"damage":23,"enemies":"Gremlin Nob","floor":12,"turns":4},{"damage":3,"enemies":"2 Fungi Beasts","floor":13,"turns":3},{"damage":29,"enemies":"The Guardian","floor":16,"turns":9},{"damage":26,"enemies":"Shell Parasite","floor":18,"turns":6},{"damage":11,"enemies":"Chosen","floor":20,"turns":4},{"damage":40,"enemies":"Gremlin Leader","floor":23,"turns":5},{"damage":7,"enemies":"Centurion and Healer","floor":25,"turns":3},{"damage":36,"enemies":"Snake Plant","floor":27,"turns":4},{"damage":11,"enemies":"Snecko","floor":28,"turns":3},{"damage":21,"enemies":"Slavers","floor":29,"turns":3},{"damage":6,"enemies":"Collector","floor":33,"turns":5},{"damage":0,"enemies":"Orb Walker","floor":35,"turns":1},{"damage":15,"enemies":"3 Darklings","floor":37,"turns":3},{"damage":0,"enemies":"Mind Bloom Boss Battle","floor":38,"turns":2},{"damage":0,"enemies":"Spire Growth","floor":41,"turns":2},{"damage":49,"enemies":"4 Shapes","floor":42,"turns":3},{"damage":14,"enemies":"Jaw Worm Horde","floor":44,"turns":2},{"damage":0,"enemies":"Maw","floor":45,"turns":2},{"damage":10,"enemies":"4 Shapes","floor":46,"turns":3},{"damage":0,"enemies":"Transient","floor":47,"turns":5},{"damage":53,"enemies":"Time Eater","floor":50,"turns":2}],"seed_played":"3131444610959068012","potions_obtained":[{"floor":4,"key":"LiquidMemories"},{"floor":4,"key":"SmokeBomb"},{"floor":6,"key":"BlessingOfTheForge"},{"floor":10,"key":"ColorlessPotion"},{"floor":12,"key":"SpeedPotion"},{"floor":18,"key":"ColorlessPotion"},{"floor":25,"key":"SteroidPotion"},{"floor":27,"key":"GamblersBrew"},{"floor":34,"key":"Fire Potion"},{"floor":35,"key":"EssenceOfSteel"},{"floor":42,"key":"SkillPotion"},{"floor":44,"key":"SkillPotion"}],"is_trial":false,"path_per_floor":["M","M","$","?","$","E","R","M","T","E","?","E","M","?","R","B",null,"M","?","M","?","$","E","R","M","T","M","M","E","?","?","R","B",null,"M","?","M","?","$","R","M","M","T","M","M","M","M","?","R","B"],"character_chosen":"THE_SILENT","items_purchased":["Noxious Fumes","Accuracy+1","Bottled Lightning"],"campfire_rested":1,"item_purchase_floors":[3,22,39],"current_hp_per_floor":[70,70,70,70,70,70,70,63,63,64,53,30,27,15,40,23,84,58,58,52,52,52,31,31,41,41,28,33,31,31,31,31,35,63,63,63,51,55,55,55,59,29,29,34,39,34,45,37,37,0,0],"gold":151,"neow_bonus":"THREE_ENEMY_KILL","is_daily":false,"chose_seed":false,"campfire_upgraded":4,"win_rate":0.0,"timestamp":1613315894,"path_taken":["M","M","$","?","?","E","R","M","T","E","?","E","M","?","R","BOSS","M","?","M","?","$","E","R","M","T","?","M","E","?","?","R","BOSS","M","?","?","?","$","R","M","M","T","M","M","M","M","?","R","BOSS"],"items_purchased_type":["Card","Card","Relic"],"build_version":"2020-12-22","purchased_purges":2,"victory":false,"max_hp_per_floor":[70,70,70,70,70,70,70,70,70,84,84,84,84,84,84,84,84,84,58,58,58,58,58,58,58,58,58,58,58,58,58,58,58,63,63,63,63,63,63,63,63,63,63,63,63,63,63,63,63,63,63],"card_choices":[{"not_picked":["Dodge and Roll","Cloak And Dagger"],"picked":"Eviscerate","floor":1},{"not_picked":["A Thousand Cuts","Terror"],"picked":"Deadly Poison","floor":2},{"not_picked":["Footwork","Well Laid Plans"],"picked":"Poisoned Stab","floor":6},{"not_picked":["Crippling Poison","Flying Knee"],"picked":"Blade Dance","floor":8},{"not_picked":["Leg Sweep","Die Die Die"],"picked":"Blade Dance","floor":10},{"not_picked":["Sucker Punch","Dodge and Roll"],"picked":"PiercingWail","floor":12},{"not_picked":["Outmaneuver","PiercingWail","Underhanded Strike","Sucker Punch"],"picked":"SKIP","floor":13},{"not_picked":["Venomology","Burst","Wraith Form v2+1"],"picked":"Tools of the Trade+1","floor":16},{"not_picked":["Dash","Masterful Stab","Dodge and Roll"],"picked":"Cloak And Dagger+1","floor":18},{"not_picked":["PiercingWail","Choke","Deflect","Flying Knee"],"picked":"SKIP","floor":20},{"not_picked":["Eviscerate","Bane","Slice"],"picked":"Accuracy+1","floor":23},{"not_picked":["Noxious Fumes+1","Dash","Well Laid Plans+1"],"picked":"Slice","floor":25},{"not_picked":["Predator","Underhanded Strike","Backflip+1"],"picked":"Phantasmal Killer","floor":27},{"not_picked":["Heel Hook+1","Dagger Spray","Sucker Punch","Acrobatics"],"picked":"SKIP","floor":28},{"not_picked":["Outmaneuver","Quick Slash","Dagger Spray","Heel Hook"],"picked":"SKIP","floor":29},{"not_picked":["Storm of Steel","Doppelganger","Night Terror"],"picked":"Adrenaline","floor":33},{"not_picked":["Outmaneuver","Dodge and Roll+1","Choke"],"picked":"Finisher","floor":34},{"not_picked":["Footwork+1","Cloak And Dagger","Deadly Poison+1","PiercingWail"],"picked":"SKIP","floor":35},{"not_picked":["Predator+1","Dagger Spray+1","Flying Knee","Distraction"],"picked":"SKIP","floor":37},{"not_picked":["Acrobatics","Eviscerate+1","Prepared"],"picked":"Slice+1","floor":38},{"not_picked":["Deadly Poison+1","PiercingWail","Dodge and Roll+1","Tactician"],"picked":"SKIP","floor":41},{"not_picked":["Masterful Stab","PiercingWail+1","Underhanded Strike+1"],"picked":"A Thousand Cuts+1","floor":42},{"not_picked":["Deflect+1","Blade Dance","Flechettes","Leg Sweep+1"],"picked":"SKIP","floor":44},{"not_picked":["Prepared","Endless Agony","Backflip+1","Sucker Punch"],"picked":"SKIP","floor":45},{"not_picked":["Cloak And Dagger+1","Blade Dance+1","Slice"],"picked":"Envenom+1","floor":46},{"not_picked":["Deadly Poison","Heel Hook","Riddle With Holes","Outmaneuver+1"],"picked":"SKIP","floor":47}],"player_experience":89776,"relics_obtained":[{"floor":6,"key":"Ninja Scroll"},{"floor":9,"key":"Frozen Egg 2"},{"floor":10,"key":"Mango"},{"floor":12,"key":"Question Card"},{"floor":23,"key":"The Specimen"},{"floor":26,"key":"Nunchaku"},{"floor":29,"key":"Matryoshka"},{"floor":38,"key":"Tingsha"},{"floor":43,"key":"Bag of Marbles"}],"event_choices":[{"damage_healed":0,"gold_gain":0,"player_choice":"Bought 2 Potions","damage_taken":0,"max_hp_gain":0,"max_hp_loss":0,"event_name":"The Woman in Blue","floor":4,"gold_loss":0},{"damage_healed":0,"gold_gain":75,"player_choice":"Gather Gold","damage_taken":11,"max_hp_gain":0,"max_hp_loss":0,"event_name":"World of Goop","floor":11,"gold_loss":0},{"damage_healed":0,"gold_gain":0,"player_choice":"Success","damage_taken":12,"relics_obtained":["Meat on the Bone"],"max_hp_gain":0,"max_hp_loss":0,"event_name":"Scrap Ooze","floor":14,"gold_loss":0},{"damage_healed":0,"gold_gain":0,"player_choice":"Became a vampire","damage_taken":0,"max_hp_gain":0,"max_hp_loss":26,"event_name":"Vampires","floor":19,"gold_loss":0,"cards_obtained":["Bite","Bite","Bite","Bite","Bite"]},{"cards_removed":["Defend_G"],"damage_healed":0,"gold_gain":0,"player_choice":"Upgrade and Remove","damage_taken":0,"max_hp_gain":0,"max_hp_loss":0,"event_name":"Designer","floor":21,"gold_loss":90,"cards_upgraded":["Bite"]},{"damage_healed":0,"gold_gain":0,"player_choice":"Obtained Relic","damage_taken":0,"relics_obtained":["Lantern"],"max_hp_gain":0,"max_hp_loss":0,"event_name":"Addict","floor":30,"gold_loss":85},{"damage_healed":0,"gold_gain":0,"player_choice":"Copied","damage_taken":0,"max_hp_gain":0,"max_hp_loss":0,"event_name":"Duplicator","floor":31,"gold_loss":0,"cards_obtained":["Blade Dance"]},{"cards_removed":["Defend_G"],"damage_healed":0,"gold_gain":0,"player_choice":"Purged","damage_taken":0,"max_hp_gain":0,"max_hp_loss":0,"event_name":"Purifier","floor":36,"gold_loss":0},{"damage_healed":0,"gold_gain":0,"player_choice":"Fight","damage_taken":0,"max_hp_gain":0,"max_hp_loss":0,"event_name":"MindBloom","floor":38,"gold_loss":0},{"damage_healed":0,"gold_gain":0,"player_choice":"Embrace Madness","damage_taken":8,"max_hp_gain":0,"max_hp_loss":0,"event_name":"Winding Halls","floor":48,"gold_loss":0,"cards_obtained":["Madness","Madness"]}],"is_beta":false,"boss_relics":[{"not_picked":["SlaversCollar","Coffee Dripper"],"picked":"Empty Cage"},{"not_picked":["Philosopher\u0027s Stone","Black Star"],"picked":"Tiny House"}],"items_purged_floors":[22,39],"is_endless":false,"potions_floor_spawned":[6,10,12,18,25,27,35,42,44,47],"killed_by":"Time Eater","ascension_level":0}}