{"host":"bp3tm7tvk8nf4kb2","time":1613283429,"event":{"mods":["2.2 Compatiblity","AchievementEnabler","BaseMod","Bestiary","Better Match","Better Third Choice","BetterRewards","Colored Map","Colored Powertips","Curses Come First","DeckTracker","Downfall","Duelist Mod","Friendly Minions","Googly Eyes","Halation","Highlight Path","Marisa????????","Minty Spire (QoL Compilation)","Morshu Shopkeeper - ENHANCED","Permanent Neow","Quick Restart","Rare Cards Sparkle","Reorder Act Four","Replay The Spire","Shop Mod","Spicy Shops","StSLib","The Animator","TheBandit","Waifu the Spire","Wide Potions","everything is the same but u backflip on backflip"],"gold_per_floor":[113,113,113,133,6,35,51,61,61,61,76,107,31,47,47,47,47],"floor_reached":16,"language":"ENG","playtime":541,"items_purged":[],"score":137,"play_id":"b94a5400-f52c-4f5f-9e4a-36afeb36b855","local_time":"20210213221709","is_ascension_mode":false,"campfire_choices":[{"floor":15,"key":"REST"}],"circlet_count":0,"master_deck":["Strike_B","Strike_B","Strike_B","Strike_B","Defend_B","Defend_B","Zap","Dualcast","BasicCrystalCard","Burn","Machine Learning+1","Consume","Ball Lightning","Defragment+1","Ball Lightning","Pot Of Greed","Pot Of Greed","Biased Cognition","Static Discharge"],"relics":["Cracked Core","NeowsBlessing","Darkstone Periapt","halation:BlackBeret","Replay:PocketPolymizer","Divine Protection","Grinning Jar"],"acts_visited":["Exordium"],"potions_floor_usage":[12,12],"damage_taken":[{"damage":0,"enemies":"2 Louse","floor":1,"turns":1},{"damage":0,"enemies":"Small Slimes","floor":4,"turns":1},{"damage":0,"enemies":"Gremlin Nob","floor":6,"turns":1},{"damage":15,"enemies":"Jaw Worm","floor":7,"turns":4},{"damage":18,"enemies":"Lots of Slimes","floor":8,"turns":3},{"damage":18,"enemies":"2 Fungi Beasts","floor":11,"turns":3},{"damage":1,"enemies":"3 Sentries","floor":12,"turns":6},{"damage":14,"enemies":"Gremlin Gang","floor":14,"turns":3},{"damage":37,"enemies":"The Guardian","floor":16,"turns":4}],"seed_played":"-1499334819367841169","potions_obtained":[{"floor":4,"key":"Weak Potion"},{"floor":6,"key":"champ:CounterPotion"},{"floor":8,"key":"BlessingOfTheForge"},{"floor":14,"key":"bronze:BurnAndBuffPotion"}],"is_trial":false,"path_per_floor":["M","?","?","M","$","E","M","M","T","?","M","E","$","M","R","B"],"character_chosen":"DEFECT","items_purchased":["Darkstone Periapt","Grinning Jar"],"campfire_rested":1,"item_purchase_floors":[5,13],"current_hp_per_floor":[75,75,75,75,75,75,60,42,42,42,24,23,23,9,31,0,0],"gold":47,"neow_bonus":"THREE_ENEMY_KILL","is_daily":false,"chose_seed":false,"campfire_upgraded":0,"win_rate":0.0,"timestamp":1613283429,"path_taken":["M","?","?","M","?","E","M","?","T","?","?","E","$","M","R","BOSS"],"items_purchased_type":["Relic","Relic"],"build_version":"2020-12-22","purchased_purges":0,"victory":false,"max_hp_per_floor":[75,75,75,75,75,75,75,75,75,75,75,75,75,75,75,75,75],"card_choices":[{"not_picked":["Undo","Hologram"],"picked":"BasicCrystalCard","floor":1},{"not_picked":["Redo","Streamline"],"picked":"Consume","floor":4},{"not_picked":["Streamline","Recycle","Sweeping Beam"],"picked":"SKIP","floor":6},{"not_picked":["Leap","ReplayTheSpireMod:GoodbyeWorld"],"picked":"Ball Lightning","floor":7},{"not_picked":["BasicCrystalCard","Gash"],"picked":"Defragment","floor":8},{"not_picked":["Panic Button","Rebound","Steam"],"picked":"SKIP","floor":11},{"not_picked":["Steam","BasicCrystalCard"],"picked":"Ball Lightning","floor":12},{"not_picked":["Compile Driver","Leap"],"picked":"Biased Cognition","floor":14}],"player_experience":53009,"relics_obtained":[{"floor":6,"key":"halation:BlackBeret"},{"floor":9,"key":"Replay:PocketPolymizer"},{"floor":12,"key":"Divine Protection"}],"event_choices":[{"damage_healed":75,"gold_gain":0,"player_choice":"Embrace Burn","damage_taken":0,"max_hp_gain":0,"max_hp_loss":75,"event_name":"betterThird:BetterShining","floor":2,"gold_loss":0},{"damage_healed":0,"gold_gain":0,"player_choice":"Upgraded","damage_taken":0,"max_hp_gain":0,"max_hp_loss":0,"event_name":"Upgrade Shrine","floor":10,"gold_loss":0,"cards_upgraded":["Defragment"]}],"is_beta":false,"boss_relics":[],"items_purged_floors":[],"is_endless":false,"potions_floor_spawned":[4,6,8,14],"killed_by":"The Guardian","ascension_level":0}}