{"host":"pug7jmvpgpbk2b89","time":1613271567,"event":{"mods":["10 clothes from DAL","100% Spire Juice","ATMod(阿瑾Mod)","Act Like it!","Arknights","Aspiration","BaseMod","CapriCore","Gensokyo","Koishi","LazyManMod","Marisa（F雨　魔理沙）","Minty Spire (QoL Compilation)","MostiFishMod","RumiaBox-露米娅的神秘盒子","Spicy Shops","StSLib","TestMod","The Immortal","Waifu the Spire","Yakumo Yukari mod","【功能Mod】混沌之环修复补丁","【遗物Mod】简单游戏","【遗物卡牌】REMEMod"],"gold_per_floor":[110,127,137,137,150,178,188,207,285,298,141,167,167,183,183,282,282,301,401,412,256,270,270,270],"floor_reached":23,"language":"ZHS","playtime":3851,"items_purged":[],"score":302,"play_id":"43956ff2-f681-4b6d-9421-7fadcf704394","local_time":"20210214105927","daily_mods":["Heirloom"],"is_ascension_mode":false,"campfire_choices":[{"floor":15.0,"key":"REST"}],"circlet_count":0,"master_deck":["ats:Strike C","ats:Strike G","ats:Strike S","ats:Strike V","ats:Armor Crushing Shot","ats:Defend","ats:Defend","ats:Defend","ats:Defend","ats:Emotion Absorption","MostiFishMod:VineMother","AT_FamilyPortrait","ats:Explosion Area Strengthen","ats:Poison Spread","ats:Song Of Battle","ats:Soul Rend","ats:Neurotoxin","ats:Calcification","ats:Ignite","ats:Apocalypse","ats:Demon Strength","ats:Healing Drone","ats:Ambush","MostiFishMod:FrostNova","MostiFishMod:WinterMarkForm","ats:Composite Medical Shells+1","ats:Consecutive Shot Auto+1"],"relics":["ats:Sanity","testmod-TestBox","EasyRelic","REME_ComplimentaryCards","AT_ATBox","DaveBox","testmod-CrystalShield","Dodecahedron","testmod-Nyarlathotep","SynthV:TestCard","ats:Originium","testmod-EqualTreatment","dwlrmod:ProjectRecorder","MagicDraw2","AT_BellDemon","GodSword5","FrostBlade","Lee\u0027s Waffle"],"acts_visited":["Exordium","TheCity"],"potions_floor_usage":[],"damage_taken":[{"damage":0.0,"enemies":"Cultist","floor":1.0,"turns":3.0},{"damage":0.0,"enemies":"Jaw Worm","floor":2.0,"turns":3.0},{"damage":0.0,"enemies":"Small Slimes","floor":3.0,"turns":1.0},{"damage":0.0,"enemies":"2 Fungi Beasts","floor":5.0,"turns":3.0},{"damage":8.0,"enemies":"3 Sentries","floor":6.0,"turns":4.0},{"damage":0.0,"enemies":"Blue Slaver","floor":7.0,"turns":4.0},{"damage":7.0,"enemies":"3 Louse","floor":8.0,"turns":2.0},{"damage":0.0,"enemies":"Large Slime","floor":10.0,"turns":5.0},{"damage":16.0,"enemies":"Lagavulin","floor":12.0,"turns":6.0},{"damage":11.0,"enemies":"Lots of Slimes","floor":14.0,"turns":2.0},{"damage":0.0,"enemies":"Slime Boss","floor":16.0,"turns":5.0},{"damage":3.0,"enemies":"Chosen","floor":18.0,"turns":4.0},{"damage":6.0,"enemies":"2 Thieves","floor":20.0,"turns":3.0},{"damage":0.0,"enemies":"Centurion and Healer","floor":22.0,"turns":5.0},{"damage":0.0,"enemies":"REME_1_Revenger","floor":23.0,"turns":5.0}],"seed_played":"-5014773778194624790","potions_obtained":[{"floor":3.0,"key":"Energy Potion"},{"floor":5.0,"key":"PowerPotion"},{"floor":6.0,"key":"testmod-SpacePotion"},{"floor":7.0,"key":"Weak Potion"},{"floor":10.0,"key":"FearPotion"},{"floor":18.0,"key":"ColorlessPotion"}],"is_trial":true,"path_per_floor":["M","M","M","?","M","E","M","M","T","M","$","E","?","M","R","B",null,"M","?","M","$","M","E"],"character_chosen":"DOCTOR_CLASS","items_purchased":["AT_BellDemon","Lee\u0027s Waffle"],"campfire_rested":1,"item_purchase_floors":[11,21],"current_hp_per_floor":[72,72,72,77,77,70,70,64,64,66,66,60,60,49,77,77,77,77,77,76,84,84,84,84],"gold":270,"neow_bonus":"","is_daily":false,"chose_seed":false,"campfire_upgraded":0,"win_rate":0.0,"timestamp":1613271567,"path_taken":["M","M","M","?","M","E","M","M","T","M","$","E","?","M","R","BOSS","M","?","M","$","?","E"],"items_purchased_type":["Relic","Relic"],"build_version":"2020-12-22","purchased_purges":0,"victory":false,"max_hp_per_floor":[72,72,72,77,77,77,77,77,77,77,77,77,77,77,77,77,77,77,77,77,84,84,84,84],"card_choices":[{"not_picked":["ats:Consecutive Shot Auto","ats:Rapid Magazine"],"picked":"ats:Explosion Area Strengthen","floor":1.0},{"not_picked":["ats:Shadow Raid","ats:Childhood Dance","ats:Guardian Obelisk","ats:Revitalization"],"picked":"ats:Poison Spread","floor":2.0},{"not_picked":["ats:Consecutive Shot Auto","ats:Assault Order","ats:Poison Spread","ats:Curse Doll"],"picked":"ats:Song Of Battle","floor":3.0},{"not_picked":["ats:LN2 Cannon","ats:Leaping Hammer","ats:Childhood Dance","ats:Consecutive Shot Auto"],"picked":"ats:Soul Rend","floor":5.0},{"not_picked":["ats:Cat Scratch","ats:Shell Defense","ats:Hook Shot","ats:Apocalypse"],"picked":"ats:Neurotoxin","floor":6.0},{"not_picked":["ats:Hammer On","ats:Defend Order","ats:Shell Defense","ats:Poison Spread"],"picked":"ats:Calcification","floor":7.0},{"not_picked":["ats:Assault Order","ats:Revitalization","ats:Steam Pump","ats:Curse Doll"],"picked":"ats:Ignite","floor":8.0},{"not_picked":["ats:Explosion Area Strengthen","ats:Curse Doll","ats:Revitalization","ats:Flexible Camouflage"],"picked":"ats:Apocalypse","floor":10.0},{"not_picked":["ats:Flexible Camouflage","ats:Automatic Cover","ats:Cat Scratch","ats:Apocalypse"],"picked":"ats:Demon Strength","floor":12.0},{"not_picked":["ats:Rapid Magazine","ats:Spore Proliferation","ats:Apocalypse","ats:Curse Doll"],"picked":"ats:Healing Drone","floor":14.0},{"not_picked":["ats:Echo Reverb","ats:Durian","ats:Dogmatic Field","ats:Volcano"],"picked":"ats:Ambush","floor":16.0},{"not_picked":["ats:Childhood Dance","ats:Powerful Strike","ats:Explosion Area Strengthen","ats:LN2 Cannon"],"picked":"ats:Composite Medical Shells+1","floor":18.0},{"not_picked":["ats:Childhood Dance","ats:Ignite","ats:Cat Scratch","ats:Explosion Area Strengthen"],"picked":"ats:Consecutive Shot Auto+1","floor":20.0},{"not_picked":["ats:Overload","ats:Flexible Camouflage","ats:Hammer On","ats:Apocalypse+1","ats:Powerful Strike"],"picked":"SKIP","floor":22.0}],"player_experience":15693,"relics_obtained":[{"floor":1.0,"key":"SynthV:TestCard"},{"floor":6.0,"key":"ats:Originium"},{"floor":6.0,"key":"testmod-EqualTreatment"},{"floor":7.0,"key":"dwlrmod:ProjectRecorder"},{"floor":9.0,"key":"MagicDraw2"},{"floor":12.0,"key":"ats:Originium"},{"floor":12.0,"key":"GodSword5"}],"event_choices":[{"damage_healed":0.0,"max_hp_gain":5.0,"max_hp_loss":0.0,"gold_gain":0.0,"event_name":"Big Fish","player_choice":"Donut","floor":4.0,"gold_loss":0.0,"damage_taken":0.0},{"damage_healed":0.0,"max_hp_gain":0.0,"max_hp_loss":0.0,"gold_gain":0.0,"event_name":"Wheel of Change","player_choice":"Relic","floor":13.0,"gold_loss":0.0,"damage_taken":0.0},{"damage_healed":0.0,"max_hp_gain":0.0,"max_hp_loss":0.0,"gold_gain":100.0,"event_name":"Golden Shrine","player_choice":"Pray","floor":19.0,"gold_loss":0.0,"damage_taken":0.0}],"is_beta":false,"boss_relics":[{"not_picked":["testmod-SaigiyounoYou","aspiration:RunicSpoon"],"picked":"FrostBlade"}],"items_purged_floors":[],"is_endless":true,"potions_floor_spawned":[3,5,6,7,10,14,18],"killed_by":"REME_1_Revenger","ascension_level":0}}