{"host":"nhhqxetgwwd7qseb","time":1613302847,"event":{"mods":["Act Like it!","BaseMod","Dota2Spire","Gensokyo","Hallownest","Hermit","KinomotoSakuraMod(木之本樱)","Koishi","LagranYue(拉格朗・月)","Minty Spire (QoL Compilation)","Quick Restart","Remilia（蕾米莉亚）","Replay The Spire","StSLib","The Alterego","The Animator","The Bug Knight","The Hierophant","The Jungle","TheWitcher","UnlockEverythingMod","WarShipGirlsR/战舰少女R mod","Warlord Emblem","Yakumo Yukari mod","Youmu（魂魄妖梦）","【功能Mod】混沌之环修复补丁"],"gold_per_floor":[112,125,125,125,125,125,138,163,163,175,175,187,113,124,124,138,138,243,243,255,255,23,38,51,51,77,91,140,155,174,190,115,115,115,115,115],"floor_reached":35,"language":"ZHS","playtime":1688,"items_purged":[],"score":383,"play_id":"ce027218-d62b-4e08-b8f3-61a4d833151a","local_time":"20210214194047","is_ascension_mode":false,"campfire_choices":[{"floor":9,"key":"RECALL"},{"floor":17,"key":"REST"},{"data":"BattleHymn","floor":25,"key":"SMITH"},{"floor":34,"key":"REST"}],"circlet_count":0,"master_deck":["Defend_P","Defend_P","Defend_P","Eruption","Vigilance","Vengeance","EmptyFist+1","Replay:Vibes","EmptyFist","EmptyFist","DeusExMachina","BattleHymn+1","EmptyFist","Replay:DivineShield","Judgement","ClearTheMind","Crescendo+1","Replay:DivineShield+1","Indignation","Bite","Bite","Bite","Bite","Bite"],"relics":["PureWater","NeowsBlessing","Dota2Spire:OctarineCore","InkBottle","Thread and Needle","Empty Cage","Sling","PreservedInsect"],"acts_visited":["Exordium","TheCity"],"potions_floor_usage":[18,18,27,31,31,35],"damage_taken":[{"damage":0,"enemies":"2 Louse","floor":1,"turns":1},{"damage":0,"enemies":"Cultist","floor":2,"turns":1},{"damage":0,"enemies":"Jaw Worm","floor":7,"turns":1},{"damage":17,"enemies":"Lagavulin","floor":8,"turns":4},{"damage":0,"enemies":"Large Slime","floor":10,"turns":4},{"damage":1,"enemies":"Looter","floor":12,"turns":2},{"damage":4,"enemies":"Lots of Slimes","floor":14,"turns":4},{"damage":4,"enemies":"Red Slaver","floor":16,"turns":2},{"damage":0,"enemies":"Slime Boss","floor":18,"turns":6},{"damage":12,"enemies":"3 Byrds","floor":20,"turns":4},{"damage":6,"enemies":"Shell Parasite","floor":23,"turns":3},{"damage":8,"enemies":"Centurion and Healer","floor":24,"turns":6},{"damage":8,"enemies":"Replay:Snechameleon","floor":26,"turns":4},{"damage":18,"enemies":"Snecko","floor":27,"turns":4},{"damage":12,"enemies":"Shelled Parasite and Fungi","floor":29,"turns":2},{"damage":0,"enemies":"Centurion and Healer","floor":30,"turns":4},{"damage":1,"enemies":"Snake Plant","floor":31,"turns":3},{"damage":75,"enemies":"Collector","floor":35,"turns":5}],"seed_played":"231124195826664764","potions_obtained":[{"floor":1,"key":"LifebloodPotion"},{"floor":12,"key":"AttackPotion"},{"floor":16,"key":"Cursed Concoction"},{"floor":18,"key":"StancePotion"},{"floor":20,"key":"SteroidPotion"},{"floor":29,"key":"EssenceOfSteel"}],"is_trial":false,"path_per_floor":["M","M","?","?","PTL","PTL","M","E","R","M","T","M","$","M","$","M","R","B",null,"M","?","$","M","M","R","E","M","T","M","M","M","?","?","R","B"],"character_chosen":"WATCHER","items_purchased":["BattleHymn","Sling","Collect"],"campfire_rested":2,"item_purchase_floors":[13,22,22],"current_hp_per_floor":[72,72,72,65,65,65,65,48,48,48,48,47,47,43,43,39,60,60,72,60,72,72,66,58,58,50,32,32,20,20,19,19,19,34,0,0],"gold":115,"neow_bonus":"THREE_ENEMY_KILL","is_daily":false,"chose_seed":false,"campfire_upgraded":1,"win_rate":0.0,"timestamp":1613302847,"path_taken":["M","M","?","?","PTL","PTL","M","E","R","M","T","M","$","M","$","M","R","BOSS","M","?","$","M","M","R","E","M","T","M","M","?","?","?","R","BOSS"],"items_purchased_type":["Card","Relic","Card"],"build_version":"2020-12-22","purchased_purges":0,"victory":false,"max_hp_per_floor":[72,72,72,72,72,72,72,72,72,72,72,72,72,72,72,72,72,72,72,72,72,72,72,72,72,72,72,72,72,72,72,72,50,50,50,50],"card_choices":[{"not_picked":["WheelKick","CrushJoints"],"picked":"Vengeance","floor":1},{"not_picked":["Vengeance","CrushJoints"],"picked":"EmptyFist","floor":2},{"not_picked":["Replay:ManipulateFuture","EmptyFist"],"picked":"Replay:Vibes","floor":7},{"not_picked":["Nirvana","Swivel"],"picked":"EmptyFist","floor":8},{"not_picked":["Replay:Anticipation","DeceiveReality"],"picked":"EmptyFist","floor":10},{"not_picked":["Crescendo","EmptyBody"],"picked":"DeusExMachina","floor":12},{"not_picked":["Replay:Battleflow","BowlingBash"],"picked":"EmptyFist","floor":14},{"not_picked":["EmptyFist","Prostrate"],"picked":"Replay:DivineShield","floor":16},{"not_picked":["Ragnarok","Vault"],"picked":"Judgement","floor":18},{"not_picked":["Replay:BluntJabs","MentalFortress"],"picked":"Adaptation+1","floor":20},{"not_picked":["Replay:AtTheReady+1","Halt+1"],"picked":"ClearTheMind","floor":23},{"not_picked":["Protect","CutThroughFate","Conclude"],"picked":"SKIP","floor":24},{"not_picked":["EmptyMind","Replay:AtTheReady","CrushJoints"],"picked":"SKIP","floor":26},{"not_picked":["CutThroughFate","FollowUp","Replay:Cycle"],"picked":"SKIP","floor":27},{"not_picked":["Weave","CutThroughFate"],"picked":"Crescendo+1","floor":29},{"not_picked":["Replay:Battleflow","Sanctity+1"],"picked":"Replay:DivineShield+1","floor":30},{"not_picked":["EmptyFist","InnerPeace+1"],"picked":"Indignation","floor":31}],"player_experience":32208,"relics_obtained":[{"floor":8,"key":"InkBottle"},{"floor":11,"key":"Thread and Needle"},{"floor":26,"key":"PreservedInsect"}],"event_choices":[{"damage_healed":0,"gold_gain":0,"player_choice":"Grow","damage_taken":0,"max_hp_gain":0,"max_hp_loss":0,"event_name":"Living Wall","floor":3,"gold_loss":0,"cards_upgraded":["EmptyFist"]},{"damage_healed":0,"gold_gain":0,"player_choice":"Success","damage_taken":7,"relics_obtained":["Dota2Spire:OctarineCore"],"max_hp_gain":0,"max_hp_loss":0,"event_name":"Scrap Ooze","floor":4,"gold_loss":0},{"cards_removed":["Adaptation"],"damage_healed":12,"gold_gain":0,"player_choice":"Offered Uncommon","damage_taken":0,"max_hp_gain":0,"max_hp_loss":0,"event_name":"Bonfire Elementals","floor":21,"gold_loss":0},{"cards_removed":["Collect"],"damage_healed":0,"gold_gain":0,"player_choice":"Gave Gold","damage_taken":0,"max_hp_gain":0,"max_hp_loss":0,"event_name":"Beggar","floor":32,"gold_loss":75},{"damage_healed":0,"gold_gain":0,"player_choice":"Became a vampire","damage_taken":0,"max_hp_gain":0,"max_hp_loss":22,"event_name":"Vampires","floor":33,"gold_loss":0,"cards_obtained":["Bite","Bite","Bite","Bite","Bite"]}],"is_beta":false,"boss_relics":[{"not_picked":["Replay:Ancient Bell","ReplayTheSpireMod:DimensionalGlitch"],"picked":"Empty Cage"}],"items_purged_floors":[],"is_endless":false,"potions_floor_spawned":[1,12,16,18,20,23,29,30],"killed_by":"Collector","ascension_level":0}}