{"host":"y080dcqw8fj32q7d","time":1613315024,"event":{"mods":["AchievementEnabler","BaseMod","Colored Map","Colored Powertips","DeckTracker","Minty Spire (QoL Compilation)","Relic Sorter"],"gold_per_floor":[115,131,131,131,149,149,174,174,174,187,199,219,219,233,233,334,334,352,368,379,147,167,167,167],"floor_reached":23,"language":"ENG","playtime":1819,"items_purged":["Strike_R"],"score":233,"play_id":"8bbc96a6-6d24-4990-857c-b7f09938f6d8","local_time":"20210214180344","is_ascension_mode":true,"campfire_choices":[{"data":"Cleave","floor":6.0,"key":"SMITH"},{"data":"Bash","floor":8.0,"key":"SMITH"},{"floor":15.0,"key":"RECALL"}],"circlet_count":0,"master_deck":["Strike_R","Strike_R","Strike_R","Defend_R","Defend_R","Defend_R","Defend_R","Bash+1","Exhume","Cleave+1","Flex","Flame Barrier","Anger","Double Tap","Armaments+1","Double Tap","Armaments+1"],"relics":["Burning Blood","HornCleat","Pear","Fusion Hammer","DollysMirror"],"acts_visited":["Exordium","TheCity"],"potions_floor_usage":[],"damage_taken":[{"damage":7.0,"enemies":"Cultist","floor":1.0,"turns":5.0},{"damage":7.0,"enemies":"2 Louse","floor":2.0,"turns":3.0},{"damage":5.0,"enemies":"Small Slimes","floor":5.0,"turns":3.0},{"damage":0.0,"enemies":"Gremlin Nob","floor":7.0,"turns":3.0},{"damage":2.0,"enemies":"Exordium Wildlife","floor":10.0,"turns":5.0},{"damage":27.0,"enemies":"Gremlin Gang","floor":11.0,"turns":4.0},{"damage":18.0,"enemies":"Exordium Thugs","floor":12.0,"turns":7.0},{"damage":1.0,"enemies":"3 Louse","floor":14.0,"turns":4.0},{"damage":36.0,"enemies":"Slime Boss","floor":16.0,"turns":11.0},{"damage":31.0,"enemies":"2 Thieves","floor":18.0,"turns":4.0},{"damage":11.0,"enemies":"Spheric Guardian","floor":19.0,"turns":4.0},{"damage":22.0,"enemies":"Snecko","floor":20.0,"turns":7.0},{"damage":27.0,"enemies":"Cultist and Chosen","floor":22.0,"turns":6.0},{"damage":78,"enemies":"Gremlin Leader","floor":23,"turns":9}],"seed_played":"2541452560587456421","potions_obtained":[{"floor":2.0,"key":"EntropicBrew"},{"floor":5.0,"key":"AttackPotion"},{"floor":16.0,"key":"Strength Potion"},{"floor":20.0,"key":"FairyPotion"}],"is_trial":false,"path_per_floor":["M","M","?","?","M","R","E","R","T","M","M","M","?","M","R","B",null,"M","M","M","$","M","E"],"character_chosen":"IRONCLAD","items_purchased":["DollysMirror"],"campfire_rested":0,"item_purchase_floors":[21],"current_hp_per_floor":[79,78,78,66,67,67,83,83,83,87,66,54,54,59,59,29,90,65,60,44,44,23,0,0],"gold":167,"neow_bonus":"ONE_RANDOM_RARE_CARD","is_daily":false,"chose_seed":false,"campfire_upgraded":2,"win_rate":0.0,"timestamp":1613315024,"path_taken":["M","M","?","?","M","R","E","R","T","M","M","M","?","M","R","BOSS","M","?","M","$","M","E"],"items_purchased_type":["Relic"],"build_version":"2020-12-22","purchased_purges":1,"victory":false,"max_hp_per_floor":[80,80,80,80,80,80,90,90,90,90,90,90,90,90,90,90,90,90,90,90,90,90,90,90],"card_choices":[{"not_picked":["Warcry","Perfected Strike","Clothesline"],"picked":"SKIP","floor":1.0},{"not_picked":["Power Through","Sword Boomerang"],"picked":"Cleave","floor":2.0},{"not_picked":["Cleave","Clothesline","Pommel Strike"],"picked":"SKIP","floor":5.0},{"not_picked":["Twin Strike","Rage"],"picked":"Flex","floor":7.0},{"not_picked":["Corruption","Sword Boomerang","Havoc"],"picked":"SKIP","floor":10.0},{"not_picked":["True Grit","Iron Wave"],"picked":"Flame Barrier","floor":11.0},{"not_picked":["Clash","Sword Boomerang"],"picked":"Anger","floor":12.0},{"not_picked":["Blood for Blood","Havoc","Corruption"],"picked":"SKIP","floor":14.0},{"not_picked":["Brutality","Impervious"],"picked":"Double Tap","floor":16.0},{"not_picked":["Hemokinesis+1","True Grit+1","Searing Blow+1"],"picked":"SKIP","floor":18.0},{"not_picked":["Body Slam","Thunderclap"],"picked":"Armaments+1","floor":19.0},{"not_picked":["Entrench","Armaments+1","Offering"],"picked":"SKIP","floor":20.0},{"not_picked":["Heavy Blade","Anger"],"picked":"Armaments+1","floor":22.0}],"player_experience":295404,"relics_obtained":[{"floor":7.0,"key":"Pear"}],"event_choices":[{"cards_removed":["Strike_R"],"damage_healed":0.0,"max_hp_gain":0.0,"max_hp_loss":0.0,"gold_gain":0.0,"event_name":"Living Wall","player_choice":"Forget","floor":3.0,"gold_loss":0.0,"damage_taken":0.0},{"damage_healed":0.0,"max_hp_gain":0.0,"max_hp_loss":0.0,"gold_gain":0.0,"event_name":"Scrap Ooze","player_choice":"Success","floor":4.0,"gold_loss":0.0,"damage_taken":12.0,"relics_obtained":["HornCleat"]},{"damage_healed":0.0,"max_hp_gain":0.0,"max_hp_loss":0.0,"gold_gain":0.0,"event_name":"NoteForYourself","player_choice":"Ignored","floor":13.0,"gold_loss":0.0,"damage_taken":0.0}],"is_beta":false,"boss_relics":[{"not_picked":["Runic Dome","Sozu"],"picked":"Fusion Hammer"}],"items_purged_floors":[21],"is_endless":false,"potions_floor_spawned":[2,5,16,20],"killed_by":"Gremlin Leader","ascension_level":1}}