{"host":"pj7egx7jkoz18hom","time":1613313207,"event":{"mods":["AchievementEnabler","BaseMod","Keyboard Shortcuts","Minty Spire (QoL Compilation)","SuperFastMode"],"gold_per_floor":[111,111,11,86,99,99,129,129,206,206,226,244,264,264,264,264,264],"floor_reached":16,"language":"KOR","playtime":513,"items_purged":[],"score":125,"play_id":"5d6b6a5d-e1a0-4545-909f-ded401334409","local_time":"20210214233327","is_ascension_mode":false,"campfire_choices":[{"data":"PathToVictory","floor":6,"key":"SMITH"},{"data":"Fasting2","floor":8,"key":"SMITH"},{"data":"Eruption","floor":10,"key":"SMITH"},{"floor":15,"key":"REST"}],"circlet_count":0,"master_deck":["Strike_P","Strike_P","Strike_P+1","Defend_P","Defend_P","Defend_P","Defend_P","Eruption+1","Vigilance","Meditate","PathToVictory+1","Fasting2+1","EmptyBody","CutThroughFate","BowlingBash","ReachHeaven","ClearTheMind+1"],"relics":["PureWater","NeowsBlessing","Tiny Chest","Darkstone Periapt"],"acts_visited":["Exordium"],"potions_floor_usage":[],"damage_taken":[{"damage":0,"enemies":"Jaw Worm","floor":1,"turns":1},{"damage":0,"enemies":"Small Slimes","floor":5,"turns":1},{"damage":0,"enemies":"Lagavulin","floor":7,"turns":1},{"damage":0,"enemies":"2 Louse","floor":11,"turns":1},{"damage":0,"enemies":"Looter","floor":12,"turns":2},{"damage":5,"enemies":"Exordium Wildlife","floor":13,"turns":3},{"damage":64,"enemies":"The Guardian","floor":16,"turns":6}],"seed_played":"1493428700294339639","potions_obtained":[{"floor":1,"key":"Swift Potion"},{"floor":12,"key":"LiquidBronze"},{"floor":13,"key":"Ancient Potion"}],"is_trial":false,"path_per_floor":["M","?","$","?","M","R","E","R","T","R","M","M","M","?","R","B"],"character_chosen":"WATCHER","items_purchased":["PathToVictory","Fasting2"],"campfire_rested":1,"item_purchase_floors":[3,3],"current_hp_per_floor":[72,65,65,54,54,54,54,54,54,54,54,54,49,35,56,0,0],"gold":264,"neow_bonus":"THREE_ENEMY_KILL","is_daily":false,"chose_seed":false,"campfire_upgraded":3,"win_rate":0.0,"timestamp":1613313207,"path_taken":["M","?","$","?","?","R","E","R","T","R","M","M","M","?","R","BOSS"],"items_purchased_type":["Card","Card"],"build_version":"2020-12-22","purchased_purges":0,"victory":false,"max_hp_per_floor":[72,72,72,72,72,72,72,72,72,72,72,72,72,72,72,72,72],"card_choices":[{"not_picked":["Evaluate","FollowUp"],"picked":"Meditate","floor":1},{"not_picked":["CutThroughFate","Nirvana"],"picked":"EmptyBody","floor":5},{"not_picked":["SashWhip","Crescendo"],"picked":"CutThroughFate","floor":7},{"not_picked":["TalkToTheHand","Worship"],"picked":"BowlingBash","floor":11},{"not_picked":["WindmillStrike","SashWhip"],"picked":"ReachHeaven","floor":12},{"not_picked":["Study","ReachHeaven"],"picked":"ClearTheMind","floor":13}],"player_experience":64271,"relics_obtained":[{"floor":7,"key":"Tiny Chest"},{"floor":9,"key":"Darkstone Periapt"}],"event_choices":[{"cards_removed":["Strike_P"],"damage_healed":0,"gold_gain":0,"player_choice":"Card Removal","damage_taken":7,"max_hp_gain":0,"max_hp_loss":0,"event_name":"Golden Wing","floor":2,"gold_loss":0},{"damage_healed":0,"gold_gain":75,"player_choice":"Gather Gold","damage_taken":11,"max_hp_gain":0,"max_hp_loss":0,"event_name":"World of Goop","floor":4,"gold_loss":0},{"damage_healed":0,"gold_gain":0,"player_choice":"Entered Light","damage_taken":14,"max_hp_gain":0,"max_hp_loss":0,"event_name":"Shining Light","floor":14,"gold_loss":0,"cards_upgraded":["Strike_P","ClearTheMind"]}],"is_beta":false,"boss_relics":[],"items_purged_floors":[],"is_endless":false,"potions_floor_spawned":[1,12,13],"killed_by":"The Guardian","ascension_level":0}}