{"host":"i45hfqkcke4zequp","time":1613282437,"event":{"mods":["AchievementEnabler","BaseMod","BetterRewards","Minty Spire (QoL Compilation)","Permanent Neow","Shop Mod"],"gold_per_floor":[114,114,4,4,19,49,49,64,89,119,119,149,164,194,194,194,194],"floor_reached":16,"language":"KOR","playtime":568,"items_purged":["Regret"],"score":153,"play_id":"06899eb9-15a9-475c-80b7-2e5ac916cc66","local_time":"20210214150037","daily_mods":["SealedDeck","Colorless Cards","Elite Swarm"],"is_ascension_mode":false,"campfire_choices":[{"data":"Berserk","floor":7.0,"key":"SMITH"},{"data":"Seeing Red","floor":15.0,"key":"SMITH"}],"circlet_count":0,"master_deck":["Twin Strike","Iron Wave","Twin Strike","Good Instincts","Armaments","Cleave","Flex","Heavy Blade","Heavy Blade","Inflame","Inflame","Seeing Red+1","Pain","Berserk+1","Spot Weakness","Metamorphosis","Reaper","Thunderclap","The Bomb"],"relics":["Burning Blood","Ornamental Fan","WarpedTongs","Letter Opener","Bag of Preparation","Thread and Needle","Bottled Lightning","StoneCalendar","Orichalcum"],"acts_visited":["Exordium"],"potions_floor_usage":[],"damage_taken":[{"damage":6.0,"enemies":"Jaw Worm","floor":1.0,"turns":2.0},{"damage":4.0,"enemies":"Cultist","floor":5.0,"turns":2.0},{"damage":33.0,"enemies":"Lagavulin","floor":6.0,"turns":4.0},{"damage":2.0,"enemies":"Small Slimes","floor":8.0,"turns":2.0},{"damage":5.0,"enemies":"3 Sentries","floor":10.0,"turns":2.0},{"damage":12.0,"enemies":"Lagavulin","floor":12.0,"turns":4.0},{"damage":5.0,"enemies":"Exordium Wildlife","floor":13.0,"turns":2.0},{"damage":5.0,"enemies":"3 Sentries","floor":14.0,"turns":4.0},{"damage":0,"enemies":"The Guardian","floor":16,"turns":1}],"seed_played":"6099103822572544471","potions_obtained":[{"floor":1.0,"key":"Swift Potion"},{"floor":6.0,"key":"Dexterity Potion"},{"floor":8.0,"key":"SteroidPotion"},{"floor":12.0,"key":"LiquidMemories"}],"is_trial":false,"path_per_floor":["M","?","$","?","M","E","R","M","T","E","T","E","M","E","R","B"],"character_chosen":"IRONCLAD","items_purchased":["Seeing Red"],"campfire_rested":0,"item_purchase_floors":[3],"current_hp_per_floor":[80,80,80,80,80,53,53,57,57,58,58,52,61,78,78,78,78],"gold":194,"neow_bonus":"","is_daily":true,"chose_seed":false,"campfire_upgraded":2,"win_rate":0.0,"timestamp":1613282437,"path_taken":["M","?","$","?","M","E","R","?","T","E","?","E","?","E","R","BOSS"],"items_purchased_type":["Card"],"build_version":"2020-12-22","purchased_purges":1,"victory":false,"max_hp_per_floor":[80,80,80,80,80,80,80,80,80,80,80,80,80,80,80,80,80],"card_choices":[{"not_picked":["Purity","Panacea"],"picked":"Inflame","floor":1.0},{"not_picked":["Body Slam","Clash","Mind Blast"],"picked":"SKIP","floor":5.0},{"not_picked":["Exhume","Secret Technique"],"picked":"Berserk","floor":6.0},{"not_picked":["Clash","Anger"],"picked":"Spot Weakness","floor":8.0},{"not_picked":["Thinking Ahead","Mayhem"],"picked":"Metamorphosis","floor":10.0},{"not_picked":["Juggernaut","Master of Strategy"],"picked":"Reaper","floor":12.0},{"not_picked":["Carnage","Heavy Blade"],"picked":"Thunderclap","floor":13.0},{"not_picked":["Master of Strategy","Chrysalis"],"picked":"The Bomb","floor":14.0}],"player_experience":544474,"relics_obtained":[{"floor":6.0,"key":"Letter Opener"},{"floor":9.0,"key":"Bag of Preparation"},{"floor":10.0,"key":"Thread and Needle"},{"floor":11.0,"key":"Bottled Lightning"},{"floor":12.0,"key":"StoneCalendar"},{"floor":14.0,"key":"Orichalcum"}],"event_choices":[{"damage_healed":0.0,"max_hp_gain":0.0,"max_hp_loss":0.0,"gold_gain":0.0,"event_name":"Big Fish","player_choice":"Box","floor":2.0,"gold_loss":0.0,"damage_taken":0.0,"relics_obtained":["Ornamental Fan"],"cards_obtained":["Regret"]},{"damage_healed":0.0,"max_hp_gain":0.0,"max_hp_loss":0.0,"gold_gain":0.0,"event_name":"Accursed Blacksmith","player_choice":"Rummage","floor":4.0,"gold_loss":0.0,"damage_taken":0.0,"relics_obtained":["WarpedTongs"],"cards_obtained":["Pain"]}],"is_beta":false,"boss_relics":[],"items_purged_floors":[3],"is_endless":false,"potions_floor_spawned":[1,6,8,12],"killed_by":"The Guardian","ascension_level":0}}