{"host":"1vqon1dbpr5c1qll","time":1613315668,"event":{"mods":["2.2 Compatiblity","AchievementEnabler","BaseMod","BetterRewards","Colored Map","DeckTracker","Hermit","Highlight Path","Lobotomy","Minty Spire (QoL Compilation)","Permanent Neow","Quick Restart","Random Character Button","Replay The Spire","StSLib","SuperFastMode","The Cursed","The Servant 0.9.4","everything is the same but u backflip on backflip"],"gold_per_floor":[144,189,189,189,234,324,369,459,459,504,549,549,594,639,639,939,1089,1134,594,639,684,69,69,114,114,164,209,299,344,344,389,389,689,689,734,334,334,94,139,229,274,364,439,439,505,505,595,640,640,640],"floor_reached":51,"language":"KOR","playtime":3412,"items_purged":[],"score":1348,"play_id":"d2e8c2dd-7b5b-40f6-b9a8-5eaf51709d78","local_time":"20210215001428","daily_mods":["Draft","Hoarder","Midas"],"is_ascension_mode":false,"campfire_choices":[{"floor":12,"key":"REST"},{"floor":15,"key":"REST"},{"floor":23,"key":"REST"},{"floor":25,"key":"REST"},{"floor":32,"key":"REST"},{"floor":44,"key":"REST"},{"floor":46,"key":"REST"},{"floor":49,"key":"REST"}],"circlet_count":0,"master_deck":["hermit:FlashPowder","hermit:FlashPowder","hermit:FlashPowder+1","hermit:ItchyTrigger","hermit:ItchyTrigger","hermit:ItchyTrigger+1","hermit:Misfire","hermit:Misfire","hermit:Misfire","hermit:PistolWhip","hermit:PistolWhip+1","hermit:PistolWhip","hermit:LowProfile","hermit:LowProfile","hermit:LowProfile","hermit:Showdown","hermit:Showdown","hermit:Showdown","hermit:Feint","hermit:Feint","hermit:Feint","hermit:BigShot","hermit:BigShot","hermit:BigShot","hermit:GhostlyPresence","hermit:GhostlyPresence","hermit:GhostlyPresence","hermit:Quickdraw+1","hermit:Quickdraw","hermit:ItchyTrigger","hermit:ItchyTrigger","hermit:ItchyTrigger","hermit:Midnight","hermit:Midnight","hermit:Midnight","hermit:HighCaliber","hermit:HighCaliber","hermit:HighCaliber","hermit:CalledShot","hermit:CalledShot","hermit:CalledShot","hermit:WideOpen","hermit:WideOpen","hermit:WideOpen","hermit:NoHoldsBarred","hermit:NoHoldsBarred","hermit:NoHoldsBarred","hermit:TrackingShot","hermit:TrackingShot","hermit:TrackingShot","CommonCold","CommonCold","CommonCold","hermit:Dive","hermit:Dive","hermit:Dive","hermit:FullyLoaded+1","hermit:FullyLoaded+1","hermit:FullyLoaded+1","hermit:Vantage+1","hermit:Vantage+1","hermit:Vantage+1","hermit:Manifest+1","hermit:Manifest+1","hermit:Manifest+1","hermit:Roulette","hermit:Roulette+1","hermit:Roulette+1","hermit:Glare+1","hermit:Glare+1","hermit:Glare+1","hermit:BodyArmor+1","hermit:BodyArmor+1","hermit:BodyArmor+1","hermit:RoundhouseKick","hermit:RoundhouseKick+1","hermit:RoundhouseKick","hermit:Brawl","hermit:Brawl","hermit:Brawl","hermit:Manifest+1","hermit:Manifest+1","hermit:Manifest+1","Apotheosis+1","hermit:Grudge","hermit:Grudge","hermit:Grudge","hermit:ShadowCloak+1","hermit:ShadowCloak+1","hermit:ShadowCloak+1","hermit:Deadeye+1","hermit:Deadeye+1","hermit:Deadeye+1","hermit:EyeOfTheStorm+1","hermit:EyeOfTheStorm+1","hermit:EyeOfTheStorm+1","hermit:Grudge","hermit:Grudge","hermit:Grudge","hermit:BodyArmor+1","hermit:BodyArmor+1","hermit:BodyArmor+1","hermit:FinalCanter","hermit:FinalCanter","hermit:FinalCanter","hermit:Enervate+1","hermit:Enervate+1","hermit:Enervate+1","hermit:Dive+1","hermit:Dive+1","hermit:Dive+1","hermit:Dissolve+1","hermit:Dissolve+1","hermit:Dissolve+1","hermit:Virtue+1","hermit:Virtue+1","hermit:Virtue+1","Panacea+1","Panacea+1","Panacea+1","hermit:BlackWind","hermit:BlackWind","hermit:BlackWind","hermit:FlashPowder+1","hermit:FlashPowder+1","hermit:FlashPowder+1","HandOfGreed","HandOfGreed","HandOfGreed","hermit:BlackWind","hermit:BlackWind","hermit:BlackWind","hermit:CalledShot+1","hermit:CalledShot+1","hermit:CalledShot+1","Enlightenment+1","Enlightenment+1","Enlightenment+1","hermit:LuckOfTheDraw+1","hermit:LuckOfTheDraw+1","hermit:LuckOfTheDraw+1","hermit:Manifest+1","hermit:Manifest+1","hermit:Manifest+1","hermit:Ricochet+1","hermit:Ricochet+1","hermit:Ricochet+1","hermit:Shortfuse","hermit:Shortfuse","hermit:Shortfuse"],"relics":["hermit:Momento","Ring of Fury","Ring of Peace","Lantern","Toxic Egg 2","Ancient Tea Set","Snack Pack","Tiny House","Oddly Smooth Stone","Gremlin Food","Onion Ring","Quantum Egg","Blood Vial","Omamori","Calling Bell","Dream Catcher","Ornamental Fan","Replay:PocketPolymizer","ReplayTheSpireMod:Ninjato","Bag of Preparation","ReplayFunnel","Juzu Bracelet","Blue Doll","Bottled Lightning","Pondfish Scales","Darkstone Periapt"],"acts_visited":["Exordium","TheCity","TheBeyond"],"potions_floor_usage":[8,18,21,21,28,29,40,45,48,50],"damage_taken":[{"damage":1,"enemies":"Jaw Worm","floor":1,"turns":2},{"damage":0,"enemies":"Cultist","floor":2,"turns":1},{"damage":0,"enemies":"2 Louse","floor":5,"turns":1},{"damage":13,"enemies":"Lagavulin","floor":6,"turns":5},{"damage":0,"enemies":"Red Slaver","floor":7,"turns":2},{"damage":8,"enemies":"3 Sentries","floor":8,"turns":5},{"damage":0,"enemies":"Large Slime","floor":10,"turns":5},{"damage":0,"enemies":"Exordium Wildlife","floor":11,"turns":3},{"damage":0,"enemies":"Exordium Thugs","floor":13,"turns":3},{"damage":0,"enemies":"Looter","floor":14,"turns":2},{"damage":54,"enemies":"The Guardian","floor":16,"turns":12},{"damage":7,"enemies":"2 Thieves","floor":18,"turns":4},{"damage":0,"enemies":"3 Byrds","floor":20,"turns":6},{"damage":29,"enemies":"Cultist and Chosen","floor":21,"turns":7},{"damage":0,"enemies":"Shelled Parasite and Fungi","floor":24,"turns":6},{"damage":2,"enemies":"Centurion and Healer","floor":27,"turns":5},{"damage":7,"enemies":"Book of Stabbing","floor":28,"turns":5},{"damage":0,"enemies":"Snecko","floor":29,"turns":3},{"damage":15,"enemies":"Shelled Parasite and Fungi","floor":31,"turns":6},{"damage":42,"enemies":"Pondfish","floor":33,"turns":10},{"damage":2,"enemies":"3 Shapes","floor":35,"turns":9},{"damage":0,"enemies":"Orb Walker","floor":39,"turns":2},{"damage":0,"enemies":"Reptomancer","floor":40,"turns":7},{"damage":0,"enemies":"4 Shapes","floor":41,"turns":5},{"damage":20,"enemies":"Nemesis","floor":42,"turns":11},{"damage":0,"enemies":"2 Orb Walkers","floor":45,"turns":5},{"damage":0,"enemies":"Reptomancer","floor":47,"turns":4},{"damage":0,"enemies":"Sphere and 2 Shapes","floor":48,"turns":4},{"damage":16,"enemies":"Donu and Deca","floor":50,"turns":9}],"seed_played":"-463004689936713651","potions_obtained":[{"floor":1,"key":"DistilledChaos"},{"floor":7,"key":"Ancient Potion"},{"floor":8,"key":"Ancient Potion"},{"floor":14,"key":"SneckoOil"},{"floor":17,"key":"Toxic Potion"},{"floor":18,"key":"Milkshake"},{"floor":27,"key":"FearPotion"},{"floor":31,"key":"Explosive Potion"},{"floor":35,"key":"Block Potion"},{"floor":42,"key":"Dexterity Potion"},{"floor":45,"key":"Languid Potion"}],"is_trial":false,"path_per_floor":["M","M","?","?","M","E","M","E","T","M","M","R","M","M","R","B",null,"M","$","M","M","$","R","M","R","T","M","E","M","?","M","R","B",null,"M","$","?","$","M","E","M","E","T","R","?","R","E","M","R","B",null],"character_chosen":"HERMIT","items_purchased":["Apotheosis+1","Oddly Smooth Stone","Gremlin Food","hermit:Grudge","Onion Ring","hermit:EyeOfTheStorm+1","Regen Potion","Quantum Egg","ReplayTheSpireMod:Ninjato","Bag of Preparation","ReplayFunnel","Panacea+1"],"campfire_rested":8,"item_purchase_floors":[19,19,19,19,22,22,22,22,36,36,38,38],"current_hp_per_floor":[74,74,74,67,67,54,54,46,46,50,52,74,75,75,75,21,80,73,73,77,50,50,74,74,80,80,78,75,80,80,69,80,46,80,78,78,75,75,79,80,80,62,62,80,80,80,80,80,80,66],"gold":640,"neow_bonus":"","is_daily":true,"chose_seed":false,"campfire_upgraded":0,"win_rate":0.0,"timestamp":1613315668,"path_taken":["M","M","?","?","M","E","M","E","T","M","M","R","M","M","R","BOSS","M","$","M","M","$","R","M","R","T","M","E","M","?","M","R","BOSS","M","$","?","$","M","E","M","E","T","R","?","R","E","M","R","BOSS"],"items_purchased_type":["Card","Relic","Relic","Card","Relic","Card","Potion","Relic","Relic","Relic","Relic","Card"],"build_version":"2020-12-22","purchased_purges":0,"victory":true,"max_hp_per_floor":[75,75,75,75,75,75,75,75,75,75,75,75,75,75,75,75,80,80,80,80,80,80,80,80,80,80,80,80,80,80,80,80,80,80,80,80,80,80,80,80,80,80,80,80,80,80,80,80,80,80],"card_choices":[{"not_picked":["hermit:Coalescence","hermit:BodyArmor"],"picked":"hermit:FlashPowder","floor":0},{"not_picked":["hermit:Cheat","hermit:SprayPray"],"picked":"hermit:ItchyTrigger","floor":0},{"not_picked":["hermit:HoleUp","hermit:Cheat"],"picked":"hermit:Misfire","floor":0},{"not_picked":["hermit:LowProfile","hermit:LoneWolf"],"picked":"hermit:PistolWhip","floor":0},{"not_picked":["hermit:Maintenance","hermit:Spite"],"picked":"hermit:LowProfile","floor":0},{"not_picked":["hermit:Combo","hermit:CalledShot"],"picked":"hermit:Showdown","floor":0},{"not_picked":["hermit:HighCaliber","hermit:Vantage"],"picked":"hermit:Feint","floor":0},{"not_picked":["hermit:Dive","hermit:Coalescence"],"picked":"hermit:BigShot","floor":0},{"not_picked":["hermit:Snipe","hermit:Ricochet"],"picked":"hermit:GhostlyPresence","floor":0},{"not_picked":["hermit:LowProfile","hermit:Dive"],"picked":"hermit:Quickdraw","floor":0},{"not_picked":["hermit:FullyLoaded","hermit:Desperado"],"picked":"hermit:ItchyTrigger","floor":0},{"not_picked":["hermit:Coalescence","hermit:Desperado"],"picked":"hermit:Midnight","floor":0},{"not_picked":["hermit:Horror","hermit:ItchyTrigger"],"picked":"hermit:HighCaliber","floor":0},{"not_picked":["hermit:Vantage","hermit:Manifest"],"picked":"hermit:CalledShot","floor":0},{"not_picked":["hermit:Spite","hermit:Snipe"],"picked":"hermit:WideOpen","floor":0},{"not_picked":["hermit:Manifest","hermit:SprayPray"],"picked":"hermit:NoHoldsBarred","floor":1},{"not_picked":["hermit:CalledShot","hermit:Brawl"],"picked":"hermit:TrackingShot","floor":2},{"not_picked":["hermit:LowProfile","hermit:WideOpen"],"picked":"hermit:Dive","floor":5},{"not_picked":["hermit:DeadOrAlive","hermit:Horror+1"],"picked":"hermit:FullyLoaded+1","floor":6},{"not_picked":["hermit:Misfire","hermit:ItchyTrigger","hermit:TrackingShot"],"picked":"SKIP","floor":7},{"not_picked":["hermit:Deadeye","hermit:Showdown"],"picked":"hermit:Vantage+1","floor":8},{"not_picked":["hermit:FullyLoaded+1","hermit:CalledShot"],"picked":"hermit:Manifest+1","floor":10},{"not_picked":["hermit:NoHoldsBarred","hermit:SprayPray"],"picked":"hermit:Roulette","floor":11},{"not_picked":["hermit:ItchyTrigger","hermit:Coalescence+1"],"picked":"hermit:Glare+1","floor":13},{"not_picked":["hermit:Glare+1","hermit:Shortfuse"],"picked":"hermit:BodyArmor+1","floor":14},{"not_picked":["hermit:FatalDesire","hermit:Adapt"],"picked":"hermit:RoundhouseKick","floor":16},{"not_picked":["hermit:TrackingShot","hermit:Snipe+1"],"picked":"hermit:Brawl","floor":17},{"not_picked":["hermit:Glare+1","hermit:TrackingShot"],"picked":"hermit:Manifest+1","floor":18},{"not_picked":["hermit:CalledShot","hermit:Showdown"],"picked":"hermit:ShadowCloak+1","floor":20},{"not_picked":["hermit:Determination","hermit:Gestalt+1"],"picked":"hermit:Deadeye+1","floor":21},{"not_picked":["hermit:FullyLoaded+1","hermit:BodyArmor+1"],"picked":"hermit:Grudge","floor":24},{"not_picked":["hermit:Feint+1","hermit:BigShot"],"picked":"hermit:BodyArmor+1","floor":27},{"not_picked":["hermit:Malice+1","hermit:SprayPray"],"picked":"hermit:FinalCanter","floor":28},{"not_picked":["hermit:LowProfile+1","hermit:Cheat+1"],"picked":"hermit:Enervate+1","floor":29},{"not_picked":["hermit:HoleUp+1","hermit:Desperado"],"picked":"hermit:Dive+1","floor":31},{"not_picked":["hermit:HighNoon","hermit:Magnum"],"picked":"hermit:Dissolve+1","floor":33},{"not_picked":["hermit:Dive+1","hermit:HoleUp+1"],"picked":"hermit:Virtue+1","floor":35},{"not_picked":["hermit:Maintenance+1","hermit:Snipe+1","hermit:SprayPray+1"],"picked":"SKIP","floor":39},{"not_picked":["hermit:TrackingShot+1","hermit:FlashPowder+1"],"picked":"hermit:BlackWind","floor":40},{"not_picked":["hermit:Dive+1","hermit:BodyArmor+1","hermit:LowProfile+1"],"picked":"SKIP","floor":41},{"not_picked":["hermit:Quickdraw+1","hermit:Glare+1"],"picked":"hermit:FlashPowder+1","floor":42},{"not_picked":["hermit:Feint+1","hermit:LowProfile+1"],"picked":"hermit:BlackWind","floor":44},{"not_picked":["hermit:LowProfile+1","hermit:Shortfuse"],"picked":"hermit:CalledShot+1","floor":45},{"not_picked":["hermit:Showdown+1","hermit:Roulette+1"],"picked":"hermit:LuckOfTheDraw+1","floor":46},{"not_picked":["hermit:TrackingShot+1","hermit:ItchyTrigger"],"picked":"hermit:Manifest+1","floor":47},{"not_picked":["hermit:RoundhouseKick","hermit:BodyArmor+1"],"picked":"hermit:Ricochet+1","floor":48}],"player_experience":988131,"relics_obtained":[{"floor":3,"key":"Ring of Fury"},{"floor":3,"key":"Ring of Peace"},{"floor":6,"key":"Toxic Egg 2"},{"floor":8,"key":"Ancient Tea Set"},{"floor":9,"key":"Snack Pack"},{"floor":26,"key":"Blood Vial"},{"floor":28,"key":"Omamori"},{"floor":34,"key":"Dream Catcher"},{"floor":34,"key":"Ornamental Fan"},{"floor":34,"key":"Replay:PocketPolymizer"},{"floor":40,"key":"Juzu Bracelet"},{"floor":42,"key":"Blue Doll"},{"floor":43,"key":"Bottled Lightning"},{"floor":45,"key":"Pondfish Scales"},{"floor":47,"key":"Darkstone Periapt"}],"event_choices":[{"damage_healed":0,"gold_gain":0,"player_choice":"Success","damage_taken":7,"relics_obtained":["Lantern"],"max_hp_gain":0,"max_hp_loss":0,"event_name":"Scrap Ooze","floor":4,"gold_loss":0},{"damage_healed":0,"gold_gain":0,"player_choice":"Ignored","damage_taken":0,"max_hp_gain":0,"max_hp_loss":0,"event_name":"Ghosts","floor":30,"gold_loss":0},{"damage_healed":0,"gold_gain":0,"player_choice":"Punched","damage_taken":3,"max_hp_gain":0,"max_hp_loss":0,"event_name":"Designer","floor":37,"gold_loss":0},{"damage_healed":0,"gold_gain":0,"player_choice":"Fight","damage_taken":0,"max_hp_gain":0,"max_hp_loss":0,"event_name":"Mysterious Sphere","floor":45,"gold_loss":0}],"is_beta":false,"boss_relics":[{"not_picked":["Ectoplasm","Runic Dome"],"picked":"Tiny House"},{"not_picked":["Coffee Dripper","Honey Jar"],"picked":"Calling Bell"}],"items_purged_floors":[],"is_endless":false,"potions_floor_spawned":[1,7,8,14,18,27,31,35,39,42,45],"ascension_level":0}}