{"host":"yfdtuf6ojcxn06xg","time":1613280965,"event":{"mods":["2.2 Compatiblity","AchievementEnabler","BaseMod","Colored Map","Colored Powertips","Curses Come First","Hermit","JesterMod","Jorbs\u0027s Wanderer Trilogy","Minty Spire (QoL Compilation)","Quick Restart","Rare Cards Sparkle","Relic Stats","Replay The Spire","StSLib","The Cursed","The Disciple","The Hierophant","The Jungle","The Marked","The Necromancer","The Servant 0.9.4"],"gold_per_floor":[112,123,71,71,87,87,87,87,110,141,141,141,225,270,270,395,395,411,70,83,106,119,119,119,119,166,166,181,181,206,54,54,175,175,199,74,135,48,67,67,85,85,156,156,181,202,215,233,233,233],"floor_reached":51,"language":"ENG","playtime":2485,"items_purged":["Strike_G","Shame","Defend_G"],"score":709,"play_id":"31870e35-45bc-453a-a4f7-443cbeae8c6e","local_time":"20210214003605","is_ascension_mode":false,"campfire_choices":[{"data":"Cloak And Dagger","floor":6,"key":"SMITH"},{"data":"Jack Of All Trades","floor":8,"key":"SMITH"},{"floor":12,"key":"REST"},{"data":"ReplayTheSpireMod:Scrap Shanks","floor":15,"key":"SMITH"},{"data":"A Thousand Cuts","floor":23,"key":"SMITH"},{"floor":25,"key":"REST"},{"data":"Calculated Gamble","floor":27,"key":"SMITH"},{"data":"Blade Dance","floor":29,"key":"SMITH"},{"floor":32,"key":"REST"},{"floor":40,"key":"REST"},{"floor":42,"key":"REST"},{"floor":49,"key":"REST"}],"circlet_count":0,"master_deck":["Defend_G","Defend_G","Defend_G","Defend_G","Survivor","Neutralize","Cloak And Dagger+1","Hidden Blade","Endless Agony","Jack Of All Trades+1","Calculated Gamble+1","ReplayTheSpireMod:Scrap Shanks+1","Prepared","A Thousand Cuts+1","Hidden Blade+1","ReplayTheSpireMod:Scrap Shanks+1","ReplayTheSpireMod:Speed Training","Blade Dance+1","Accuracy+1","Footwork+1","Infinite Blades","Infinite Blades","A Thousand Cuts","Deflect+1","Deep Breath","Cloak And Dagger+1","Adrenaline","Neutralize","Slice","Concentrate+1","Escape Plan+1"],"relics":["Ring of the Snake","NeowsBlessing","Golden Idol","Strawberry","Pen Nib","Mirror","Replay:Drink Me","Bronze Scales","theJungle:PaperFaux","Replay:Mystery Machine","Painkiller Herb","Incense Burner","Replay:Bottled Eggs"],"acts_visited":["Exordium","Exordium","TheBeyond"],"potions_floor_usage":[10,13,18,22,22,28,37,37,37,41,46,50],"damage_taken":[{"damage":0,"enemies":"Cultist","floor":1,"turns":1},{"damage":0,"enemies":"Small Slimes","floor":2,"turns":1},{"damage":0,"enemies":"Jaw Worm","floor":5,"turns":1},{"damage":33,"enemies":"Gremlin Nob","floor":10,"turns":5},{"damage":0,"enemies":"3 Sentries","floor":13,"turns":7},{"damage":0,"enemies":"Large Slime","floor":14,"turns":5},{"damage":35,"enemies":"Hexaghost","floor":16,"turns":11},{"damage":0,"enemies":"Shell Parasite","floor":18,"turns":2},{"damage":13,"enemies":"theJungle:5_Spyders","floor":20,"turns":6},{"damage":0,"enemies":"theJungle:2_Snecko_Cultists","floor":21,"turns":3},{"damage":10,"enemies":"theJungle:2_Flameangoes","floor":22,"turns":3},{"damage":11,"enemies":"theJungle:SlimyTreeVines","floor":28,"turns":4},{"damage":15,"enemies":"theJungle:JungleHuntersEncounter","floor":30,"turns":4},{"damage":11,"enemies":"theJungle:TotemBoss","floor":33,"turns":6},{"damage":18,"enemies":"3 Shapes","floor":35,"turns":3},{"damage":4,"enemies":"2 Orb Walkers","floor":37,"turns":2},{"damage":31,"enemies":"3 Darklings","floor":39,"turns":2},{"damage":11,"enemies":"Jaw Worm Horde","floor":41,"turns":3},{"damage":6,"enemies":"Maw","floor":45,"turns":4},{"damage":5,"enemies":"4 Shapes","floor":46,"turns":2},{"damage":0,"enemies":"3 Darklings","floor":47,"turns":3},{"damage":0,"enemies":"Spire Growth","floor":48,"turns":2},{"damage":19,"enemies":"Time Eater","floor":50,"turns":9}],"seed_played":"8272153030954524371","potions_obtained":[{"floor":1,"key":"Block Potion"},{"floor":2,"key":"Energy Potion"},{"floor":10,"key":"BlessingOfTheForge"},{"floor":18,"key":"Energy Potion"},{"floor":20,"key":"Explosive Potion"},{"floor":22,"key":"Energy Potion"},{"floor":33,"key":"EssenceOfSteel"},{"floor":35,"key":"AttackPotion"},{"floor":39,"key":"Venom Potion"},{"floor":45,"key":"BlessingOfTheForge"},{"floor":48,"key":"Swift Potion"}],"is_trial":false,"path_per_floor":["M","M","$","?","M","R","?","R","T","E","?","R","E","M","R","B",null,"M","$","M","M","M","R","?","R","T","R","M","R","M","$","R","B",null,"?","T","?","T","?","T","?","T","T","?","?","?","?","?","T","B",null],"character_chosen":"THE_SILENT","items_purchased":["Hidden Blade","ReplayTheSpireMod:Scrap Shanks+1","ReplayTheSpireMod:Speed Training","Bronze Scales","Infinite Blades","Deep Breath"],"campfire_rested":6,"item_purchase_floors":[3,19,19,19,31,38],"current_hp_per_floor":[70,70,70,70,70,70,65,65,72,39,39,60,60,60,60,25,54,54,54,41,41,31,31,31,47,47,47,41,41,26,26,42,31,54,36,36,32,32,1,17,6,22,22,22,16,11,11,11,27,8],"gold":233,"neow_bonus":"THREE_ENEMY_KILL","is_daily":false,"chose_seed":false,"campfire_upgraded":6,"win_rate":0.0,"timestamp":1613280965,"path_taken":["M","M","?","?","?","R","?","R","T","E","?","R","E","M","R","BOSS","M","$","M","M","?","R","?","R","T","R","M","R","M","?","R","BOSS","?","T","?","T","?","T","?","T","T","?","?","?","?","?","T","BOSS"],"items_purchased_type":["Card","Card","Card","Relic","Card","Card"],"build_version":"2020-12-22","purchased_purges":3,"victory":true,"max_hp_per_floor":[70,70,70,70,70,70,65,65,72,72,72,72,72,72,72,72,54,54,54,54,54,54,54,54,54,54,54,54,54,54,54,54,54,54,54,54,54,54,54,54,54,54,54,54,54,54,54,54,54,54],"relic_stats":{"counters":[23,89],"Golden Idol":157,"Bronze Scales":[141],"Pen Nib":[32],"obtain_stats":[{"NeowsBlessing":0,"Golden Idol":7,"Painkiller Herb":34,"Pen Nib":10,"Incense Burner":37,"theJungle:PaperFaux":24,"Replay:Mystery Machine":26,"Strawberry":9,"Bronze Scales":19,"Replay:Bottled Eggs":43,"Mirror":13,"Replay:Drink Me":17,"Ring of the Snake":0},{"NeowsBlessing":0,"Golden Idol":3,"Painkiller Herb":14,"Pen Nib":4,"Incense Burner":16,"theJungle:PaperFaux":11,"Replay:Mystery Machine":11,"Strawberry":3,"Bronze Scales":8,"Replay:Bottled Eggs":18,"Mirror":5,"Replay:Drink Me":7,"Ring of the Snake":0},{"NeowsBlessing":0,"Golden Idol":3,"Painkiller Herb":59,"Pen Nib":8,"Incense Burner":64,"theJungle:PaperFaux":45,"Replay:Mystery Machine":45,"Strawberry":3,"Bronze Scales":33,"Replay:Bottled Eggs":69,"Mirror":15,"Replay:Drink Me":31,"Ring of the Snake":0}],"Ring of the Snake":[46]},"card_choices":[{"not_picked":["Expertise","Sucker Punch","Leg Sweep"],"picked":"SKIP","floor":1},{"not_picked":["Hidden Blade","Prepared"],"picked":"Cloak And Dagger","floor":2},{"not_picked":["All Out Attack","Crippling Poison"],"picked":"Calculated Gamble","floor":5},{"not_picked":["Poisoned Stab","Dodge and Roll"],"picked":"ReplayTheSpireMod:Scrap Shanks","floor":10},{"not_picked":["Catalyst","Unload","Distraction"],"picked":"SKIP","floor":13},{"not_picked":["Flying Knee","Outmaneuver"],"picked":"Prepared","floor":14},{"not_picked":["Unload","Adrenaline"],"picked":"A Thousand Cuts","floor":16},{"not_picked":["Masterful Stab","PiercingWail+1"],"picked":"Hidden Blade+1","floor":18},{"not_picked":["Hidden Blade+1","Noxious Fumes","Underhanded Strike"],"picked":"SKIP","floor":20},{"not_picked":["Sucker Punch","Backflip","Dodge and Roll+1"],"picked":"SKIP","floor":21},{"not_picked":["Deadly Poison","Bane+1"],"picked":"Blade Dance","floor":22},{"not_picked":["Hidden Blade","Heel Hook"],"picked":"Accuracy+1","floor":28},{"not_picked":["Poisoned Stab","Well Laid Plans"],"picked":"Footwork+1","floor":30},{"not_picked":["Phantasmal Killer","Glass Knife"],"picked":"A Thousand Cuts","floor":33},{"not_picked":["Sucker Punch","Quick Slash"],"picked":"Deflect+1","floor":35},{"not_picked":["Dagger Throw+1","Deflect"],"picked":"Cloak And Dagger","floor":39},{"not_picked":["Underhanded Strike","Dagger Spray+1"],"picked":"Adrenaline","floor":41},{"not_picked":["Caltrops+1","Dodge and Roll"],"picked":"Slice","floor":45},{"not_picked":["Choke","Outmaneuver+1"],"picked":"Concentrate+1","floor":46},{"not_picked":["Backflip+1","Cloak And Dagger"],"picked":"Escape Plan+1","floor":47},{"not_picked":["Expertise+1","Unload","All Out Attack"],"picked":"SKIP","floor":48}],"player_experience":266348,"relics_obtained":[{"floor":9,"key":"Strawberry"},{"floor":10,"key":"Pen Nib"},{"floor":13,"key":"Mirror"},{"floor":26,"key":"Replay:Mystery Machine"},{"floor":37,"key":"Incense Burner"},{"floor":43,"key":"Replay:Bottled Eggs"}],"event_choices":[{"damage_healed":0,"gold_gain":0,"player_choice":"2 cards matched","damage_taken":0,"max_hp_gain":0,"max_hp_loss":0,"event_name":"Match and Keep!","floor":4,"gold_loss":0,"cards_obtained":["Endless Agony","Jack Of All Trades"]},{"damage_healed":0,"gold_gain":0,"player_choice":"Lose Max HP","damage_taken":0,"relics_obtained":["Golden Idol"],"max_hp_gain":0,"max_hp_loss":5,"event_name":"Golden Idol","floor":7,"gold_loss":0},{"cards_removed":["Strike_G"],"damage_healed":0,"gold_gain":0,"player_choice":"Purged","damage_taken":0,"max_hp_gain":0,"max_hp_loss":0,"event_name":"Purifier","floor":11,"gold_loss":0},{"damage_healed":0,"gold_gain":0,"player_choice":"Fight","damage_taken":0,"max_hp_gain":0,"max_hp_loss":0,"event_name":"Mysterious Sphere","floor":37,"gold_loss":0},{"damage_healed":0,"gold_gain":0,"player_choice":"1 cards matched","damage_taken":0,"max_hp_gain":0,"max_hp_loss":0,"event_name":"Match and Keep!","floor":44,"gold_loss":0,"cards_obtained":["Neutralize"]}],"is_beta":false,"boss_relics":[{"not_picked":["Replay:Ancient Bell","Coffee Dripper"],"picked":"Replay:Drink Me"},{"not_picked":["Empty Cage","SacredBark"],"picked":"Painkiller Herb"}],"items_purged_floors":[19,31,36],"is_endless":false,"potions_floor_spawned":[1,2,10,18,20,22,33,35,39,45,48],"ascension_level":0}}