{"host":"oigynbtg272c19pw","time":1613316077,"event":{"mods":["BaseMod","Colored Map","Minty Spire (QoL Compilation)","Relic Stats","Slay the Relics Exporter","StSLib"],"gold_per_floor":[114,134,12,24,34,59,59,59,134,145,145,212,187,216,216,288,288,266,366,377,192,262,262,312,312,312],"floor_reached":25,"playtime":1401,"items_purged":["Strike_R"],"score":426,"play_id":"ab465b2d-dee2-4508-a97d-e23fb8da4a56","local_time":"20210214162117","is_ascension_mode":true,"campfire_choices":[{"data":"Feel No Pain","floor":8.0,"key":"SMITH"},{"data":"Carnage","floor":11.0,"key":"SMITH"},{"floor":15.0,"key":"REST"},{"floor":23,"key":"REST"}],"circlet_count":0,"master_deck":["AscendersBane","Strike_R","Strike_R","Defend_R","Defend_R","Bash","Cleave","Hemokinesis","Feel No Pain+1","Second Wind","Carnage+1","Warcry","Anger","Flame Barrier","Rage","Reaper","Brutality+1","Reaper+1","Entrench+1","Spot Weakness","Pummel","Flex","Feed"],"relics":["Burning Blood","Orichalcum","StoneCalendar","SsserpentHead","Kunai","Toy Ornithopter","Astrolabe"],"acts_visited":["Exordium","TheCity"],"potions_floor_usage":[22,22],"damage_taken":[{"damage":0.0,"enemies":"Cultist","floor":1.0,"turns":3.0},{"damage":2.0,"enemies":"Small Slimes","floor":2.0,"turns":3.0},{"damage":2.0,"enemies":"2 Louse","floor":4.0,"turns":3.0},{"damage":9.0,"enemies":"Red Slaver","floor":5.0,"turns":3.0},{"damage":44.0,"enemies":"Lagavulin","floor":6.0,"turns":8.0},{"damage":7.0,"enemies":"Looter","floor":10.0,"turns":2.0},{"damage":4.0,"enemies":"Blue Slaver","floor":12.0,"turns":2.0},{"damage":26.0,"enemies":"Gremlin Nob","floor":14.0,"turns":4.0},{"damage":42.0,"enemies":"The Guardian","floor":16.0,"turns":13.0},{"damage":20.0,"enemies":"2 Thieves","floor":18.0,"turns":4.0},{"damage":53.0,"enemies":"3 Byrds","floor":20.0,"turns":6.0},{"damage":25,"enemies":"Sentry and Sphere","floor":22,"turns":7},{"damage":71,"enemies":"Gremlin Leader","floor":25,"turns":7}],"seed_played":"-120126865391856836","potions_obtained":[{"floor":1.0,"key":"ElixirPotion"},{"floor":2.0,"key":"FairyPotion"},{"floor":20.0,"key":"Swift Potion"}],"is_trial":false,"path_per_floor":["M","M","$","M","M","E","?","R","T","M","R","M","?","E","R","B",null,"M","?","M","$","M","R","?","E"],"character_chosen":"IRONCLAD","items_purchased":["Feel No Pain","Second Wind","Flex","Block Potion"],"campfire_rested":2,"item_purchase_floors":[3,3,21,21],"current_hp_per_floor":[74,75,75,75,72,34,34,34,34,33,33,35,35,15,37,28,63,57,57,22,22,13,35,35,0,0],"gold":312,"neow_bonus":"RANDOM_COMMON_RELIC","is_daily":false,"chose_seed":false,"campfire_upgraded":2,"win_rate":0.0,"timestamp":1613316077,"path_taken":["M","M","$","?","M","E","?","R","T","M","R","?","?","E","R","BOSS","M","?","M","$","?","R","?","E"],"items_purchased_type":["Card","Card","Card","Potion"],"build_version":"2020-12-13","purchased_purges":1,"victory":false,"max_hp_per_floor":[75,75,75,75,75,75,75,75,75,75,75,75,75,75,75,75,75,75,75,75,75,75,75,75,75,75],"relic_stats":{"SsserpentHead":250,"counters":[13,65],"Astrolabe":["Brutality","Reaper","Entrench"],"StoneCalendar":[124],"Kunai":[5],"Orichalcum":[162],"obtain_stats":[{"SsserpentHead":7,"Astrolabe":17,"StoneCalendar":6,"Kunai":9,"Orichalcum":0,"Burning Blood":0,"Toy Ornithopter":14},{"SsserpentHead":5,"Astrolabe":9,"StoneCalendar":5,"Kunai":5,"Orichalcum":0,"Burning Blood":0,"Toy Ornithopter":8},{"SsserpentHead":20,"Astrolabe":41,"StoneCalendar":20,"Kunai":20,"Orichalcum":0,"Burning Blood":0,"Toy Ornithopter":28}],"Burning Blood":65,"Toy Ornithopter":15},"card_choices":[{"not_picked":["Anger","Infernal Blade"],"picked":"Cleave","floor":1.0},{"not_picked":["True Grit","Wild Strike"],"picked":"Hemokinesis","floor":2.0},{"not_picked":["Thunderclap","Wild Strike"],"picked":"Carnage","floor":4.0},{"not_picked":["Havoc","Spot Weakness"],"picked":"Warcry","floor":5.0},{"not_picked":["Wild Strike","Iron Wave","Spot Weakness"],"picked":"SKIP","floor":6.0},{"not_picked":["Reckless Charge","Cleave"],"picked":"Anger","floor":10.0},{"not_picked":["Spot Weakness","Clash"],"picked":"Flame Barrier","floor":12.0},{"not_picked":["Flame Barrier","Pummel"],"picked":"Rage","floor":14.0},{"not_picked":["Exhume","Berserk"],"picked":"Reaper","floor":16.0},{"not_picked":["Carnage","Bloodletting"],"picked":"Spot Weakness","floor":18.0},{"not_picked":["Perfected Strike","Shrug It Off"],"picked":"Pummel","floor":20.0},{"not_picked":["Sever Soul","Havoc","Armaments"],"picked":"SKIP","floor":22}],"player_experience":1604596,"relics_obtained":[{"floor":6.0,"key":"StoneCalendar"},{"floor":9.0,"key":"Kunai"},{"floor":14.0,"key":"Toy Ornithopter"}],"event_choices":[{"damage_healed":0.0,"max_hp_gain":0.0,"max_hp_loss":0.0,"gold_gain":0.0,"event_name":"FaceTrader","player_choice":"Trade","floor":7.0,"gold_loss":0.0,"damage_taken":0.0,"relics_obtained":["SsserpentHead"]},{"cards_removed":["Strike_R"],"damage_healed":0.0,"max_hp_gain":0.0,"max_hp_loss":0.0,"gold_gain":0.0,"event_name":"The Cleric","player_choice":"Card Removal","floor":13.0,"gold_loss":75.0,"damage_taken":0.0},{"damage_healed":0.0,"max_hp_gain":0.0,"max_hp_loss":0.0,"gold_gain":50.0,"event_name":"Golden Shrine","player_choice":"Pray","floor":19.0,"gold_loss":0.0,"damage_taken":0.0},{"damage_healed":0,"gold_gain":0,"player_choice":"Read","damage_taken":0,"max_hp_gain":0,"max_hp_loss":0,"event_name":"The Library","floor":24,"gold_loss":0,"cards_obtained":["Feed"]}],"is_beta":false,"boss_relics":[{"not_picked":["Runic Pyramid","Sozu"],"picked":"Astrolabe"}],"items_purged_floors":[21],"is_endless":false,"potions_floor_spawned":[1,2,6,20],"killed_by":"Gremlin Leader","ascension_level":20}}