{"host":"ve9aztkoyqeblvav","time":1613281234,"event":{"mods":["Act Like it!","Aspiration","BaseMod","Colored Map","Colored Powertips","Highlight Path","Minty Spire (QoL Compilation)","Pale of the Ancients","Quick Restart","Reorder Act Four","StSLib","The Hierophant","Waifu the Spire"],"gold_per_floor":[109,34,46,46,61,86,86,97,97,97,117,117,17,30,30,107,107,125,125,40,60,60,60,77,77,77,89,34,34,60,79,79,156,156,174,2,19,73,73,104,104,137,137,137,164,164,199,210,210,210,210,210],"floor_reached":51,"language":"ZHS","playtime":2544,"items_purged":["Strike_G","Strike_G"],"score":1866,"play_id":"093cd3f9-878b-4ced-bce3-f226b548ab8c","local_time":"20210214134034","is_ascension_mode":true,"campfire_choices":[{"data":"Neutralize","floor":7.0,"key":"SMITH"},{"data":"A Thousand Cuts","floor":10.0,"key":"SMITH"},{"data":"Footwork","floor":12.0,"key":"SMITH"},{"data":"Footwork","floor":15.0,"key":"SMITH"},{"floor":23.0,"key":"RECALL"},{"floor":25.0,"key":"REST"},{"floor":29.0,"key":"REST"},{"floor":32.0,"key":"REST"},{"data":"Corruption","floor":41.0,"key":"SMITH"},{"data":"Survivor","floor":44.0,"key":"SMITH"},{"data":"Deadly Poison","floor":46.0,"key":"SMITH"},{"floor":49.0,"key":"REST"}],"circlet_count":0,"master_deck":["AscendersBane","Strike_G","Defend_G","Defend_G","Defend_G","Defend_G","Defend_G","Survivor+1","Neutralize+1","Footwork+1","Infinite Blades","A Thousand Cuts+1","Deadly Poison+1","Bouncing Flask+1","Footwork+1","Crippling Poison+1","Tactician+1","Night Terror+1","Ghostly+1","Ghostly+1","Ghostly+1","Acrobatics+1","Acrobatics+1","Concentrate+1","Night Terror+1","Terror+1","Battle Trance+1","Disarm+1","Corruption+1","Offering+1","Cloak And Dagger+1","Barricade","Blade Dance+1"],"relics":["Ring of the Snake","NeowsBlessing","Toxic Egg 2","Mummified Hand","Empty Cage","Happy Flower","Gremlin Horn","aspiration:Stabinomicon","aspiration:IroncladSkillbook","Orrery","TungstenRod","aspiration:Lifesprig","Molten Egg 2","Blue Candle","Nunchaku"],"acts_visited":["Exordium","TheCity","TheBeyond"],"potions_floor_usage":[51],"damage_taken":[{"damage":0.0,"enemies":"Cultist","floor":1.0,"turns":1.0},{"damage":0.0,"enemies":"2 Louse","floor":3.0,"turns":1.0},{"damage":0.0,"enemies":"Jaw Worm","floor":5.0,"turns":1.0},{"damage":11.0,"enemies":"Lagavulin","floor":6.0,"turns":7.0},{"damage":6.0,"enemies":"Large Slime","floor":8.0,"turns":7.0},{"damage":0.0,"enemies":"Lots of Slimes","floor":11.0,"turns":1.0},{"damage":9.0,"enemies":"Gremlin Gang","floor":14.0,"turns":2.0},{"damage":13.0,"enemies":"Slime Boss","floor":16.0,"turns":8.0},{"damage":18.0,"enemies":"3 Byrds","floor":18.0,"turns":5.0},{"damage":0.0,"enemies":"Spheric Guardian","floor":21.0,"turns":3.0},{"damage":14.0,"enemies":"Chosen and Byrds","floor":24.0,"turns":8.0},{"damage":6.0,"enemies":"Shelled Parasite and Fungi","floor":27.0,"turns":8.0},{"damage":12.0,"enemies":"Book of Stabbing","floor":30.0,"turns":7.0},{"damage":4.0,"enemies":"Sentry and Sphere","floor":31.0,"turns":5.0},{"damage":0.0,"enemies":"Automaton","floor":33.0,"turns":12.0},{"damage":1.0,"enemies":"Orb Walker","floor":35.0,"turns":5.0},{"damage":4.0,"enemies":"3 Shapes","floor":37.0,"turns":9.0},{"damage":6.0,"enemies":"2 Orb Walkers","floor":38.0,"turns":3.0},{"damage":0.0,"enemies":"Reptomancer","floor":40.0,"turns":7.0},{"damage":0.0,"enemies":"Nemesis","floor":42.0,"turns":8.0},{"damage":0.0,"enemies":"Reptomancer","floor":45.0,"turns":5.0},{"damage":5.0,"enemies":"Giant Head","floor":47.0,"turns":6.0},{"damage":16.0,"enemies":"Jaw Worm Horde","floor":48.0,"turns":3.0},{"damage":0.0,"enemies":"Awakened One","floor":50.0,"turns":10.0},{"damage":38,"enemies":"Time Eater","floor":51,"turns":7}],"seed_played":"-5439200122606790482","potions_obtained":[{"floor":1.0,"key":"AttackPotion"},{"floor":5.0,"key":"Explosive Potion"},{"floor":6.0,"key":"SkillPotion"},{"floor":14.0,"key":"Dexterity Potion"},{"floor":16.0,"key":"Poison Potion"},{"floor":21.0,"key":"EntropicBrew"},{"floor":30.0,"key":"Explosive Potion"},{"floor":33.0,"key":"Dexterity Potion"},{"floor":35.0,"key":"Energy Potion"},{"floor":48.0,"key":"DistilledChaos"}],"is_trial":false,"path_per_floor":["M","$","M","?","M","E","R","M","T","R","M","R","$","M","R","B",null,"M","?","?","M","?","R","M","R","T","M","$","R","E","M","R","B",null,"M","$","M","?","?","E","R","E","T","R","E","R","E","M","R","B","B"],"character_chosen":"THE_SILENT","items_purchased":["SpeedPotion","Orrery"],"campfire_rested":4,"item_purchase_floors":[28,36],"current_hp_per_floor":[59,59,59,59,59,48,48,42,42,42,42,42,42,33,33,20,55,37,33,33,33,33,33,19,28,28,22,22,31,19,15,24,24,31,33,33,33,31,30,33,33,33,33,33,33,33,32,20,29,33,0,0],"gold":210,"neow_bonus":"THREE_ENEMY_KILL","is_daily":false,"chose_seed":false,"campfire_upgraded":7,"win_rate":0.0,"timestamp":1613281234,"path_taken":["M","$","?","?","M","E","R","M","T","R","?","R","$","M","R","BOSS","M","?","?","M","?","R","M","R","T","?","$","R","E","?","R","BOSS","M","?","M","?","?","E","R","E","T","R","E","R","E","M","R","BOSS","BOSS"],"items_purchased_type":["Potion","Relic"],"build_version":"2020-12-22","purchased_purges":2,"victory":false,"max_hp_per_floor":[66,66,66,66,66,66,66,66,66,66,66,66,66,66,66,66,66,66,33,33,33,33,33,33,33,33,33,33,33,33,33,33,33,33,33,33,33,33,33,33,33,33,33,33,33,33,33,33,33,33,33,33],"card_choices":[{"not_picked":["Poisoned Stab","Quick Slash"],"picked":"Footwork","floor":1.0},{"not_picked":["Sucker Punch","Dodge and Roll","Cloak And Dagger"],"picked":"SKIP","floor":3.0},{"not_picked":["Backstab","Accuracy"],"picked":"Deadly Poison","floor":5.0},{"not_picked":["Noxious Fumes","Setup+1"],"picked":"Bouncing Flask+1","floor":6.0},{"not_picked":["Sucker Punch","Prepared+1"],"picked":"Footwork","floor":8.0},{"not_picked":["Dagger Throw","Slice"],"picked":"Crippling Poison+1","floor":11.0},{"not_picked":["Leg Sweep+1","Malaise+1"],"picked":"Tactician+1","floor":14.0},{"not_picked":["Burst+1","Bullet Time+1"],"picked":"Night Terror+1","floor":16.0},{"not_picked":["Dagger Throw+1","Bane","Masterful Stab"],"picked":"SKIP","floor":18.0},{"not_picked":["Dagger Throw","Deadly Poison+1"],"picked":"Acrobatics+1","floor":21.0},{"not_picked":["Dagger Spray+1","Skewer"],"picked":"Acrobatics+1","floor":24.0},{"not_picked":["Bane","Poisoned Stab+1","Setup+1"],"picked":"SKIP","floor":27.0},{"not_picked":["Distraction+1","Setup+1","Poisoned Stab"],"picked":"SKIP","floor":30.0},{"not_picked":["Infinite Blades","Quick Slash"],"picked":"Concentrate+1","floor":31.0},{"not_picked":["Die Die Die","Bullet Time+1"],"picked":"Night Terror+1","floor":33.0},{"not_picked":["Flying Knee","Seeing Red+1","Sword Boomerang","Clash+1"],"picked":"SKIP","floor":35.0},{"not_picked":["Blade Dance+1","Flying Knee","Armaments+1"],"picked":"Terror+1","floor":36.0},{"not_picked":["Blade Dance+1","Sucker Punch","Intimidate+1"],"picked":"Battle Trance+1","floor":36.0},{"not_picked":["Shrug It Off+1","PiercingWail+1","Crippling Poison+1"],"picked":"Disarm+1","floor":36.0},{"not_picked":["Cleave","Headbutt","Iron Wave+1"],"picked":"Corruption","floor":36.0},{"not_picked":["Noxious Fumes","Blade Dance+1","Flying Knee"],"picked":"Offering+1","floor":37.0},{"not_picked":["Backflip+1","Sword Boomerang","Cleave"],"picked":"Cloak And Dagger+1","floor":40.0},{"not_picked":["Whirlwind+1","Slice+1","Quick Slash+1","Heavy Blade+1"],"picked":"SKIP","floor":42.0},{"not_picked":["Bludgeon+1","Blood for Blood+1","Clash+1","Searing Blow+1"],"picked":"SKIP","floor":45.0},{"not_picked":["Clothesline+1","Perfected Strike+1","Anger+1"],"picked":"Barricade","floor":47.0},{"not_picked":["Ghostly Armor+1","Wild Strike+1","Bane+1"],"picked":"Blade Dance+1","floor":48.0}],"player_experience":1645628,"relics_obtained":[{"floor":6.0,"key":"Toxic Egg 2"},{"floor":9.0,"key":"Mummified Hand"},{"floor":26.0,"key":"Gremlin Horn"},{"floor":30.0,"key":"aspiration:Stabinomicon"},{"floor":38.0,"key":"TungstenRod"},{"floor":40.0,"key":"aspiration:Lifesprig"},{"floor":42.0,"key":"Molten Egg 2"},{"floor":45.0,"key":"Blue Candle"},{"floor":47.0,"key":"Nunchaku"}],"event_choices":[{"damage_healed":0.0,"max_hp_gain":0.0,"max_hp_loss":0.0,"gold_gain":0.0,"event_name":"Match and Keep!","player_choice":"2 cards matched","floor":4.0,"gold_loss":0.0,"damage_taken":0.0,"cards_obtained":["Infinite Blades","A Thousand Cuts"]},{"damage_healed":0.0,"max_hp_gain":0.0,"max_hp_loss":33.0,"gold_gain":0.0,"event_name":"Ghosts","player_choice":"Became a Ghost","floor":19.0,"gold_loss":0.0,"damage_taken":0.0,"cards_obtained":["Ghostly","Ghostly","Ghostly"]},{"damage_healed":0.0,"max_hp_gain":0.0,"max_hp_loss":0.0,"gold_gain":0.0,"event_name":"Addict","player_choice":"Obtained Relic","floor":20.0,"gold_loss":85.0,"damage_taken":0.0,"relics_obtained":["Happy Flower"]},{"damage_healed":0.0,"max_hp_gain":0.0,"max_hp_loss":0.0,"gold_gain":0.0,"event_name":"N\u0027loth","player_choice":"Ignored","floor":22.0,"gold_loss":0.0,"damage_taken":0.0},{"damage_healed":0.0,"max_hp_gain":0.0,"max_hp_loss":0.0,"gold_gain":0.0,"event_name":"Mysterious Sphere","player_choice":"Fight","floor":38.0,"gold_loss":0.0,"damage_taken":0.0},{"damage_healed":0.0,"max_hp_gain":0.0,"max_hp_loss":0.0,"gold_gain":0.0,"event_name":"The Woman in Blue","player_choice":"Bought 0 Potions","floor":39.0,"gold_loss":0.0,"damage_taken":0.0}],"is_beta":false,"boss_relics":[{"not_picked":["SacredBark","Tiny House"],"picked":"Empty Cage"},{"not_picked":["aspiration:FutureDiary","WristBlade"],"picked":"aspiration:IroncladSkillbook"}],"items_purged_floors":[2,13],"is_endless":false,"potions_floor_spawned":[1,5,6,14,16,21,30,33,35,42,48],"killed_by":"Time Eater","ascension_level":20}}