{"host":"z7iqwv4hfwwvhc2n","time":1613284486,"event":{"mods":["2.2 Compatiblity","BaseMod","Better Note","Better Third Choice","BetterRewards","Bossed Relics","Colored Powertips","Minty Spire (QoL Compilation)","Permanent Neow","Relic Filter","Shop Mod","StSLib","The Cursed"],"gold_per_floor":[115,115,115,115,6,35,54,81,127,147,173,173,191,264,264,362,362,378,358,358,358],"floor_reached":20,"language":"JPN","playtime":1919,"items_purged":[],"score":307,"play_id":"739b44c9-f923-45e8-b903-e54f797f6687","local_time":"20210214153446","is_ascension_mode":true,"campfire_choices":[{"floor":12,"key":"REST"},{"floor":15,"key":"REST"}],"circlet_count":0,"master_deck":["Strike_R","Strike_R","Strike_R","Strike_R","Strike_R","Defend_R","Defend_R","Defend_R","Bash","Anger","Flex","Shrug It Off","Clothesline","Regret","Battle Trance","Pummel","Dropkick","Burning Pact","Wild Strike","Spot Weakness","Thunderclap","Inflame","Spot Weakness","Offering","Anger","Thunderclap","Anger","Heavy Blade"],"relics":["Burning Blood","TheAbacus","Charon\u0027s Ashes","Shuriken","Bird Faced Urn","Champion Belt","Ginger","Prayer Wheel","Black Star"],"acts_visited":["Exordium","TheCity"],"potions_floor_usage":[8,16,16,16,20],"damage_taken":[{"damage":0.0,"enemies":"Small Slimes","floor":1.0,"turns":3.0},{"damage":25.0,"enemies":"3 Sentries","floor":6.0,"turns":7.0},{"damage":14,"enemies":"2 Louse","floor":7,"turns":3},{"damage":27,"enemies":"Gremlin Nob","floor":8,"turns":4},{"damage":0,"enemies":"Cultist","floor":10,"turns":2},{"damage":29,"enemies":"Lagavulin","floor":11,"turns":4},{"damage":11,"enemies":"Large Slime","floor":13,"turns":4},{"damage":4,"enemies":"Slime Boss","floor":16,"turns":6},{"damage":37,"enemies":"3 Byrds","floor":18,"turns":5},{"damage":27,"enemies":"2 Thieves","floor":19,"turns":5},{"damage":30,"enemies":"Snake Plant","floor":20,"turns":2}],"seed_played":"2162515050407869992","potions_obtained":[{"floor":1.0,"key":"SneckoOil"},{"floor":6,"key":"ColorlessPotion"},{"floor":7,"key":"BloodPotion"},{"floor":13,"key":"FearPotion"},{"floor":19,"key":"ColorlessPotion"}],"is_trial":false,"path_per_floor":["M","?","?","?","$","E","M","E","T","M","E","R","M","?","R","B",null,"M","M","M"],"character_chosen":"IRONCLAD","items_purchased":["TheAbacus","Anger","Flex","Shrug It Off","Battle Trance","Pummel"],"campfire_rested":2,"item_purchase_floors":[0,0,0,0,5,5],"current_hp_per_floor":[80,80,80,80,80,61,53,48,48,54,31,55,50,50,74,80,80,49,30,0,0],"gold":358,"neow_bonus":"","is_daily":false,"chose_seed":false,"campfire_upgraded":0,"win_rate":0.0,"timestamp":1613284486,"path_taken":["M","?","?","?","$","E","M","E","T","M","E","R","?","?","R","BOSS","M","M","M"],"items_purchased_type":["Relic","Card","Card","Card","Card","Card"],"build_version":"2020-12-22","purchased_purges":0,"victory":false,"max_hp_per_floor":[80,80,80,80,80,80,80,80,80,80,80,80,80,80,80,80,80,80,80,80,80],"card_choices":[{"not_picked":["Wild Strike","Body Slam"],"picked":"Clothesline","floor":1.0},{"not_picked":["Immolate","Dark Embrace"],"picked":"Dropkick","floor":6},{"not_picked":["Thunderclap","Body Slam"],"picked":"Burning Pact","floor":7},{"not_picked":["Whirlwind","Body Slam"],"picked":"Wild Strike","floor":8},{"not_picked":["Intimidate","Sword Boomerang"],"picked":"Spot Weakness","floor":10},{"not_picked":["Warcry","Iron Wave"],"picked":"Thunderclap","floor":11},{"not_picked":["Iron Wave","Cleave"],"picked":"Inflame","floor":13},{"not_picked":["Reckless Charge","Wild Strike"],"picked":"Spot Weakness","floor":13},{"not_picked":["Feed","Brutality"],"picked":"Offering","floor":16},{"not_picked":["Cleave+1","Body Slam"],"picked":"Anger","floor":18},{"not_picked":["Combust","Perfected Strike+1"],"picked":"Thunderclap","floor":18},{"not_picked":["Cleave+1","True Grit"],"picked":"Anger","floor":19},{"not_picked":["Clothesline","Rupture"],"picked":"Heavy Blade","floor":19}],"player_experience":40658,"relics_obtained":[{"floor":6,"key":"Bird Faced Urn"},{"floor":8,"key":"Champion Belt"},{"floor":9,"key":"Ginger"},{"floor":11,"key":"Prayer Wheel"}],"event_choices":[{"damage_healed":0.0,"max_hp_gain":0.0,"max_hp_loss":0.0,"gold_gain":0.0,"event_name":"Big Fish","player_choice":"Box","floor":2.0,"gold_loss":0.0,"damage_taken":0.0,"relics_obtained":["Shuriken"],"cards_obtained":["Regret"]},{"damage_healed":0.0,"max_hp_gain":0.0,"max_hp_loss":0.0,"gold_gain":0.0,"event_name":"betterThird:BetterSerpent","player_choice":"Ignored","floor":3.0,"gold_loss":0.0,"damage_taken":115.0},{"cards_removed":["Defend_R"],"damage_healed":0.0,"max_hp_gain":0.0,"max_hp_loss":0.0,"gold_gain":0.0,"event_name":"Bonfire Elementals","player_choice":"Offered Basic","floor":4.0,"gold_loss":0.0,"damage_taken":0.0},{"damage_healed":0,"gold_gain":73,"player_choice":"Gained Gold","damage_taken":0,"max_hp_gain":0,"max_hp_loss":0,"event_name":"Golden Wing","floor":14,"gold_loss":0}],"is_beta":false,"boss_relics":[{"not_picked":["Circlet","Circlet"],"picked":"Black Star"}],"items_purged_floors":[],"is_endless":false,"potions_floor_spawned":[1,6,7,13,19],"killed_by":"Snake Plant","ascension_level":1}}