{"host":"bebwmhhch11ak7yk","time":1613298248,"event":{"mods":["Act Like it!","Arknights","Aspiration","BaseMod","Better Skull","Better Third Choice","Colored Powertips","Elementarium","Fiend Mod","Hermit","Hunter ??","Kratos Character Expansion","Luminous","Minty Spire (QoL Compilation)","Replay The Spire","SIMod","StSLib","The Animator","The Blackbeard","The Bladedancer","The Bug Knight","The Cursed","The Necromancer","The Servant 0.9.4","The Vixen"],"gold_per_floor":[17,17,33,33,44,44,69,80,104,0,13,13,25,42,42,143,143,163,61,77,77,77,77,93,93,93,93,103,103,103],"floor_reached":29,"language":"ENG","playtime":3256,"items_purged":[],"score":227,"play_id":"6adc8b5f-a9b3-4a58-a76e-954fddee4a28","local_time":"20210214112408","is_ascension_mode":false,"campfire_choices":[{"data":"Eruption","floor":6,"key":"SMITH"},{"floor":12,"key":"REST"},{"floor":15,"key":"REST"},{"data":"DevaForm","floor":23,"key":"SMITH"},{"floor":25,"key":"REST"},{"data":"DevaForm","floor":27,"key":"SMITH"}],"circlet_count":0,"master_deck":["Strike_P","Strike_P","Strike_P","Strike_P","Defend_P","Defend_P","Defend_P","Defend_P","Eruption+1","Vigilance","Indignation","Replay:Hum","FlurryOfBlows+1","Consecrate+1","WheelKick","Nirvana","Halt","FollowUp","BattleHymn","SashWhip","DevaForm+1","JustLucky+1","PathToVictory","DevaForm+1","Replay:LoomingThreat","Protect+1"],"relics":["HolyWater","Darkstone Periapt","Whetstone","Replay:Baseball","Eternal Feather"],"acts_visited":["Exordium","TheCity"],"potions_floor_usage":[5,14,18,29],"damage_taken":[{"damage":0,"enemies":"2 Louse","floor":1,"turns":4},{"damage":0,"enemies":"Cultist","floor":3,"turns":2},{"damage":0,"enemies":"ats:Genji","floor":5,"turns":3},{"damage":64,"enemies":"Gremlin Nob","floor":7,"turns":4},{"damage":0,"enemies":"2 Fungi Beasts","floor":8,"turns":2},{"damage":17,"enemies":"Gremlin Gang","floor":11,"turns":2},{"damage":0,"enemies":"Large Slime","floor":13,"turns":3},{"damage":18,"enemies":"Exordium Thugs","floor":14,"turns":4},{"damage":9,"enemies":"Hexaghost","floor":16,"turns":7},{"damage":5,"enemies":"Chosen","floor":18,"turns":3},{"damage":25,"enemies":"Shell Parasite","floor":20,"turns":5},{"damage":37,"enemies":"Centurion and Healer","floor":24,"turns":6},{"damage":50,"enemies":"Snecko","floor":28,"turns":6},{"damage":19,"enemies":"Slavers","floor":29,"turns":1}],"seed_played":"1694104571346298711","potions_obtained":[{"floor":3,"key":"FearPotion"},{"floor":11,"key":"Energy Potion"},{"floor":16,"key":"Block Potion"},{"floor":28,"key":"Strength Potion"}],"is_trial":false,"path_per_floor":["M","?","M","$","M","R","E","M","T","$","M","R","M","M","R","B",null,"M","?","M","?","$","R","M","R","T","R","M","E"],"character_chosen":"WATCHER","items_purchased":["Nirvana","Halt"],"campfire_rested":3,"item_purchase_floors":[10,10],"current_hp_per_floor":[86,86,86,86,86,86,22,22,22,22,5,30,30,12,37,28,86,81,81,56,56,56,56,19,44,44,59,9,0,0],"gold":103,"neow_bonus":"TWENTY_PERCENT_HP_BONUS","is_daily":false,"chose_seed":false,"campfire_upgraded":3,"win_rate":0.0,"timestamp":1613298248,"path_taken":["M","?","M","?","M","R","E","?","T","$","?","R","M","M","R","BOSS","M","?","?","?","?","R","M","R","T","R","M","E"],"items_purchased_type":["Card","Card"],"build_version":"2020-12-22","purchased_purges":0,"victory":false,"max_hp_per_floor":[86,86,86,86,86,86,86,86,86,86,86,86,86,86,86,86,86,86,86,86,86,86,86,86,86,86,86,86,86,86],"card_choices":[{"not_picked":["ClearTheMind","Halt"],"picked":"Indignation","floor":1},{"not_picked":["FlurryOfBlows","Collect"],"picked":"Replay:Hum","floor":3},{"not_picked":["EmptyBody","Swivel"],"picked":"FlurryOfBlows","floor":5},{"not_picked":["Worship","Replay:Vibes"],"picked":"Consecrate","floor":7},{"not_picked":["Swivel","WaveOfTheHand"],"picked":"WheelKick","floor":8},{"not_picked":["Evaluate","Replay:BluntJabs"],"picked":"FollowUp","floor":11},{"not_picked":["FlurryOfBlows","Meditate"],"picked":"BattleHymn","floor":13},{"not_picked":["Vengeance","Indignation"],"picked":"SashWhip","floor":14},{"not_picked":["Replay:LoomingThreat","DeusExMachina"],"picked":"DevaForm","floor":16},{"not_picked":["Replay:Vibes","Evaluate"],"picked":"JustLucky+1","floor":18},{"not_picked":["Protect","Evaluate"],"picked":"PathToVictory","floor":20},{"not_picked":["EmptyFist","CarveReality"],"picked":"Replay:LoomingThreat","floor":24},{"not_picked":["SashWhip","Consecrate"],"picked":"Protect+1","floor":28}],"player_experience":360241,"relics_obtained":[{"floor":7,"key":"Darkstone Periapt"},{"floor":9,"key":"Whetstone"},{"floor":26,"key":"Eternal Feather"}],"event_choices":[{"damage_healed":0,"gold_gain":0,"player_choice":"Ignored","damage_taken":0,"max_hp_gain":0,"max_hp_loss":0,"event_name":"Purifier","floor":2,"gold_loss":0},{"damage_healed":0,"gold_gain":0,"player_choice":"Paid Gold","damage_taken":0,"relics_obtained":["Replay:Baseball"],"max_hp_gain":0,"max_hp_loss":0,"event_name":"WeMeetAgain","floor":19,"gold_loss":102},{"damage_healed":0,"gold_gain":0,"player_choice":"Copied","damage_taken":0,"max_hp_gain":0,"max_hp_loss":0,"event_name":"Duplicator","floor":21,"gold_loss":0,"cards_obtained":["DevaForm"]}],"is_beta":false,"boss_relics":[{"not_picked":["Replay:Grab Bag","SlaversCollar"],"picked":"HolyWater"}],"items_purged_floors":[],"is_endless":false,"potions_floor_spawned":[3,11,16,28],"killed_by":"Slavers","ascension_level":0}}