{"host":"o9lehcdjc4u6j9un","time":1613301184,"event":{"mods":["Aspiration","BaseMod","Better-Laid Plans","Colored Map","Downfall","Gremlin Mod","Hermit","Marisa£®ÏF”Í°°ƒß¿Ì…≥£©","Minty Spire (QoL Compilation)","Reimu£®≤©¿ˆ¡È√Œ£©","Remilia£®¿Ÿ√◊¿Ú—«£©","StSLib","The Alterego","The Hierophant","The Runesmith","The Senshi","The Servant 0.9.4","Yakumo Yukari mod","Youmu£®ªÍ∆«—˝√Œ£©","≤–¡Ù÷ÆŒÔ"],"gold_per_floor":[110,10,23,41,41,67,86,86,86,111,130,150,182,282,282,387,387,398,409,409,98,108,108,139,139,139],"floor_reached":25,"language":"ZHS","playtime":15770,"items_purged":["Runesmith:Strike_RS","Doubt"],"score":243,"play_id":"9c051028-9756-47a3-ae4e-d0faf0a92ccb","local_time":"20210214191304","is_ascension_mode":false,"campfire_choices":[{"data":"Runesmith:HammerAndChisel","floor":8,"key":"SMITH"},{"floor":15,"key":"REST"},{"floor":23,"key":"REST"}],"circlet_count":0,"master_deck":["Runesmith:Strike_RS","Runesmith:Strike_RS","Runesmith:Defend_RS","Runesmith:Defend_RS","Runesmith:Defend_RS","Runesmith:Defend_RS","Runesmith:CraftFirestone","Runesmith:Fortify","Runesmith:ChiselStab","Runesmith:ChiselStab","Runesmith:DoubleUp","Runesmith:Malloc","Runesmith:HammerAndChisel+1","Runesmith:HeatExchange","Runesmith:Grindstone","Runesmith:HeatExchange","Runesmith:ChiselStab","Injury","Runesmith:CraftPrismatica","Decay","Runesmith:UnlimitedPower","Runesmith:Retool","Runesmith:PoweredAnvil","Runesmith:MakeshiftArmor+1"],"relics":["Runesmith:BrokenRuby","Matryoshka","Potion Belt","Question Card","theSenshi:SailorFukuRelic","Omamori","Du-Vu Doll","Philosopher\u0027s Stone","Vajra","Peace Pipe"],"acts_visited":["Exordium","TheCity"],"potions_floor_usage":[6,16],"damage_taken":[{"damage":0,"enemies":"2 Louse","floor":1,"turns":4},{"damage":0,"enemies":"Cultist","floor":3,"turns":4},{"damage":0,"enemies":"Jaw Worm","floor":4,"turns":3},{"damage":8,"enemies":"3 Sentries","floor":6,"turns":6},{"damage":0,"enemies":"Large Slime","floor":7,"turns":5},{"damage":30,"enemies":"Gremlin Nob","floor":10,"turns":5},{"damage":0,"enemies":"3 Louse","floor":11,"turns":3},{"damage":3,"enemies":"Red Slaver","floor":12,"turns":4},{"damage":16,"enemies":"3 Sentries","floor":13,"turns":4},{"damage":11,"enemies":"Hexaghost","floor":16,"turns":8},{"damage":10,"enemies":"Chosen","floor":18,"turns":5},{"damage":13,"enemies":"Shell Parasite","floor":19,"turns":4},{"damage":29,"enemies":"Cultist and Chosen","floor":22,"turns":5},{"damage":24,"enemies":"Book of Stabbing","floor":24,"turns":4},{"damage":34,"enemies":"Snake Plant","floor":25,"turns":2}],"seed_played":"-7379996171430927271","potions_obtained":[{"floor":1,"key":"AttackPotion"},{"floor":11,"key":"Energy Potion"},{"floor":13,"key":"Block Potion"},{"floor":16,"key":"Energy Potion"},{"floor":19,"key":"FairyPotion"}],"is_trial":false,"path_per_floor":["M","$","M","M","?","E","M","R","T","E","M","M","E","?","R","B",null,"M","M","?","$","M","R","E","M"],"character_chosen":"RUNESMITH_CLASS","items_purchased":["Runesmith:ChiselStab","Runesmith:PoweredAnvil","Vajra"],"campfire_rested":2,"item_purchase_floors":[2,21,21],"current_hp_per_floor":[70,70,70,70,70,62,62,62,62,32,32,29,13,18,40,29,75,65,52,38,38,9,33,9,0,0],"gold":139,"neow_bonus":"REMOVE_CARD","is_daily":false,"chose_seed":false,"campfire_upgraded":1,"win_rate":0.0,"timestamp":1613301184,"path_taken":["M","$","M","M","?","E","M","R","T","E","?","M","E","?","R","BOSS","M","M","?","$","M","R","E","M"],"items_purchased_type":["Card","Card","Relic"],"build_version":"2020-12-22","purchased_purges":2,"victory":false,"max_hp_per_floor":[70,70,70,70,70,70,70,70,70,70,70,70,70,75,75,75,75,75,75,80,80,80,80,80,80,80],"card_choices":[{"not_picked":["Runesmith:OneForEveryone","Runesmith:EarthShield"],"picked":"Runesmith:ChiselStab","floor":1},{"not_picked":["Runesmith:Overpower","Runesmith:HeatedChisel"],"picked":"Runesmith:DoubleUp","floor":3},{"not_picked":["Runesmith:UnstableHammer","Runesmith:ChiselStab"],"picked":"Runesmith:Malloc","floor":4},{"not_picked":["Runesmith:HeatedChisel","Runesmith:CreatorForm"],"picked":"Runesmith:HammerAndChisel","floor":6},{"not_picked":["Runesmith:BackupBattery","Runesmith:Overpower","Runesmith:UnstableHammer"],"picked":"SKIP","floor":7},{"not_picked":["Runesmith:HammerAndChisel","Runesmith:Grindstone","Runesmith:CraftIncendium"],"picked":"Runesmith:HeatExchange","floor":10},{"not_picked":["Runesmith:Augment","Runesmith:RuneHurl","Runesmith:HeatExchange"],"picked":"Runesmith:Grindstone","floor":11},{"not_picked":["Runesmith:MakeshiftArmor","Runesmith:Empowerment","Runesmith:WhiteBalance"],"picked":"Runesmith:HeatExchange","floor":12},{"not_picked":["Runesmith:ArcReactor","Runesmith:HeatedChisel","Runesmith:RuneHurl"],"picked":"Runesmith:ChiselStab","floor":13},{"not_picked":["Runesmith:ReplicatingBarrier","Runesmith:DuctTape","Runesmith:CreatorForm"],"picked":"Runesmith:UnlimitedPower","floor":16},{"not_picked":["Runesmith:HeatedChisel","Runesmith:Permafrost","Runesmith:Repurpose"],"picked":"Runesmith:Retool","floor":18},{"not_picked":["Runesmith:StaticCage","Runesmith:HammerThrow","Runesmith:HammerTime+1","Runesmith:ShiftingStrike+1"],"picked":"SKIP","floor":19},{"not_picked":["Runesmith:Empowerment+1","Runesmith:NegativeSpace","Runesmith:RuneHurl","Runesmith:Discharge"],"picked":"SKIP","floor":22},{"not_picked":["Runesmith:ChaoticBlast","Runesmith:BackupBattery","Runesmith:Repurpose"],"picked":"Runesmith:MakeshiftArmor+1","floor":24}],"player_experience":283816,"relics_obtained":[{"floor":6,"key":"Matryoshka"},{"floor":9,"key":"Potion Belt"},{"floor":9,"key":"Question Card"},{"floor":10,"key":"theSenshi:SailorFukuRelic"},{"floor":13,"key":"Omamori"},{"floor":24,"key":"Peace Pipe"}],"event_choices":[{"damage_healed":0,"gold_gain":0,"player_choice":"Ignored","damage_taken":0,"max_hp_gain":0,"max_hp_loss":0,"event_name":"NoteForYourself","floor":5,"gold_loss":0},{"damage_healed":0,"gold_gain":0,"player_choice":"Shed Blood","damage_taken":19,"max_hp_gain":5,"max_hp_loss":0,"event_name":"Forgotten Altar","floor":20,"gold_loss":0}],"is_beta":false,"boss_relics":[{"not_picked":["Black Star","Runic Pyramid"],"picked":"Philosopher\u0027s Stone"}],"items_purged_floors":[2,21],"is_endless":false,"potions_floor_spawned":[1,11,13,16,19],"killed_by":"Snake Plant","ascension_level":0}}