{"host":"6he3f0ic6yesrium","time":1613343417,"event":{"mods":["BaseMod","Better Altar","Better Match","Better Note","Better Sensory Stone","Better Skull","Better Third Choice","Colored Map","Conspire","Duelist Mod","Hermit","Hubris","Marisa????????","Mimic Mod","Minty Spire (QoL Compilation)","Replay The Spire","Shade Mod","Somnambulant","Spire Arcade","Spire Birthday Party","StSLib","The Alterego","The Disciple","The Forsaken","The Hierophant","The Mystic","The Necromancer","The Runesmith","The Servant 0.9.4","The Valiant","TheVacant"],"gold_per_floor":[136,136,150,150,163,193,193,205,231,231,262,301,301,316,316,316,316],"floor_reached":16,"language":"ENG","playtime":1345,"items_purged":[],"score":158,"play_id":"ba5ad1ba-3118-4733-b601-95ff2f6b83a4","local_time":"20210214175657","is_ascension_mode":true,"campfire_choices":[{"data":"theDuelist:ShallowGrave","floor":7,"key":"SMITH"},{"floor":15,"key":"REST"}],"circlet_count":0,"master_deck":["theDuelist:Tsukahagi","theDuelist:ArchfiendZombieSkull","theDuelist:ArmoredZombie","theDuelist:ArmoredZombie","theDuelist:ArmoredZombie","theDuelist:ClownZombie","theDuelist:ClownZombie","theDuelist:PatricianDarkness","theDuelist:ShallowGrave+1","theDuelist:SkullConductor","theDuelist:SkullFlame","theDuelist:GhostrickGhoul","theDuelist:AshBlossom","theDuelist:SouleatingOviraptor","theDuelist:FuryFire","theDuelist:ShiranuiSpectralsword","theDuelist:GhostReaper","theDuelist:BookMoon"],"relics":["theDuelist:MillenniumPuzzle","theDuelist:CardPoolRelic","theDuelist:CardPoolBasicRelic","theDuelist:BoosterPackPoolRelic","theDuelist:CardPoolAddRelic","theDuelist:CardPoolMinusRelic","theDuelist:CardPoolSaveRelic","theDuelist:CardPoolOptionsRelic","NeowsBlessing","hubris:Towel","Juzu Bracelet","theDuelist:ResummonerFury","theDuelist:KaibaToken","King of Hearts"],"acts_visited":["Exordium"],"potions_floor_usage":[5,12,16],"damage_taken":[{"damage":0,"enemies":"Cultist","floor":1,"turns":1},{"damage":0,"enemies":"2 Louse","floor":3,"turns":1},{"damage":0,"enemies":"Small Slimes","floor":5,"turns":1},{"damage":42,"enemies":"Gremlin Nob","floor":6,"turns":5},{"damage":3,"enemies":"2 Fungi Beasts","floor":8,"turns":4},{"damage":0,"enemies":"Large Slime","floor":11,"turns":3},{"damage":0,"enemies":"Lagavulin","floor":12,"turns":6},{"damage":12,"enemies":"Exordium Wildlife","floor":14,"turns":3},{"damage":44,"enemies":"Hexaghost","floor":16,"turns":9}],"seed_played":"4728971466743691344","potions_obtained":[{"floor":1,"key":"Explosive Potion"},{"floor":6,"key":"theDuelist:BurningPotion"},{"floor":12,"key":"theDuelist:ElectricPotion"}],"is_trial":false,"path_per_floor":["M","?","M","?","M","E","R","M","T","?","M","E","?","M","R","B"],"character_chosen":"THE_DUELIST","items_purchased":[],"campfire_rested":1,"item_purchase_floors":[],"current_hp_per_floor":[80,80,80,80,80,38,38,35,35,29,29,29,29,17,41,0,0],"gold":316,"neow_bonus":"THREE_ENEMY_KILL","is_daily":false,"chose_seed":false,"campfire_upgraded":1,"win_rate":0.0,"timestamp":1613343417,"path_taken":["M","?","?","?","M","E","R","M","T","?","M","E","?","M","R","BOSS"],"items_purchased_type":[],"build_version":"2020-12-22","purchased_purges":0,"victory":false,"max_hp_per_floor":[80,80,80,80,80,80,80,80,80,80,80,80,80,80,80,80,80],"card_choices":[{"not_picked":["theDuelist:PMCaptor","theDuelist:GhostrickLantern","theDuelist:ShiranuiSmith","theDuelist:CalledByGrave"],"picked":"theDuelist:SkullFlame","floor":1},{"not_picked":["theDuelist:GhostrickYeti","theDuelist:GhostrickSpecter","theDuelist:GhostrickSkeleton","theDuelist:GhostrickAlucard"],"picked":"theDuelist:GhostrickGhoul","floor":3},{"not_picked":["theDuelist:VampireLady","theDuelist:GhostBelle","theDuelist:GhostrickAlucard","theDuelist:SoulAbsorbingBone"],"picked":"theDuelist:AshBlossom","floor":5},{"not_picked":["theDuelist:VampireGrimson","theDuelist:VampireFamiliar","theDuelist:SkullConductor","theDuelist:FossilSkullknight"],"picked":"theDuelist:SouleatingOviraptor","floor":6},{"not_picked":["theDuelist:Relinkuriboh","theDuelist:ShiranuiSwordmaster","theDuelist:SkullFlame","theDuelist:FlameGhost"],"picked":"theDuelist:FuryFire","floor":8},{"not_picked":["theDuelist:GhostrickDoll","theDuelist:FusionDevourer","theDuelist:CalledByGrave","theDuelist:DarkMirrorForce"],"picked":"theDuelist:ShiranuiSpectralsword","floor":11},{"not_picked":["theDuelist:GhostrickYeti","theDuelist:GhostBelle","theDuelist:Chewbone","theDuelist:VampireDesire"],"picked":"theDuelist:GhostReaper","floor":12},{"not_picked":["theDuelist:OniGamiCombo","theDuelist:GhostrickMansion","theDuelist:AntiFusionDevice"],"picked":"theDuelist:BookMoon","floor":14}],"player_experience":382793,"relics_obtained":[{"floor":6,"key":"Juzu Bracelet"},{"floor":9,"key":"theDuelist:ResummonerFury"},{"floor":12,"key":"King of Hearts"}],"event_choices":[{"damage_healed":0,"gold_gain":0,"player_choice":"Traded Tutan Mask for Tsukahagi","duelist":true,"damage_taken":0,"max_hp_gain":0,"max_hp_loss":0,"event_name":"Card Trader","floor":2,"gold_loss":0},{"damage_healed":0,"gold_gain":0,"player_choice":"Dig - random Duelist relic","duelist":true,"damage_taken":0,"max_hp_gain":0,"max_hp_loss":0,"event_name":"Aknamkanon\u0027s Tomb","floor":10,"gold_loss":0}],"is_beta":false,"boss_relics":[],"items_purged_floors":[],"is_endless":false,"potions_floor_spawned":[1,6,12],"killed_by":"Hexaghost","ascension_level":3}}