{"host":"37uvkxgs6qebn1sk","time":1613281945,"event":{"mods":["BaseMod","Better Third Choice","Minty Spire (QoL Compilation)","Replay The Spire","StSLib"],"gold_per_floor":[12,12,12,32,49,84,84,101,101,101,121,156,81,81,81,81,81],"floor_reached":16,"language":"ZHS","playtime":556,"items_purged":["Strike_P"],"score":215,"play_id":"f511d0ec-6ed8-4363-826e-b09431ee07f0","local_time":"20210214135225","is_ascension_mode":true,"campfire_choices":[{"data":"Vault","floor":7.0,"key":"SMITH"},{"data":"Vigilance","floor":10.0,"key":"SMITH"},{"floor":15,"key":"REST"}],"circlet_count":0,"master_deck":["AscendersBane","Strike_P","Strike_P","Defend_P","Defend_P","Defend_P","Eruption+1","Vigilance+1","Conclude","Vault+1","Replay:Cycle","Consecrate","FollowUp","Collect"],"relics":["PureWater","Letter Opener","Pondfish Scales","StoneCalendar"],"acts_visited":["Exordium"],"potions_floor_usage":[],"damage_taken":[{"damage":1.0,"enemies":"Small Slimes","floor":1.0,"turns":3.0},{"damage":1.0,"enemies":"2 Louse","floor":4.0,"turns":4.0},{"damage":0.0,"enemies":"Cultist","floor":5.0,"turns":2.0},{"damage":15.0,"enemies":"Replay:BlueRogue","floor":6.0,"turns":5.0},{"damage":6.0,"enemies":"Blue Slaver","floor":8.0,"turns":4.0},{"damage":6.0,"enemies":"Looter","floor":11.0,"turns":3.0},{"damage":28.0,"enemies":"Lagavulin","floor":12.0,"turns":4.0},{"damage":34,"enemies":"Fading Forest","floor":16,"turns":12}],"seed_played":"-1627194402532803658","potions_obtained":[{"floor":5.0,"key":"FearPotion"},{"floor":6.0,"key":"BlessingOfTheForge"}],"is_trial":false,"path_per_floor":["M","?","?","M","M","E","R","M","T","R","M","E","$","?","R","B"],"character_chosen":"WATCHER","items_purchased":[],"campfire_rested":1,"item_purchase_floors":[],"current_hp_per_floor":[60,60,60,59,59,44,44,38,38,38,32,4,4,4,24,0,0],"gold":81,"neow_bonus":"REMOVE_TWO","is_daily":false,"chose_seed":false,"campfire_upgraded":2,"win_rate":0.0,"timestamp":1613281945,"path_taken":["M","?","?","M","M","E","R","M","T","R","?","E","$","?","R","BOSS"],"items_purchased_type":[],"build_version":"2020-12-22","purchased_purges":1,"victory":false,"max_hp_per_floor":[68,68,68,68,68,68,68,68,68,68,68,68,68,68,68,68,68],"card_choices":[{"not_picked":["EmptyFist","Replay:Vibes","Protect"],"picked":"SKIP","floor":1.0},{"not_picked":["Protect","Replay:ManipulateFuture"],"picked":"Conclude","floor":4.0},{"not_picked":["Wallop","ClearTheMind"],"picked":"Vault","floor":5.0},{"not_picked":["Indignation","JustLucky"],"picked":"Replay:Cycle","floor":6.0},{"not_picked":["JustLucky","Replay:AtTheReady"],"picked":"Consecrate","floor":8.0},{"not_picked":["Swivel","Evaluate"],"picked":"FollowUp","floor":11.0},{"not_picked":["Meditate","Halt"],"picked":"Collect","floor":12.0}],"player_experience":978014,"relics_obtained":[{"floor":6.0,"key":"Letter Opener"},{"floor":9.0,"key":"Pondfish Scales"},{"floor":12.0,"key":"StoneCalendar"}],"event_choices":[{"damage_healed":0.0,"max_hp_gain":0.0,"max_hp_loss":0.0,"gold_gain":0.0,"event_name":"WeMeetAgain","player_choice":"Ignored","floor":3.0,"gold_loss":0.0,"damage_taken":0.0},{"damage_healed":0,"gold_gain":0,"player_choice":"Searched \u00270\u0027 times","damage_taken":0,"max_hp_gain":0,"max_hp_loss":0,"event_name":"Dead Adventurer","floor":14,"gold_loss":0}],"is_beta":false,"boss_relics":[],"items_purged_floors":[13],"is_endless":false,"potions_floor_spawned":[5,6],"killed_by":"Fading Forest","ascension_level":19}}