{"host":"vhikgave70uorr7d","time":1613281042,"event":{"mods":["100% Spire Juice","AchievementEnabler","Act Like it!","Ascension Reborn","Ascension Unlocker","BaseMod","Beaked The Cultist","Bestiary","Better Altar","Better Match","Better Note","Better Sensory Stone","Better Skull","Better Third Choice","BetterRewards","ChefMod","Colored Powertips","Custom Start","Dark Map","Defuse TimeMaze Blight","Downfall","Energized Spire","Evolution","GifTheSpireLib","Hallownest","Hermit","Hero for Fun","Highlight Path","Hubris","Infinite Spire","Luminous","Marisa????????","Minty Spire (QoL Compilation)","MostiFishMod","Permanent Neow","Poor People Problems","Quick Restart","Rare Cards Sparkle","Relic Filter","Remove Card Discount Mod","Replay The Spire","Shade Mod","Small Relic Pack","Spicy Shops","StSLib","Swap Starting Deck Mod","The Alterego","The Bladedancer","The Blue Laboratory","The Bug Knight","The Construct","The Cursed","The Hayseed","The Hierophant","The Mystic","The Necromancer","The Runesmith","The Servant 0.9.4","The Vixen","The Wild Card","TheSwordswoman","TheVacant","Transform Curses"],"gold_per_floor":[99,114,114,136,159,159,241,41,32,59,60,93,103,211,223,320,320,320,336,363,363,471,315,340,370,380,452,467,502,502,513,530,632,632,532,556,556,556,556,584,584,611,621,621,646,757,773,843,855,855],"floor_reached":51,"language":"ENG","playtime":4884,"items_purged":["hexamod:Defend","hexamod:Defend+1","hexamod:HeatMetal+1","hexamod:HeatMetal+1","hexamod:Defend+1","hexamod:Defend+1","hexamod:FastForward+1","hexamod:SecondSeal","hexamod:ThermalTransfer+1","hexamod:FirstSeal","hexamod:SoulSteal+1","hexamod:ThermalTransfer+1","hexamod:Firestarter+1","Shade:Excise+1","hexamod:GhostOfSpirePast+1","hexamod:EmpoweredFlame+1","hexamod:ExtraCrispy+1","hexamod:FirstSeal"],"score":835,"play_id":"36d54ac6-6d17-4c5d-8cc9-38c73f5dac23","local_time":"20210214003722","is_ascension_mode":true,"campfire_choices":[{"data":"hexamod:Sear","floor":1,"key":"SMITH"},{"floor":6,"key":"RECALL"},{"data":"hexamod:Float","floor":8,"key":"SMITH"},{"data":"hexamod:VolcanoVisage","floor":18,"key":"SMITH"},{"data":"hexamod:EtherealExpedition","floor":35,"key":"SMITH"},{"floor":44,"key":"REST"}],"circlet_count":1,"master_deck":["hexamod:SpectersWail+1","hexamod:SpectersWail+1","hexamod:Sear+1","hexamod:Float+1","hexamod:SpectralSpark+1","hexamod:BurningTouch+1","hexamod:Hexaguard+1","hexamod:FlamesFromBeyond+1","hexamod:VolcanoVisage+1","hexamod:BurningTouch+1","hexamod:NightmareStrike+1","hexamod:RecurringNightmare+1","hexamod:HeatCrush+1","hexamod:NightmareStrike+1","hexamod:NightmareStrike+1","hexamod:SpectersWail+1","hexamod:EtherealExpedition+1","hexamod:Hexaguard+1","hexamod:SpectersWail+1","hexamod:GiftsFromTheDead+1","hexamod:NightmareGuise+1","hexamod:GhostLash+1","hexamod:NightmareStrike+1","hexamod:SpectersWail+1","hexamod:NightmareStrike+1","hexamod:Hexaguard+1","hexamod:SpectersWail+1"],"relics":["hexamod:UnbrokenSoul","EVO:Axolotl","DaveBox","MostiFishMod:Haymaker","DSteel32","hubris:Towel","Tiny Chest","downfall:HeartBlessingBlue","downfall:HeartBlessingRed","hexamod:TheBrokenSeal","downfall:GremlinWheel","PatriotShield","hubris:Zylophone","White Beast Statue","Blood Vial","infinitespire:Satchel","Mirror","Calipers","downfall:HeartBlessingGreen","Whetstone","Circlet","Blue Doll","Chemical X","hubris:TenFootPole"],"acts_visited":["Exordium","TheCity","TheBeyond"],"potions_floor_usage":[9,50,50],"damage_taken":[{"damage":12,"enemies":"Small Slimes","floor":2,"turns":4},{"damage":6,"enemies":"Jaw Worm","floor":4,"turns":3},{"damage":10,"enemies":"Cultist","floor":5,"turns":4},{"damage":10,"enemies":"downfall:FleeingMerchant","floor":9,"turns":4},{"damage":10,"enemies":"Large Slime","floor":10,"turns":4},{"damage":0,"enemies":"downfall:FleeingMerchant","floor":11,"turns":4},{"damage":34,"enemies":"Lots of Slimes","floor":12,"turns":4},{"damage":0,"enemies":"2 Fungi Beasts","floor":13,"turns":1},{"damage":0,"enemies":"2 Fungi Beasts","floor":14,"turns":3},{"damage":0,"enemies":"3 Louse","floor":15,"turns":2},{"damage":0,"enemies":"WA_ARCHETYPE_RETAIN","floor":16,"turns":4},{"damage":0,"enemies":"Spheric Guardian","floor":19,"turns":3},{"damage":10,"enemies":"Centurion and Healer","floor":20,"turns":3},{"damage":11,"enemies":"downfall:LadyInBlue","floor":22,"turns":6},{"damage":0,"enemies":"downfall:FleeingMerchant","floor":23,"turns":4},{"damage":17,"enemies":"Gremlin Leader","floor":25,"turns":4},{"damage":0,"enemies":"Snake Plant","floor":26,"turns":1},{"damage":0,"enemies":"Sentry and Sphere","floor":28,"turns":2},{"damage":0,"enemies":"Book of Stabbing","floor":29,"turns":3},{"damage":0,"enemies":"Snecko","floor":31,"turns":4},{"damage":0,"enemies":"Snake Plant","floor":32,"turns":3},{"damage":4,"enemies":"DF_ARCHETYPE_CLAW","floor":33,"turns":4},{"damage":0,"enemies":"Orb Walker","floor":36,"turns":2},{"damage":3,"enemies":"infinitespire:Three Voidlings","floor":37,"turns":2},{"damage":2,"enemies":"3 Shapes","floor":40,"turns":2},{"damage":0,"enemies":"Maw","floor":42,"turns":5},{"damage":13,"enemies":"3 Darklings","floor":43,"turns":3},{"damage":1,"enemies":"Writhing Mass","floor":45,"turns":4},{"damage":0,"enemies":"downfall:FleeingMerchant","floor":46,"turns":1},{"damage":5,"enemies":"Jaw Worm Horde","floor":47,"turns":3},{"damage":0,"enemies":"Maw","floor":49,"turns":5},{"damage":45,"enemies":"IC_BLOCK_ARCHETYPE","floor":50,"turns":4}],"seed_played":"8742900496652146719","potions_obtained":[{"floor":4,"key":"blueLaboratory:StoneskinPotion"},{"floor":5,"key":"blueLaboratory:EmptyBottle"},{"floor":10,"key":"blueLaboratory:RecallPotion"},{"floor":11,"key":"SteroidPotion"},{"floor":12,"key":"PowerPotion"},{"floor":22,"key":"Swift Potion"},{"floor":29,"key":"LifebloodPotion"},{"floor":47,"key":"Adrenaline Potion"}],"is_trial":false,"path_per_floor":["R","M","?","M","M","R","T","R","$","M","$","M","M","?","M","B",null,"R","M","M","?","?","$","T","E","M","T","M","E","?","M","M","B",null,"R","M","?","T","?","M","T","M","M","R","M","$","M","?","M","B",null],"character_chosen":"THE_SPIRIT","items_purchased":["hexamod:HeatCrush","hexamod:NightmareStrike","hexamod:SpectersWail","Chemical X"],"campfire_rested":1,"item_purchase_floors":[23,23,46,46],"current_hp_per_floor":[70,58,58,52,49,49,49,59,56,53,60,90,90,90,90,90,90,90,90,87,90,86,86,86,71,73,73,75,77,77,79,88,86,90,90,90,87,87,87,87,87,90,77,90,90,90,85,49,51,8],"gold":855,"neow_bonus":"ONE_RANDOM_RARE_CARD","is_daily":false,"chose_seed":false,"campfire_upgraded":4,"win_rate":0.0,"timestamp":1613281042,"path_taken":["R","M","?","M","?","R","T","R","$","M","$","M","M","?","M","BOSS","R","M","M","?","?","$","T","E","M","?","?","E","?","M","M","BOSS","R","M","?","?","?","M","T","M","M","R","M","$","M","?","M","BOSS"],"items_purchased_type":["Card","Card","Card","Relic"],"build_version":"2020-12-22","purchased_purges":18,"victory":true,"max_hp_per_floor":[70,70,70,70,70,70,70,80,80,80,80,90,90,90,90,90,90,90,90,90,90,90,90,90,90,90,90,90,90,90,90,90,90,90,90,90,90,90,90,90,90,90,90,90,90,90,90,90,90,90],"card_choices":[{"not_picked":["hexamod:SixthSeal","hexamod:ThirdSeal"],"picked":"hexamod:SecondSeal","floor":2},{"not_picked":["hexamod:GhostLash","hexamod:Firestarter"],"picked":"hexamod:SpectralSpark","floor":2},{"not_picked":["hexamod:SixthSeal","hexamod:ThirdSeal"],"picked":"hexamod:FirstSeal","floor":4},{"not_picked":["hexamod:Firestarter","hexamod:HeatShield"],"picked":"hexamod:BurningTouch","floor":4},{"not_picked":["hexamod:SecondSeal","hexamod:ThirdSeal"],"picked":"hexamod:SixthSeal","floor":5},{"not_picked":["hexamod:SixthSeal","hexamod:HeatShield"],"picked":"hexamod:Hexaguard","floor":5},{"not_picked":["hexamod:FirstSeal","hexamod:SixthSeal"],"picked":"hexamod:FourthSeal","floor":9},{"not_picked":["hexamod:NecessarySacrifice","hexamod:GhostLash"],"picked":"hexamod:FastForward","floor":9},{"not_picked":["hexamod:FirstSeal","hexamod:FourthSeal"],"picked":"hexamod:SecondSeal","floor":10},{"not_picked":["hexamod:FirstSeal","hexamod:GhostLash"],"picked":"hexamod:DynamicBlow","floor":10},{"not_picked":["hexamod:SixthSeal","hexamod:FourthSeal"],"picked":"hexamod:ThirdSeal","floor":11},{"not_picked":["hexamod:ShieldOfDarkness","hexamod:HeatMetal"],"picked":"hexamod:FlamesFromBeyond","floor":11},{"not_picked":["hexamod:HeatMetal","hexamod:FourthSeal"],"picked":"hexamod:ThermalTransfer","floor":12},{"not_picked":["hexamod:Incineration","hexamod:SuperheatedStrike"],"picked":"hexamod:FirstSeal","floor":13},{"not_picked":["hexamod:Firestarter","hexamod:GhostflameInferno"],"picked":"hexamod:SoulSteal","floor":15},{"not_picked":["hexamod:UnlimitedPower","hexamod:TimeOfNeed"],"picked":"hexamod:VolcanoVisage","floor":16},{"not_picked":["hexamod:HeatShield+1","hexamod:BacktrackSmack"],"picked":"hexamod:BurningTouch","floor":19},{"not_picked":["hexamod:GhostflameBarrier+1","hexamod:InspiringFlames"],"picked":"hexamod:ThermalTransfer","floor":20},{"not_picked":["hexamod:Again","hexamod:AdvancingGuard+1"],"picked":"hexamod:NightmareStrike+1","floor":22},{"not_picked":["hexamod:Again+1","hexamod:HauntingEcho"],"picked":"hexamod:RecurringNightmare+1","floor":23},{"not_picked":["hexamod:ThermalTransfer","hexamod:HeatCrush"],"picked":"hexamod:SpectersWail+1","floor":25},{"not_picked":["hexamod:SpectralSpark","hexamod:DynamicBlow"],"picked":"hexamod:Firestarter","floor":26},{"not_picked":["hexamod:TimeOfNeed","hexamod:ChargedBarrage"],"picked":"hexamod:EtherealExpedition","floor":28},{"not_picked":["hexamod:Toasty","hexamod:RainOfEmbers"],"picked":"hexamod:Hexaguard","floor":29},{"not_picked":["hexamod:RadiantFlame+1","hexamod:FlamesFromBeyond"],"picked":"hexamod:SpectersWail","floor":31},{"not_picked":["hexamod:HeatMetal","hexamod:ExtraCrispy"],"picked":"hexamod:GhostOfSpirePast","floor":32},{"not_picked":["hexamod:Toasty","hexamod:FifthSeal"],"picked":"hexamod:GiftsFromTheDead","floor":33},{"not_picked":["hexamod:FirstSeal","hexamod:GhostShield+1"],"picked":"hexamod:EmpoweredFlame","floor":36},{"not_picked":["hexamod:GhostLash+1","hexamod:TimeWarp"],"picked":"hexamod:ExtraCrispy+1","floor":40},{"not_picked":["hexamod:NightmareGuise","hexamod:RainOfEmbers"],"picked":"hexamod:FirstSeal","floor":42},{"not_picked":["hexamod:HeatMetal+1","hexamod:SpectralAdrenaline+1"],"picked":"hexamod:NightmareGuise","floor":43},{"not_picked":["hexamod:GhostShield","hexamod:FastForward"],"picked":"hexamod:GhostLash+1","floor":45},{"not_picked":["hexamod:UnleashSpirits","hexamod:HeatMetal"],"picked":"hexamod:NightmareStrike+1","floor":46},{"not_picked":["hexamod:GhostLash+1","hexamod:ThermalTransfer+1"],"picked":"hexamod:NightmareStrike+1","floor":47},{"not_picked":["hexamod:InspiringFlames","hexamod:BurningTouch"],"picked":"hexamod:Hexaguard","floor":48},{"not_picked":["hexamod:NightmareStrike","hexamod:AdvancingGuard"],"picked":"hexamod:SpectersWail","floor":49}],"player_experience":362919,"relics_obtained":[{"floor":14,"key":"downfall:GremlinWheel"},{"floor":18,"key":"hubris:Zylophone"},{"floor":22,"key":"White Beast Statue"},{"floor":24,"key":"Blood Vial"},{"floor":25,"key":"infinitespire:Satchel"},{"floor":27,"key":"Mirror"},{"floor":29,"key":"Calipers"},{"floor":38,"key":"Whetstone"},{"floor":41,"key":"Blue Doll"},{"floor":48,"key":"hubris:TenFootPole"}],"event_choices":[{"damage_healed":0,"gold_gain":0,"player_choice":"Relic","damage_taken":0,"max_hp_gain":0,"max_hp_loss":0,"event_name":"Wheel of Change","floor":18,"gold_loss":0},{"cards_removed":["hexamod:DynamicBlow"],"damage_healed":3,"gold_gain":0,"player_choice":"Offered Uncommon","damage_taken":0,"max_hp_gain":0,"max_hp_loss":0,"event_name":"Bonfire Elementals","floor":21,"gold_loss":0},{"cards_removed":["hexamod:EtherealExpedition"],"damage_healed":0,"gold_gain":0,"player_choice":"Take \u0026 Give","damage_taken":0,"max_hp_gain":0,"max_hp_loss":0,"event_name":"betterNote:BetterNote","floor":30,"gold_loss":0,"cards_obtained":["Shade:Excise"]}],"is_beta":false,"boss_relics":[{"not_picked":["Painkiller Herb","ChewingGum"],"picked":"PatriotShield"},{"not_picked":["ReplayTheSpireMod:SealedPack","NightmareShop"],"picked":"hexamod:UnbrokenSoul"}],"items_purged_floors":[9,46,46,46,46,46,46,46,46,46,46,46,46,46,46,46,46,46],"is_endless":false,"potions_floor_spawned":[4,5,12,16,22,23,25,26,28,29,31,32,33,36,37,40,42,43,45,46,47,49],"ascension_level":0}}