{"host":"bebwmhhch11ak7yk","time":1613294948,"event":{"mods":["Act Like it!","Arknights","Aspiration","BaseMod","Better Skull","Better Third Choice","Colored Powertips","Elementarium","Fiend Mod","Hermit","Hunter ??","Kratos Character Expansion","Luminous","Minty Spire (QoL Compilation)","Replay The Spire","SIMod","StSLib","The Animator","The Blackbeard","The Bladedancer","The Bug Knight","The Cursed","The Necromancer","The Servant 0.9.4","The Vixen"],"gold_per_floor":[112,129,12,24,24,24,49,49,49,49,61,72,72,88,88,193,193,213,224,244,255,255,255,283,283,310,310,260,271,297,312,312,312,312],"floor_reached":33,"language":"ENG","playtime":2700,"items_purged":[],"score":314,"play_id":"69ea0c31-f54d-49d9-ad80-364bc108b8c1","local_time":"20210214102908","is_ascension_mode":false,"campfire_choices":[{"data":"MoonPhase","floor":6,"key":"SMITH"},{"data":"Spin","floor":8,"key":"SMITH"},{"floor":10,"key":"REST"},{"data":"FanOfKnives","floor":15,"key":"SMITH"},{"floor":23,"key":"REST"},{"floor":25,"key":"REST"},{"floor":32,"key":"REST"}],"circlet_count":0,"master_deck":["Strike_S","Strike_S","Strike_S","Strike_S","Defend_S","Defend_S","Defend_S","Defend_S","KidneyShot+1","Exchange","Spin+1","Rearm","MoonPhase+1","Rearm","Potential","Ricochet","FanOfKnives+1","DoubleEdge","MoonPhase+1","FloweringNight+1","Luminosity+1","Foresight+1","InstantArmor","Hightail","Read","Hallucinations","Starlight+1"],"relics":["Uniform","Singing Bowl","Mango","Frozen Egg 2","SacredBark","aspiration:RitualStick","Pet Ghost","aspiration:Lifesprig","ReplayTheSpireMod:Ring of Exchange","Ring of Fury","Mummified Hand"],"acts_visited":["Exordium","TheCity"],"potions_floor_usage":[11,16,16,16,16,16,18,19,29,30,31],"damage_taken":[{"damage":1,"enemies":"Cultist","floor":1,"turns":4},{"damage":3,"enemies":"Jaw Worm","floor":2,"turns":3},{"damage":0,"enemies":"ats:Genji","floor":4,"turns":4},{"damage":22,"enemies":"3 Sentries","floor":7,"turns":6},{"damage":0,"enemies":"Exordium Wildlife","floor":11,"turns":1},{"damage":10,"enemies":"Large Slime","floor":12,"turns":5},{"damage":0,"enemies":"Lots of Slimes","floor":14,"turns":1},{"damage":15,"enemies":"Fading Forest","floor":16,"turns":11},{"damage":30,"enemies":"3 Byrds","floor":18,"turns":3},{"damage":0,"enemies":"2 Thieves","floor":19,"turns":3},{"damage":10,"enemies":"Centurion and Healer","floor":20,"turns":6},{"damage":0,"enemies":"Snecko","floor":21,"turns":4},{"damage":32,"enemies":"Slavers","floor":24,"turns":5},{"damage":6,"enemies":"3 Cultists","floor":29,"turns":3},{"damage":7,"enemies":"Replay:Snechameleon","floor":30,"turns":8},{"damage":12,"enemies":"Snake Plant","floor":31,"turns":5},{"damage":49,"enemies":"Automaton","floor":33,"turns":4}],"seed_played":"-5598219512782942282","potions_obtained":[{"floor":1,"key":"FearPotion"},{"floor":2,"key":"Weak Potion"},{"floor":12,"key":"Reflective Coating"},{"floor":16,"key":"SteroidPotion"},{"floor":18,"key":"PowerPotion"},{"floor":24,"key":"FearPotion"},{"floor":29,"key":"Energy Potion"},{"floor":30,"key":"Energy Potion"}],"is_trial":false,"path_per_floor":["M","M","$","M","$","R","E","R","T","R","M","M","T","M","R","B",null,"M","M","M","M","?","R","E","R","T","?","?","M","E","M","R","B"],"character_chosen":"THE_SERVANT","items_purchased":["MoonPhase","Rearm"],"campfire_rested":4,"item_purchase_floors":[3,3],"current_hp_per_floor":[64,61,61,61,61,61,39,39,53,76,76,66,66,66,66,61,79,49,49,39,39,23,46,14,37,37,37,37,31,26,16,40,0,0],"gold":312,"neow_bonus":"UPGRADE_CARD","is_daily":false,"chose_seed":false,"campfire_upgraded":3,"win_rate":0.0,"timestamp":1613294948,"path_taken":["M","M","$","M","?","R","E","R","T","R","M","M","?","M","R","BOSS","M","?","M","M","?","R","E","R","T","?","?","M","E","M","R","BOSS"],"items_purchased_type":["Card","Card"],"build_version":"2020-12-22","purchased_purges":0,"victory":false,"max_hp_per_floor":[65,65,65,65,65,65,65,65,79,79,79,79,79,79,79,79,79,79,79,79,79,79,79,79,79,79,79,79,79,81,83,83,83,83],"card_choices":[{"not_picked":["Defy","ShatteredReality"],"picked":"Spin","floor":1},{"not_picked":["Reset","ShatteredReality"],"picked":"Rearm","floor":2},{"not_picked":["Sabotage","BottledTime"],"picked":"Potential","floor":4},{"not_picked":["Shuttle","DoubleEdge"],"picked":"Ricochet","floor":7},{"not_picked":["Defy","WasteNot"],"picked":"FanOfKnives","floor":11},{"not_picked":["Shuttle","FastForward"],"picked":"DoubleEdge","floor":12},{"not_picked":["Comet","BottledTime"],"picked":"MoonPhase+1","floor":14},{"not_picked":["Deny","Dilation"],"picked":"FloweringNight+1","floor":16},{"not_picked":["DoubleEdge","Shuttle"],"picked":"Luminosity+1","floor":18},{"not_picked":["Moonlight","Snipe+1"],"picked":"Foresight+1","floor":19},{"not_picked":["StarChef+1","BottledTime+1"],"picked":"InstantArmor","floor":20},{"not_picked":["ShatteredReality","Defy+1"],"picked":"Hightail","floor":21},{"not_picked":["FastForward","Foresight+1"],"picked":"Read","floor":24},{"not_picked":["Potential","ShatteredReality"],"picked":"Starlight+1","floor":29},{"not_picked":["TheWorld","Ricochet+1","ShatteredReality"],"picked":"Singing Bowl","floor":30},{"not_picked":["ShatteredReality","TimeWarp","Desolation"],"picked":"Singing Bowl","floor":31}],"player_experience":357541,"relics_obtained":[{"floor":7,"key":"Singing Bowl"},{"floor":9,"key":"Mango"},{"floor":13,"key":"Frozen Egg 2"},{"floor":24,"key":"Pet Ghost"},{"floor":26,"key":"aspiration:Lifesprig"},{"floor":27,"key":"ReplayTheSpireMod:Ring of Exchange"},{"floor":27,"key":"Ring of Fury"},{"floor":30,"key":"Mummified Hand"}],"event_choices":[{"damage_healed":0,"gold_gain":0,"player_choice":"Bet on Murderer","damage_taken":0,"max_hp_gain":0,"max_hp_loss":0,"event_name":"The Joust","floor":28,"gold_loss":50}],"is_beta":false,"boss_relics":[{"not_picked":["aspiration:RitualDagger","Fiend:Scarf"],"picked":"SacredBark"}],"items_purged_floors":[],"is_endless":false,"potions_floor_spawned":[1,2,12,16,18,24,29,30],"killed_by":"Automaton","ascension_level":0}}