{"host":"flk9eme3n59cnu2c","time":1613308602,"event":{"mods":["A Penny For Your Troubles","AchievementEnabler","BaseMod","Better-Laid Plans","Block Reminder","Colored Map","Googly Eyes","Minty Spire (QoL Compilation)","RNG Fix","Rare Cards Sparkle","Relic Stats","Reorder Act Four","Slay-I","StSLib","Weighted Paths"],"gold_per_floor":[115,142,142,162,187,222,222,257,315,343,12,12,32,60,60,137,137,153,167,181,181,181],"floor_reached":21,"language":"ENG","playtime":1039,"items_purged":["Strike_B"],"score":644,"play_id":"48bd1f1b-08cb-4c5a-9b89-5593806cb971","local_time":"20210214071642","daily_mods":["DeadlyEvents"],"is_ascension_mode":true,"campfire_choices":[{"floor":7.0,"key":"REST"},{"data":"Dualcast","floor":12,"key":"SMITH"},{"data":"Seek","floor":15,"key":"SMITH"}],"circlet_count":0,"master_deck":["AscendersBane","Strike_B","Strike_B","Strike_B","Defend_B","Defend_B","Defend_B","Defend_B","Zap","Dualcast+1","Self Repair","Undo","Gash","Ball Lightning","Cold Snap","Gash","Metamorphosis","Biased Cognition","Cold Snap","Seek+1","Biased Cognition","Hologram"],"relics":["Cracked Core","Dream Catcher","PreservedInsect","Bag of Marbles","MawBank","Regal Pillow","Odd Mushroom","Tiny Chest","Sozu"],"acts_visited":["Exordium","TheCity"],"potions_floor_usage":[16,19,21],"damage_taken":[{"damage":0.0,"enemies":"Cultist","floor":1.0,"turns":3.0},{"damage":7.0,"enemies":"Jaw Worm","floor":4.0,"turns":3.0},{"damage":37.0,"enemies":"3 Sentries","floor":6.0,"turns":9.0},{"damage":0.0,"enemies":"Gremlin Nob","floor":8.0,"turns":3.0},{"damage":0.0,"enemies":"Small Slimes","floor":10.0,"turns":2.0},{"damage":19,"enemies":"The Mushroom Lair","floor":13,"turns":4},{"damage":6,"enemies":"Lagavulin","floor":14,"turns":4},{"damage":15,"enemies":"Hexaghost","floor":16,"turns":9},{"damage":30,"enemies":"2 Thieves","floor":18,"turns":4},{"damage":0,"enemies":"Chosen","floor":19,"turns":5},{"damage":24,"enemies":"Snecko","floor":20,"turns":7},{"damage":42,"enemies":"Snake Plant","floor":21,"turns":3}],"seed_played":"8690846520714349570","potions_obtained":[{"floor":8.0,"key":"EssenceOfDarkness"},{"floor":10,"key":"ColorlessPotion"},{"floor":16,"key":"SteroidPotion"}],"is_trial":true,"path_per_floor":["M","T","?","M","T","E","R","E","T","M","$","R","?","E","R","B",null,"M","M","M","M"],"character_chosen":"DEFECT","items_purchased":["Metamorphosis","Biased Cognition"],"campfire_rested":1,"item_purchase_floors":[11,11],"current_hp_per_floor":[64,64,69,69,69,39,61,68,68,68,68,68,56,50,50,42,68,45,52,35,0,0],"gold":181,"neow_bonus":"","is_daily":false,"chose_seed":false,"campfire_upgraded":2,"win_rate":0.0,"timestamp":1613308602,"path_taken":["M","?","?","?","?","E","R","E","T","M","$","R","?","E","R","BOSS","M","M","?","M"],"items_purchased_type":["Card","Card"],"build_version":"2020-12-22","purchased_purges":1,"victory":false,"max_hp_per_floor":[71,71,76,76,76,76,76,76,76,76,76,76,76,76,76,76,76,76,76,76,76,76],"relic_stats":{"Sozu":2,"Dream Catcher":1,"Regal Pillow":0,"counters":[12,56],"Tiny Chest":0,"PreservedInsect":84,"MawBank":36,"obtain_stats":[{"Sozu":17,"Dream Catcher":2,"Regal Pillow":9,"Tiny Chest":14,"PreservedInsect":5,"Bag of Marbles":6,"Odd Mushroom":13,"Cracked Core":0,"MawBank":8},{"Sozu":8,"Dream Catcher":1,"Regal Pillow":4,"Tiny Chest":7,"PreservedInsect":2,"Bag of Marbles":3,"Odd Mushroom":6,"Cracked Core":0,"MawBank":4},{"Sozu":37,"Dream Catcher":3,"Regal Pillow":18,"Tiny Chest":28,"PreservedInsect":6,"Bag of Marbles":15,"Odd Mushroom":24,"Cracked Core":0,"MawBank":18}]},"card_choices":[{"not_picked":["Static Discharge","Streamline"],"picked":"Self Repair","floor":1.0},{"not_picked":["Compile Driver","Go for the Eyes"],"picked":"Undo","floor":4.0},{"not_picked":["Double Energy","Static Discharge"],"picked":"Gash","floor":6.0},{"not_picked":["Stack","Auto Shields"],"picked":"Ball Lightning","floor":7.0},{"not_picked":["Rebound","Beam Cell"],"picked":"Cold Snap","floor":8.0},{"not_picked":["Blizzard","Rip and Tear"],"picked":"Gash","floor":10},{"not_picked":["Static Discharge","Ball Lightning"],"picked":"Cold Snap","floor":13},{"not_picked":["Sunder","Beam Cell"],"picked":"Seek","floor":14},{"not_picked":["Machine Learning","Creative AI"],"picked":"Biased Cognition","floor":16},{"not_picked":["Double Energy","Tempest","Stack"],"picked":"SKIP","floor":18},{"not_picked":["Sweeping Beam","Heatsinks","Barrage"],"picked":"SKIP","floor":19},{"not_picked":["Go for the Eyes","Coolheaded+1"],"picked":"Hologram","floor":20}],"player_experience":928131,"relics_obtained":[{"floor":2.0,"key":"Dream Catcher"},{"floor":5.0,"key":"PreservedInsect"},{"floor":6.0,"key":"Bag of Marbles"},{"floor":8.0,"key":"MawBank"},{"floor":9.0,"key":"Regal Pillow"},{"floor":13,"key":"Odd Mushroom"},{"floor":14,"key":"Tiny Chest"}],"event_choices":[{"damage_healed":0.0,"max_hp_gain":5.0,"max_hp_loss":0.0,"gold_gain":0.0,"event_name":"Big Fish","player_choice":"Donut","floor":3.0,"gold_loss":0.0,"damage_taken":0.0},{"damage_healed":0,"gold_gain":0,"player_choice":"Fought Mushrooms","damage_taken":0,"max_hp_gain":0,"max_hp_loss":0,"event_name":"Mushrooms","floor":13,"gold_loss":0}],"is_beta":false,"boss_relics":[{"not_picked":["SacredBark","SlaversCollar"],"picked":"Sozu"}],"items_purged_floors":[11],"is_endless":true,"potions_floor_spawned":[8,10,14,16,19,20],"killed_by":"Snake Plant","ascension_level":20}}