{"host":"cvi30shpqg1ukvbr","time":1613279880,"event":{"mods":["Act Like it!","BaseMod","Better Altar","Better Match","Better Note","Better Sensory Stone","Better Skull","Better Third Choice","Conspire","GifTheSpireLib","Hubris","Infinite Spire","Minty Spire (QoL Compilation)","Relic Stats","Replay The Spire","Shop Mod","Spicy Shops","StSLib","Stuff the Spire"],"gold_per_floor":[119,132,146,159,169,199,199,199,199],"floor_reached":8,"language":"ENG","playtime":372,"items_purged":[],"score":63,"play_id":"4314123d-d95d-4ea3-a95d-b993680963a3","local_time":"20210214141800","is_ascension_mode":true,"campfire_choices":[{"floor":7,"key":"REST"}],"circlet_count":0,"master_deck":["Strike_B","Strike_B","Strike_B","Strike_B","Defend_B","Defend_B","Defend_B","Defend_B","Zap","Dualcast","Defragment","conspire:Rain","Hologram","Cold Snap","BasicCrystalCard","StuffTheSpire:LoadUp"],"relics":["Cracked Core","hubris:Potato","Blue Doll"],"acts_visited":["Exordium"],"potions_floor_usage":[],"damage_taken":[{"damage":2,"enemies":"2 Louse","floor":1,"turns":3},{"damage":6,"enemies":"Cultist","floor":2,"turns":3},{"damage":3,"enemies":"Jaw Worm","floor":3,"turns":4},{"damage":4,"enemies":"Blue Slaver","floor":4,"turns":5},{"damage":12,"enemies":"Lots of Slimes","floor":5,"turns":5},{"damage":37,"enemies":"Lagavulin","floor":6,"turns":8},{"damage":25,"enemies":"3 Sentries","floor":8,"turns":4}],"seed_played":"24885042776849902","potions_obtained":[{"floor":2,"key":"Languid Potion"},{"floor":3,"key":"Milkshake"},{"floor":5,"key":"Toxic Potion"}],"is_trial":false,"path_per_floor":["M","M","M","M","M","E","R","E"],"character_chosen":"DEFECT","items_purchased":[],"campfire_rested":1,"item_purchase_floors":[],"current_hp_per_floor":[66,60,57,53,41,4,24,0,0],"gold":199,"neow_bonus":"ONE_RARE_RELIC","is_daily":false,"chose_seed":false,"campfire_upgraded":0,"win_rate":0.0,"timestamp":1613279880,"path_taken":["M","M","M","M","M","E","R","E"],"items_purchased_type":[],"build_version":"2020-12-22","purchased_purges":0,"victory":false,"max_hp_per_floor":[68,68,68,68,68,68,68,68,68],"relic_stats":{"counters":[7,32],"obtain_stats":[{"Blue Doll":6,"Cracked Core":0,"hubris:Potato":0},{"Blue Doll":6,"Cracked Core":0,"hubris:Potato":0},{"Blue Doll":28,"Cracked Core":0,"hubris:Potato":0}]},"card_choices":[{"not_picked":["Sweeping Beam","Glacier"],"picked":"Defragment","floor":1},{"not_picked":["Streamline","Steam"],"picked":"conspire:Rain","floor":2},{"not_picked":["Rebound","Sweeping Beam"],"picked":"Hologram","floor":3},{"not_picked":["Compile Driver","Rebound"],"picked":"Cold Snap","floor":4},{"not_picked":["Crystallizer","Leap"],"picked":"BasicCrystalCard","floor":5},{"not_picked":["ReplaySort","Beam Cell"],"picked":"StuffTheSpire:LoadUp","floor":6}],"player_experience":1841641,"relics_obtained":[{"floor":6,"key":"Blue Doll"}],"event_choices":[],"is_beta":false,"boss_relics":[],"items_purged_floors":[],"is_endless":false,"potions_floor_spawned":[2,3,5],"killed_by":"3 Sentries","ascension_level":1}}