{"host":"xkmvu47k9fdstweo","time":1613344510,"event":{"mods":["BaseMod","Colored Map","Conspire","HololiveMod","Hubris","Minty Spire (QoL Compilation)","Quick Restart","Shop Mod","StSLib"],"gold_per_floor":[113,130,130,145,25,25,40,67,90,90,138,154,165,8,8,107,107,124,124,74,93,111,111,137,137,208,224,224,235,235,235,235,337,337,354,354,254,36,50,78,78,97,167,167,167,167],"floor_reached":45,"language":"ENG","playtime":1057,"items_purged":["Strike_R","Strike_R"],"score":781,"play_id":"b5720629-0c3e-416a-921e-fe137333f0ee","local_time":"20210214181510","is_ascension_mode":true,"campfire_choices":[{"data":"Searing Blow","floor":6.0,"key":"SMITH"},{"data":"Searing Blow+1","floor":10.0,"key":"SMITH"},{"data":"Searing Blow+2","floor":15.0,"key":"SMITH"},{"data":"Searing Blow+4","floor":23.0,"key":"SMITH"},{"data":"Searing Blow+5","floor":25,"key":"SMITH"},{"data":"Searing Blow+6","floor":28,"key":"SMITH"},{"data":"Searing Blow+7","floor":32,"key":"SMITH"},{"data":"Uppercut","floor":41,"key":"SMITH"},{"data":"Double Tap","floor":44,"key":"SMITH"}],"circlet_count":0,"master_deck":["AscendersBane","Strike_R","Strike_R","Defend_R","Defend_R","Defend_R","Defend_R","Bash","Spot Weakness","Iron Wave","Shrug It Off","Double Tap+1","Intimidate","Ghostly Armor","Impervious","Thunderclap","Feed","Uppercut+1","Impervious","Thunderclap","Wild Strike"],"relics":["Burning Blood","NeowsBlessing","MealTicket","hubris:OldNail","Smiling Mask","Tiny Chest","Bronze Scales","Busted Crown","conspire:Dentures","Mercury Hourglass","Enchiridion","Hololive_Finger","DollysMirror","Pocketwatch","hubris:TinFlute"],"acts_visited":["Exordium","TheCity","TheBeyond"],"potions_floor_usage":[24,40],"damage_taken":[{"damage":0.0,"enemies":"Cultist","floor":1.0,"turns":1.0},{"damage":0.0,"enemies":"Jaw Worm","floor":2.0,"turns":1.0},{"damage":0.0,"enemies":"Small Slimes","floor":4.0,"turns":1.0},{"damage":16.0,"enemies":"Exordium Wildlife","floor":7.0,"turns":8.0},{"damage":45.0,"enemies":"3 Sentries","floor":8.0,"turns":9.0},{"damage":8.0,"enemies":"Red Slaver","floor":12.0,"turns":4.0},{"damage":0.0,"enemies":"2 Fungi Beasts","floor":13.0,"turns":4.0},{"damage":42.0,"enemies":"Hexaghost","floor":16.0,"turns":11.0},{"damage":0.0,"enemies":"3 Byrds","floor":18.0,"turns":4.0},{"damage":0.0,"enemies":"Spheric Guardian","floor":21.0,"turns":1.0},{"damage":9.0,"enemies":"Centurion and Healer","floor":22.0,"turns":5.0},{"damage":39,"enemies":"Gremlin Leader","floor":24,"turns":8},{"damage":0,"enemies":"Snake Plant","floor":27,"turns":4},{"damage":2,"enemies":"Chosen and Byrds","floor":29,"turns":4},{"damage":34,"enemies":"hubris:MusketHawk","floor":33,"turns":10},{"damage":6,"enemies":"Orb Walker","floor":35,"turns":3},{"damage":3,"enemies":"3 Darklings","floor":39,"turns":3},{"damage":4,"enemies":"Reptomancer","floor":40,"turns":3},{"damage":0,"enemies":"Jaw Worm Horde","floor":42,"turns":3},{"damage":87,"enemies":"Giant Head","floor":45,"turns":8}],"seed_played":"-1211639616360450086","potions_obtained":[{"floor":1.0,"key":"Swift Potion"},{"floor":2.0,"key":"ColorlessPotion"},{"floor":16.0,"key":"LiquidBronze"},{"floor":18.0,"key":"Regen Potion"},{"floor":29,"key":"Explosive Potion"},{"floor":35,"key":"SkillPotion"}],"is_trial":false,"path_per_floor":["M","M","?","M","$","R","M","E","T","R","T","M","M","$","R","B",null,"M","?","$","M","M","R","E","R","T","M","R","M","T","?","R","B",null,"M","?","NS","$","M","E","R","M","T","R","E"],"character_chosen":"IRONCLAD","items_purchased":["Shrug It Off","Bronze Scales","Uppercut","DollysMirror"],"campfire_rested":0,"item_purchase_floors":[5,14,38,38],"current_hp_per_floor":[78,80,80,80,80,80,70,31,31,31,31,29,35,50,50,14,64,70,70,80,80,77,77,59,59,59,65,65,69,69,53,53,25,66,66,66,66,80,80,83,83,83,83,83,0,0],"gold":167,"neow_bonus":"THREE_ENEMY_KILL","is_daily":false,"chose_seed":false,"campfire_upgraded":9,"win_rate":0.0,"timestamp":1613344510,"path_taken":["M","?","?","?","$","R","M","E","T","R","?","M","M","?","R","BOSS","M","?","$","?","M","R","E","R","T","M","R","M","?","?","R","BOSS","M","?","NS","$","M","E","R","M","T","R","E"],"items_purchased_type":["Card","Relic","Card","Relic"],"build_version":"2020-12-22","purchased_purges":2,"victory":false,"max_hp_per_floor":[80,80,80,80,80,80,80,80,80,80,80,80,80,80,80,80,80,80,80,80,80,80,80,80,80,80,80,80,80,80,80,80,80,80,80,80,80,80,80,83,83,83,83,83,83,83],"card_choices":[{"not_picked":["Cleave","Warcry"],"picked":"Searing Blow","floor":1.0},{"not_picked":["Reckless Charge","Intimidate"],"picked":"Spot Weakness","floor":2.0},{"not_picked":["Second Wind","Sword Boomerang"],"picked":"Iron Wave","floor":4.0},{"not_picked":["Perfected Strike","Headbutt"],"picked":"Double Tap","floor":7.0},{"not_picked":["Feel No Pain","hubris:ReadiedAction"],"picked":"Intimidate","floor":8.0},{"not_picked":["Pommel Strike","Dark Embrace"],"picked":"Ghostly Armor","floor":12.0},{"not_picked":["Clash","Twin Strike","hubris:CleavingFinish"],"picked":"SKIP","floor":13.0},{"not_picked":["Demon Form","Fiend Fire"],"picked":"Impervious","floor":16.0},{"not_picked":[],"picked":"Clothesline+1","floor":18.0},{"not_picked":["Clash"],"picked":"SKIP","floor":21.0},{"not_picked":["Perfected Strike"],"picked":"SKIP","floor":22.0},{"not_picked":["Power Through"],"picked":"SKIP","floor":24},{"not_picked":["Carnage"],"picked":"SKIP","floor":27},{"not_picked":[],"picked":"Thunderclap","floor":29},{"not_picked":[],"picked":"Feed","floor":33},{"not_picked":["Perfected Strike+1"],"picked":"SKIP","floor":35},{"not_picked":[],"picked":"Thunderclap","floor":39},{"not_picked":["Clash+1"],"picked":"SKIP","floor":40},{"not_picked":[],"picked":"Wild Strike","floor":42}],"player_experience":360499,"relics_obtained":[{"floor":8.0,"key":"hubris:OldNail"},{"floor":9.0,"key":"Smiling Mask"},{"floor":11.0,"key":"Tiny Chest"},{"floor":26,"key":"conspire:Dentures"},{"floor":30,"key":"Mercury Hourglass"},{"floor":31,"key":"Enchiridion"},{"floor":40,"key":"Pocketwatch"},{"floor":43,"key":"hubris:TinFlute"}],"event_choices":[{"damage_healed":0.0,"max_hp_gain":0.0,"max_hp_loss":0.0,"gold_gain":0.0,"event_name":"WeMeetAgain","player_choice":"Gave Potion","floor":3.0,"gold_loss":0.0,"damage_taken":0.0,"relics_obtained":["MealTicket"]},{"damage_healed":0.0,"max_hp_gain":0.0,"max_hp_loss":0.0,"gold_gain":0.0,"event_name":"Accursed Blacksmith","player_choice":"Forge","floor":19.0,"gold_loss":0.0,"damage_taken":0.0,"cards_upgraded":["Searing Blow"]},{"damage_healed":0,"gold_gain":0,"player_choice":"Obtained Book","damage_taken":16,"max_hp_gain":0,"max_hp_loss":0,"event_name":"Cursed Tome","floor":31,"gold_loss":0},{"cards_removed":["Strike_R"],"damage_healed":0,"gold_gain":0,"player_choice":"Purged","damage_taken":0,"max_hp_gain":0,"max_hp_loss":0,"event_name":"Purifier","floor":36,"gold_loss":0}],"is_beta":false,"boss_relics":[{"not_picked":["SacredBark","hubris:HollowSoul"],"picked":"Busted Crown"},{"not_picked":["Empty Cage","Hololive_TopUpMoneyS"],"picked":"Hololive_Finger"}],"items_purged_floors":[5,20],"is_endless":false,"potions_floor_spawned":[1,2,16,18,29,35,39],"killed_by":"Giant Head","ascension_level":12}}