{"host":"166mvycy0az0i7z6","time":1613296410,"event":{"mods":["AchievementEnabler","Aspiration","Astrologer","Bard","BaseMod","Beaked The Cultist","Bestiary","Better Altar","Better Third Choice","BetterRewards","Challenge The Spire","Conspire","DeckTracker","Downfall","Fox Events","Halation","Hermit","Hubris","Minty Spire (QoL Compilation)","Relic Filter","Relic Stats","Reliquary","Replay The Spire","Shop Mod","StSLib","The Sage","TheVacant"],"gold_per_floor":[119,119,194,194,194,194,194,226,280,310,310,12,12,31,31,31,31],"floor_reached":16,"language":"ENG","playtime":945,"items_purged":[],"score":129,"play_id":"0342761b-1b29-4be7-9382-c1de10e72a94","local_time":"20210214205330","daily_mods":["Chimera","Allstar","Diverse","Colorless Cards","Heirloom","DeadlyEvents","Elite Swarm","challengethespire:Bronze Difficulty"],"is_ascension_mode":false,"campfire_choices":[{"data":"Eruption","floor":6,"key":"SMITH"},{"floor":11,"key":"REST"},{"data":"astrologer:Death","floor":13,"key":"SMITH"}],"circlet_count":0,"master_deck":["Bash","Survivor","Zap","Eruption+1","Strike_R","Strike_G","Strike_B","Defend_R","Defend_G","Defend_P","PanicButton","Master of Strategy","hubris:Insight","Crow Ritual","Thinking Ahead","EmptyFist","Rainbow","astrologer:Death+1","Sword Boomerang"],"relics":["Burning Blood","hubris:64BitClover","halation:QuantumPhysicsTextbook","bronze:BronzeIdol","ReplayTheSpireMod:Lightbulb","Replay:Mystery Machine","bronze:DonusWashers","hubris:Towel"],"acts_visited":["Exordium"],"potions_floor_usage":[10,10,16,16],"damage_taken":[{"damage":0,"enemies":"Cultist","floor":1,"turns":3},{"damage":32,"enemies":"3 Sentries","floor":8,"turns":8},{"damage":54,"enemies":"Lagavulin","floor":10,"turns":7},{"damage":0,"enemies":"Small Slimes","floor":14,"turns":3},{"damage":52,"enemies":"The Guardian","floor":16,"turns":13}],"seed_played":"6691965917114558801","potions_obtained":[{"floor":1,"key":"FearPotion"},{"floor":5,"key":"Energy Potion"},{"floor":5,"key":"SpeedPotion"},{"floor":10,"key":"Block Potion"}],"is_trial":true,"path_per_floor":["M","WH","?","WH","?","R","WH","E","T","E","R","$","R","M","R","B"],"character_chosen":"IRONCLAD","items_purchased":["Replay:Mystery Machine","bronze:DonusWashers"],"campfire_rested":1,"item_purchase_floors":[12,12],"current_hp_per_floor":[80,88,77,85,85,85,94,68,68,20,51,51,51,57,57,5,5],"gold":31,"neow_bonus":"TEN_PERCENT_HP_BONUS","is_daily":false,"chose_seed":false,"campfire_upgraded":2,"win_rate":0.0,"timestamp":1613296410,"path_taken":["M","WH","?","WH","?","R","WH","E","T","?","R","$","R","M","R","BOSS"],"items_purchased_type":["Relic","Relic"],"build_version":"2020-12-22","purchased_purges":0,"victory":false,"max_hp_per_floor":[80,88,88,96,96,96,105,105,105,105,105,105,105,105,105,105,105],"relic_stats":{"counters":[5,34],"obtain_stats":[{"bronze:DonusWashers":12,"halation:QuantumPhysicsTextbook":8,"hubris:64BitClover":0,"Replay:Mystery Machine":12,"hubris:Towel":15,"ReplayTheSpireMod:Lightbulb":10,"Burning Blood":0,"bronze:BronzeIdol":9},{"bronze:DonusWashers":3,"halation:QuantumPhysicsTextbook":2,"hubris:64BitClover":0,"Replay:Mystery Machine":3,"hubris:Towel":4,"ReplayTheSpireMod:Lightbulb":3,"Burning Blood":0,"bronze:BronzeIdol":2},{"bronze:DonusWashers":18,"halation:QuantumPhysicsTextbook":11,"hubris:64BitClover":0,"Replay:Mystery Machine":18,"hubris:Towel":21,"ReplayTheSpireMod:Lightbulb":18,"Burning Blood":0,"bronze:BronzeIdol":11}],"Burning Blood":18},"card_choices":[{"not_picked":["Havoc","beaked:Insight"],"picked":"EmptyFist","floor":1},{"not_picked":["hexamod:UnlimitedPower","Limit Break"],"picked":"Rainbow","floor":8},{"not_picked":["Atom Bomb","champ:CheapShot"],"picked":"astrologer:Death","floor":10},{"not_picked":["sagemod:Slalom","sagemod:On_The_Head"],"picked":"Sword Boomerang","floor":14}],"player_experience":127783,"relics_obtained":[{"floor":8,"key":"halation:QuantumPhysicsTextbook"},{"floor":9,"key":"bronze:BronzeIdol"},{"floor":10,"key":"ReplayTheSpireMod:Lightbulb"}],"event_choices":[{"damage_healed":0,"gold_gain":75,"player_choice":"Gold","damage_taken":11,"max_hp_gain":0,"max_hp_loss":0,"event_name":"betterThird:BetterGoop","floor":3,"gold_loss":0},{"damage_healed":0,"gold_gain":0,"player_choice":"Got Potions","damage_taken":0,"max_hp_gain":0,"max_hp_loss":0,"event_name":"Lab","floor":5,"gold_loss":0}],"is_beta":false,"boss_relics":[],"items_purged_floors":[],"is_endless":false,"potions_floor_spawned":[1,10],"killed_by":"The Guardian","ascension_level":0}}