{"host":"c2vrdknshfutmcsq","time":1613305524,"event":{"mods":["BaseMod","Minty Spire (QoL Compilation)"],"gold_per_floor":[112,112,37,49,69,69,144,156,238,258,11,46,73,107,107,107,107],"floor_reached":16,"language":"ENG","playtime":948,"items_purged":["Defend_B"],"score":254,"play_id":"ee4f6a74-8a29-4c51-9983-670d5a75f0b7","local_time":"20210214132524","is_ascension_mode":true,"campfire_choices":[{"data":"Buffer","floor":6.0,"key":"SMITH"},{"floor":15.0,"key":"REST"}],"circlet_count":0,"master_deck":["AscendersBane","Strike_B","Strike_B","Strike_B","Defend_B","Defend_B","Defend_B","Zap","Dualcast+1","Buffer+1","Barrage","Ball Lightning","BootSequence","Conserve Battery","Stack","Lockon","Seek","Conserve Battery"],"relics":["Cracked Core","Ornamental Fan","PreservedInsect","CeramicFish","Odd Mushroom"],"acts_visited":["Exordium"],"potions_floor_usage":[16,16],"damage_taken":[{"damage":2.0,"enemies":"Jaw Worm","floor":1.0,"turns":6.0},{"damage":8.0,"enemies":"2 Louse","floor":4.0,"turns":3.0},{"damage":0.0,"enemies":"Small Slimes","floor":5.0,"turns":3.0},{"damage":7.0,"enemies":"3 Louse","floor":8.0,"turns":4.0},{"damage":0.0,"enemies":"Looter","floor":10.0,"turns":4.0},{"damage":0.0,"enemies":"3 Sentries","floor":12.0,"turns":6.0},{"damage":12.0,"enemies":"Exordium Thugs","floor":13.0,"turns":4.0},{"damage":0.0,"enemies":"The Mushroom Lair","floor":14.0,"turns":2.0},{"damage":50,"enemies":"Hexaghost","floor":16,"turns":9}],"seed_played":"5714764191476408245","potions_obtained":[{"floor":5.0,"key":"Weak Potion"},{"floor":8.0,"key":"Fire Potion"},{"floor":12.0,"key":"Explosive Potion"},{"floor":13.0,"key":"AttackPotion"},{"floor":14.0,"key":"Strength Potion"}],"is_trial":false,"path_per_floor":["M","?","?","M","M","R","?","M","T","M","$","E","M","?","R","B"],"character_chosen":"DEFECT","items_purchased":["PreservedInsect"],"campfire_rested":1,"item_purchase_floors":[11],"current_hp_per_floor":[62,62,62,54,54,54,43,36,36,36,36,36,24,24,45,0,0],"gold":107,"neow_bonus":"ONE_RANDOM_RARE_CARD","is_daily":false,"chose_seed":false,"campfire_upgraded":1,"win_rate":0.0,"timestamp":1613305524,"path_taken":["M","?","?","M","M","R","?","?","T","M","$","E","M","?","R","BOSS"],"items_purchased_type":["Relic"],"build_version":"2020-12-22","purchased_purges":1,"victory":false,"max_hp_per_floor":[71,71,71,71,71,71,71,71,71,71,71,71,71,71,71,71,71],"card_choices":[{"not_picked":["Compile Driver","Hologram"],"picked":"Barrage","floor":1.0},{"not_picked":["Capacitor","Coolheaded"],"picked":"Ball Lightning","floor":4.0},{"not_picked":["Redo","Coolheaded"],"picked":"BootSequence","floor":5.0},{"not_picked":["Redo","Turbo"],"picked":"Conserve Battery","floor":8.0},{"not_picked":["Recycle","Steam Power"],"picked":"Stack","floor":10.0},{"not_picked":["Gash","Hologram"],"picked":"Lockon","floor":12.0},{"not_picked":["Reinforced Body","Streamline"],"picked":"Seek","floor":13.0},{"not_picked":["Steam","White Noise"],"picked":"Conserve Battery","floor":14.0}],"player_experience":1382591,"relics_obtained":[{"floor":9.0,"key":"Ornamental Fan"},{"floor":12.0,"key":"CeramicFish"},{"floor":14.0,"key":"Odd Mushroom"}],"event_choices":[{"damage_healed":0.0,"max_hp_gain":0.0,"max_hp_loss":0.0,"gold_gain":0.0,"event_name":"Living Wall","player_choice":"Grow","floor":2.0,"gold_loss":0.0,"damage_taken":0.0,"cards_upgraded":["Dualcast"]},{"cards_removed":["Strike_B"],"damage_healed":0.0,"max_hp_gain":0.0,"max_hp_loss":0.0,"gold_gain":0.0,"event_name":"The Cleric","player_choice":"Card Removal","floor":3.0,"gold_loss":75.0,"damage_taken":0.0},{"damage_healed":0.0,"max_hp_gain":0.0,"max_hp_loss":0.0,"gold_gain":75.0,"event_name":"World of Goop","player_choice":"Gather Gold","floor":7.0,"gold_loss":0.0,"damage_taken":11.0},{"damage_healed":0.0,"max_hp_gain":0.0,"max_hp_loss":0.0,"gold_gain":0.0,"event_name":"Mushrooms","player_choice":"Fought Mushrooms","floor":14.0,"gold_loss":0.0,"damage_taken":0.0}],"is_beta":false,"boss_relics":[],"items_purged_floors":[11],"is_endless":false,"potions_floor_spawned":[5,8,12,13,14],"killed_by":"Hexaghost","ascension_level":20}}