{"host":"nnevpry6tnmpwasb","time":1613287848,"event":{"mods":["2.2 Compatiblity","AchievementEnabler","BaseMod","Beaked The Cultist","Colored Map","Downfall","Hermit","Highlight Path","Koishi","Minty Spire (QoL Compilation)","StSLib","The Alterego","The Necromancer"],"gold_per_floor":[99,99,99,113,213,225,249,149,176,194,194,32,50,50,64,167,217,217,229,229,249,263,263,290,120,120,138,153,153,169,8,22,123,123,123,123,173,189,189,189,189,189,206,251,286,142,142,142,155,155],"floor_reached":51,"language":"ENG","playtime":6736,"items_purged":[],"score":700,"play_id":"11307e3b-b105-4c14-b8bb-574f6e5aa796","local_time":"20210214023048","is_ascension_mode":false,"campfire_choices":[{"floor":1,"key":"RECALL"},{"floor":8,"key":"REST"},{"floor":11,"key":"REST"},{"data":"champ:StrikeOfGenius","floor":18,"key":"SMITH"},{"floor":26,"key":"REST"},{"data":"champ:PerfectedStrike","floor":35,"key":"SMITH"},{"floor":40,"key":"DIG"},{"floor":47,"key":"DIG"}],"circlet_count":0,"master_deck":["champ:Strike+1","champ:Strike","champ:Strike+1","champ:Strike","champ:Defend+1","champ:Defend","champ:Defend","champ:Execute","champ:Taunt","champ:FaceSlap+1","champ:FaceSlap","champ:Backstep","champ:SetATrap","champ:SkillfulDodge","champ:Encircle","champ:Shatter+1","champ:DefensiveShout+1","champ:StrikeOfGenius+1","champ:Improvising","champ:DefensiveShout","champ:ShieldWall+1","champ:MurderStrike","champ:StanceDance","champ:BladeFlurry","champ:IgnorePain","champ:RisingSlash","champ:EndlessRage+1","champ:DefensiveShout","champ:BladeFlurry","expansioncontent:DashGenerateEvil","Enlightenment","champ:PerfectedStrike+1","champ:PerfectedStrike","downfall:Haunted","expansioncontent:PrepareCrush+1","champ:CrownThrow+1","champ:CrownThrow+1","Parasite","champ:PreemptiveStrike+1"],"relics":["champ:ChampionCrown","champ:LiftRelic","Nunchaku","downfall:HeartBlessingRed","Prayer Wheel","Orichalcum","Blood Vial","Tiny House","Dream Catcher","champ:BerserkersGuideToSlaughter","alterego_mod:SomeoneToFightFor","Regal Pillow","Cursed Key","Shovel","Toxic Egg 2","Molten Egg 2","StoneCalendar","Incense Burner","Potion Belt","Whetstone","Ornamental Fan"],"acts_visited":["Exordium","TheCity","TheBeyond"],"potions_floor_usage":[16,25,31,33,33,33,50,50],"damage_taken":[{"damage":0,"enemies":"Small Slimes","floor":4,"turns":3},{"damage":141,"enemies":"downfall:Heads","floor":5,"turns":12},{"damage":0,"enemies":"Jaw Worm","floor":6,"turns":2},{"damage":29,"enemies":"3 Sentries","floor":9,"turns":6},{"damage":0,"enemies":"Cultist","floor":10,"turns":3},{"damage":15,"enemies":"downfall:FleeingMerchant","floor":12,"turns":4},{"damage":13,"enemies":"2 Fungi Beasts","floor":13,"turns":2},{"damage":6,"enemies":"Blue Slaver","floor":15,"turns":2},{"damage":43,"enemies":"DF_ARCHETYPE_STREAMLINE","floor":16,"turns":7},{"damage":10,"enemies":"Chosen","floor":19,"turns":4},{"damage":27,"enemies":"Snecko","floor":21,"turns":4},{"damage":25,"enemies":"Shelled Parasite and Fungi","floor":22,"turns":4},{"damage":19,"enemies":"downfall:FleeingMerchant","floor":25,"turns":4},{"damage":26,"enemies":"Centurion and Healer","floor":27,"turns":6},{"damage":8,"enemies":"Cultist and Chosen","floor":28,"turns":5},{"damage":15,"enemies":"Snake Plant","floor":30,"turns":3},{"damage":14,"enemies":"downfall:FleeingMerchant","floor":31,"turns":4},{"damage":0,"enemies":"Chosen and Byrds","floor":32,"turns":4},{"damage":45,"enemies":"IC_MUSHROOM_ARCHETYPE","floor":33,"turns":6},{"damage":3,"enemies":"IC_MUSHROOM_ARCHETYPE","floor":37,"turns":7},{"damage":24,"enemies":"3 Darklings","floor":38,"turns":5},{"damage":18,"enemies":"3 Shapes","floor":43,"turns":5},{"damage":36,"enemies":"2 Orb Walkers","floor":44,"turns":4},{"damage":28,"enemies":"beaked:SuperParasite","floor":45,"turns":7},{"damage":7,"enemies":"Sphere and 2 Shapes","floor":49,"turns":4},{"damage":125,"enemies":"WA_ARCHETYPE_DIVINITY","floor":50,"turns":10}],"seed_played":"-3166213257612897839","potions_obtained":[{"floor":6,"key":"sneckomod:MuddlingPotion"},{"floor":10,"key":"Ancient Potion"},{"floor":15,"key":"LiquidBronze"},{"floor":17,"key":"bronze:BurnAndBuffPotion"},{"floor":23,"key":"CultistPotion"},{"floor":28,"key":"AttackPotion"},{"floor":30,"key":"PowerPotion"},{"floor":33,"key":"Weak Potion"},{"floor":38,"key":"BlessingOfTheForge"},{"floor":44,"key":"Slimebound:ThreeZeroPotion"},{"floor":45,"key":"Guardian:BlockOnCardUsePotion"}],"is_trial":false,"path_per_floor":["R","?","?","M","?","M","T","R","E","M","R","$","M","?","M","B",null,"R","M","?","M","M","?","T","$","R","M","M","?","M","$","M","B",null,"R","?","?","M","?","R","T","?","M","?","E","$","R","T","M","B",null],"character_chosen":"THE_CHAMP","items_purchased":["Orichalcum","champ:BerserkersGuideToSlaughter","DuplicationPotion","expansioncontent:DashGenerateEvil","Enlightenment","Regal Pillow","Potion Belt"],"campfire_rested":3,"item_purchase_floors":[12,25,31,31,31,31,46],"current_hp_per_floor":[99,99,99,99,28,28,28,57,38,38,67,67,64,64,65,24,104,104,104,104,87,64,64,64,57,88,64,58,58,45,43,50,7,104,104,104,101,99,99,99,99,99,88,54,28,28,28,28,102,34],"gold":155,"neow_bonus":"TEN_PERCENT_HP_BONUS","is_daily":false,"chose_seed":false,"campfire_upgraded":2,"win_rate":0.0,"timestamp":1613287848,"path_taken":["R","?","?","M","?","M","T","R","E","M","R","$","M","?","M","BOSS","R","M","?","?","M","?","T","$","R","M","M","?","M","?","M","BOSS","R","?","?","M","?","R","T","?","?","?","E","$","R","?","M","BOSS"],"items_purchased_type":["Relic","Relic","Potion","Card","Card","Relic","Relic"],"build_version":"2020-12-22","purchased_purges":0,"victory":true,"max_hp_per_floor":[99,99,99,99,99,99,99,99,99,99,99,99,99,99,99,99,104,104,104,104,104,104,104,104,104,104,104,104,104,104,104,104,104,104,104,104,104,104,104,104,104,104,104,104,104,104,104,104,104,104],"card_choices":[{"not_picked":["champ:AdrenalArmor","champ:DeathBlow","champ:PreciseThrust"],"picked":"SKIP","floor":4},{"not_picked":["champ:FlashCut","champ:BerserkersShout"],"picked":"champ:DancingMaster","floor":5},{"not_picked":["champ:AdrenalArmor","champ:SwordSigil"],"picked":"champ:FaceSlap","floor":6},{"not_picked":["champ:Parry","champ:ShieldSigil"],"picked":"champ:Backstep","floor":9},{"not_picked":["champ:SwordSigil","champ:Circumvent"],"picked":"champ:SetATrap","floor":10},{"not_picked":["champ:Parry","champ:ShieldSigil"],"picked":"champ:SkillfulDodge","floor":10},{"not_picked":["champ:SwordSigil","champ:SetATrap"],"picked":"champ:Encircle","floor":12},{"not_picked":["champ:BladeFlurry","champ:DeathBlow"],"picked":"champ:Shatter","floor":13},{"not_picked":["champ:BringItOn","champ:SwordSigil"],"picked":"champ:DefensiveShout","floor":13},{"not_picked":["champ:DefensiveShout","champ:PreciseThrust"],"picked":"champ:StrikeOfGenius","floor":15},{"not_picked":["champ:ShieldSigil","champ:BerserkersShout","champ:RageSigil"],"picked":"SKIP","floor":15},{"not_picked":["champ:LastStand","champ:HoldFirm"],"picked":"champ:Improvising","floor":16},{"not_picked":["champ:TornadoPunch","champ:BringItOn"],"picked":"champ:DefensiveShout","floor":17},{"not_picked":["champ:Encircle","champ:BringItOn"],"picked":"champ:ShieldWall","floor":19},{"not_picked":["champ:Haymaker","champ:RisingSlash","champ:Lariat"],"picked":"SKIP","floor":19},{"not_picked":["champ:AdrenalArmor","champ:FocusedDefense"],"picked":"champ:MurderStrike","floor":21},{"not_picked":["champ:ShieldSlam","champ:BerserkersShout+1","champ:Backstep"],"picked":"SKIP","floor":21},{"not_picked":["champ:DefensiveShout","champ:FancyFootwork"],"picked":"champ:StanceDance","floor":22},{"not_picked":["champ:DeathBlow","champ:EnGarde+1"],"picked":"champ:BladeFlurry","floor":22},{"not_picked":["champ:HeartStrike","champ:Backstep"],"picked":"champ:IgnorePain","floor":25},{"not_picked":["champ:ShieldSlam","champ:AdrenalArmor"],"picked":"champ:RisingSlash","floor":26},{"not_picked":["champ:Circumvent","champ:RisingSlash"],"picked":"champ:EndlessRage+1","floor":27},{"not_picked":["champ:AdrenalArmor","champ:DeathBlow+1","champ:RapidStrikes"],"picked":"SKIP","floor":27},{"not_picked":["champ:BerserkersShout","champ:Backstep"],"picked":"champ:DefensiveShout","floor":28},{"not_picked":["champ:EndlessRage","champ:CalledShot","champ:EnGarde"],"picked":"SKIP","floor":28},{"not_picked":["champ:Shatter","champ:BerserkersShout","champ:Haymaker"],"picked":"SKIP","floor":30},{"not_picked":["champ:TornadoPunch","champ:Duel","champ:FocusedDefense"],"picked":"SKIP","floor":30},{"not_picked":["champ:GladiatorForm","champ:Haymaker+1"],"picked":"champ:BladeFlurry","floor":31},{"not_picked":["champ:Haymaker","champ:CheapShot"],"picked":"champ:PerfectedStrike","floor":32},{"not_picked":["champ:FancyFootwork","champ:PreciseThrust","champ:RisingSlash"],"picked":"SKIP","floor":32},{"not_picked":["champ:BladeFlurry","champ:StanceDance"],"picked":"champ:PerfectedStrike","floor":38},{"not_picked":["champ:ShieldSigil+1","champ:Backstep+1","champ:BerserkersShout+1"],"picked":"SKIP","floor":38},{"not_picked":["expansioncontent:YouAreMine","expansioncontent:GuardianWhirl"],"picked":"expansioncontent:PrepareCrush","floor":42},{"not_picked":["champ:Backstep+1","champ:ArenaPreparation+1","champ:BringItOn+1"],"picked":"SKIP","floor":43},{"not_picked":["champ:SwordThrow+1","champ:ShieldWall+1","champ:BringItOn+1"],"picked":"SKIP","floor":43},{"not_picked":["champ:DefensiveShout+1","champ:ShieldSigil+1"],"picked":"champ:CrownThrow+1","floor":44},{"not_picked":["champ:Circumvent+1","champ:GutPunch+1"],"picked":"champ:CrownThrow+1","floor":45},{"not_picked":["champ:BerserkersShout+1","champ:FaceSlap+1"],"picked":"champ:PreemptiveStrike+1","floor":49},{"not_picked":["champ:FanOfKnives+1","champ:PreciseThrust+1","champ:Encircle+1"],"picked":"SKIP","floor":49}],"player_experience":93601,"relics_obtained":[{"floor":7,"key":"Nunchaku"},{"floor":9,"key":"Prayer Wheel"},{"floor":24,"key":"Dream Catcher"},{"floor":37,"key":"Shovel"},{"floor":40,"key":"Toxic Egg 2"},{"floor":41,"key":"Molten Egg 2"},{"floor":44,"key":"StoneCalendar"},{"floor":45,"key":"Incense Burner"},{"floor":47,"key":"Whetstone"},{"floor":48,"key":"Ornamental Fan"}],"event_choices":[{"damage_healed":0,"gold_gain":0,"player_choice":"Forge","damage_taken":0,"max_hp_gain":0,"max_hp_loss":0,"event_name":"Accursed Blacksmith","floor":20,"gold_loss":0,"cards_upgraded":["champ:ShieldWall"]},{"damage_healed":0,"gold_gain":0,"player_choice":"Choice 2","damage_taken":0,"relics_obtained":["alterego_mod:SomeoneToFightFor"],"max_hp_gain":0,"max_hp_loss":0,"event_name":"Secret Garden","floor":29,"gold_loss":0},{"cards_removed":["champ:DancingMaster"],"damage_healed":0,"gold_gain":0,"player_choice":"Removed Power","damage_taken":0,"max_hp_gain":0,"max_hp_loss":0,"event_name":"Falling","floor":39,"gold_loss":0},{"damage_healed":0,"gold_gain":0,"player_choice":"Fight","damage_taken":0,"max_hp_gain":0,"max_hp_loss":0,"event_name":"Mysterious Sphere","floor":44,"gold_loss":0}],"is_beta":false,"boss_relics":[{"not_picked":["Cursed Key","SacredBark"],"picked":"Tiny House"},{"not_picked":["Runic Dome","Snecko Eye","Runic Pyramid"]}],"items_purged_floors":[],"is_endless":false,"potions_floor_spawned":[6,10,15,28,30,32,33,38,44,45],"ascension_level":0}}