{"host":"h0xw20cia6ppa69g","time":1613299533,"event":{"mods":["AchievementEnabler","BaseMod","Colored Map","Filter the Spire","Googly Eyes","Minty Spire (QoL Compilation)","Relic Stats","StSLib","The Awakened One except there are too many feathers","everything is the same but u backflip on backflip"],"gold_per_floor":[111,123,123,53,53,83,158,184,184,184,194,208,218,248,248,344,344,359,369,166,178,28,54,54,153,176,189,189,202,229,278,278,381,381,398,398,214,214,232,274,274,290,369,407,419,469,481,29,29,29,29,29,29,57,57],"floor_reached":56,"language":"ENG","playtime":3364,"items_purged":[],"score":1391,"play_id":"15909d3c-79e2-459b-bdb5-e9210c27c593","local_time":"20210214044533","is_ascension_mode":true,"campfire_choices":[{"data":"Bludgeon","floor":10.0,"key":"SMITH"},{"data":"Bash","floor":15.0,"key":"SMITH"},{"data":"Limit Break","floor":28,"key":"SMITH"},{"data":"Limit Break","floor":32,"key":"SMITH"},{"floor":41,"key":"RECALL"},{"data":"Dual Wield","floor":47,"key":"SMITH"},{"data":"Evolve","floor":49,"key":"SMITH"},{"data":"Berserk","floor":52,"key":"SMITH"}],"circlet_count":0,"master_deck":["Bash+1","Limit Break","Headbutt","Shrug It Off","Iron Wave","Bludgeon+1","Shrug It Off","Evolve+1","Berserk","Offering","Feed","Berserk+1","Demon Form","Dark Embrace","Limit Break+1","Ghostly Armor","Power Through+1","Disarm","Limit Break+1","Inflame","Shockwave","Flame Barrier","Reaper","CurseOfTheBell","Dual Wield+1","True Grit+1","True Grit+1","Double Tap","Evolve","Reaper+1"],"relics":["Burning Blood","Charon\u0027s Ashes","Eternal Feather","Ancient Tea Set","White Beast Statue","Incense Burner","Pandora\u0027s Box","ClockworkSouvenir","Tiny Chest","Smiling Mask","Singing Bowl","Potion Belt","Calling Bell","CeramicFish","Molten Egg 2","TungstenRod","Lantern","Vajra","MawBank","Mercury Hourglass","Gremlin Horn","Bag of Preparation","Sling","Self Forming Clay"],"acts_visited":["Exordium","TheCity","TheBeyond","TheEnding"],"potions_floor_usage":[21,21,27,30,30,40,46,54,55,55,55,55,55,55,55,55,55,55,55,55,55],"damage_taken":[{"damage":4.0,"enemies":"Cultist","floor":1.0,"turns":5.0},{"damage":7.0,"enemies":"2 Louse","floor":2.0,"turns":3.0},{"damage":27.0,"enemies":"Gremlin Nob","floor":6.0,"turns":4.0},{"damage":31.0,"enemies":"Lagavulin","floor":8.0,"turns":8.0},{"damage":0.0,"enemies":"Small Slimes","floor":11.0,"turns":3.0},{"damage":12.0,"enemies":"2 Fungi Beasts","floor":12.0,"turns":4.0},{"damage":7.0,"enemies":"Exordium Wildlife","floor":13.0,"turns":3.0},{"damage":15.0,"enemies":"Gremlin Nob","floor":14.0,"turns":4.0},{"damage":3.0,"enemies":"Slime Boss","floor":16.0,"turns":9.0},{"damage":27.0,"enemies":"Spheric Guardian","floor":18.0,"turns":6.0},{"damage":15.0,"enemies":"Shell Parasite","floor":19.0,"turns":11.0},{"damage":14,"enemies":"3 Cultists","floor":21,"turns":5},{"damage":28,"enemies":"Slavers","floor":23,"turns":7},{"damage":9,"enemies":"Chosen and Byrds","floor":27,"turns":5},{"damage":7,"enemies":"Snecko","floor":29,"turns":7},{"damage":27,"enemies":"Gremlin Leader","floor":30,"turns":6},{"damage":14,"enemies":"Champ","floor":33,"turns":10},{"damage":18,"enemies":"Orb Walker","floor":35,"turns":6},{"damage":38,"enemies":"3 Darklings","floor":39,"turns":7},{"damage":121,"enemies":"Nemesis","floor":40,"turns":11},{"damage":26,"enemies":"4 Shapes","floor":42,"turns":5},{"damage":14,"enemies":"Giant Head","floor":44,"turns":7},{"damage":95,"enemies":"Nemesis","floor":46,"turns":13},{"damage":112,"enemies":"Donu and Deca","floor":50,"turns":9},{"damage":99,"enemies":"Shield and Spear","floor":54,"turns":10},{"damage":198,"enemies":"The Heart","floor":55,"turns":13}],"seed_played":"-6935476531022848270","potions_obtained":[{"floor":1.0,"key":"SkillPotion"},{"floor":6.0,"key":"BloodPotion"},{"floor":11.0,"key":"Strength Potion"},{"floor":12.0,"key":"BlessingOfTheForge"},{"floor":16.0,"key":"Strength Potion"},{"floor":18.0,"key":"AttackPotion"},{"floor":19.0,"key":"Energy Potion"},{"floor":21,"key":"Energy Potion"},{"floor":23,"key":"Block Potion"},{"floor":27,"key":"AttackPotion"},{"floor":29,"key":"EntropicBrew"},{"floor":30,"key":"EssenceOfSteel"},{"floor":33,"key":"BloodPotion"},{"floor":35,"key":"LiquidBronze"},{"floor":38,"key":"PowerPotion"},{"floor":38,"key":"GamblersBrew"},{"floor":39,"key":"BloodPotion"},{"floor":40,"key":"EssenceOfSteel"},{"floor":42,"key":"BloodPotion"},{"floor":46,"key":"GamblersBrew"},{"floor":54,"key":"EntropicBrew"}],"is_trial":false,"path_per_floor":["M","M","?","$","T","E","?","E","T","R","M","M","M","E","R","B",null,"M","M","$","M","$","E","?","?","T","M","R","M","E","T","R","B",null,"M","?","$","?","M","E","R","M","T","E","T","E","R","$","R","B",null,"R","$","E","B",null],"character_chosen":"IRONCLAD","items_purchased":["Bludgeon","Limit Break","Inflame","ClockworkSouvenir","Dual Wield","Lantern","Bag of Preparation","Sling","Evolve","Reaper+1"],"campfire_rested":0,"item_purchase_floors":[4,20,20,22,37,37,48,48,48,48],"current_hp_per_floor":[80,79,79,79,79,58,47,22,22,31,37,47,46,37,46,49,80,62,56,56,51,51,32,32,32,32,32,44,46,30,30,42,37,106,111,111,111,111,116,116,116,98,98,121,121,81,96,96,114,127,127,127,127,128,118],"gold":57,"neow_bonus":"ONE_RANDOM_RARE_CARD","is_daily":false,"chose_seed":false,"campfire_upgraded":7,"win_rate":0.0,"timestamp":1613299533,"path_taken":["M","M","?","$","?","E","?","E","T","R","M","M","M","E","R","BOSS","M","M","$","M","$","E","?","?","T","M","R","?","E","?","R","BOSS","M","?","$","?","M","E","R","?","T","E","?","E","R","?","R","BOSS","R","$","E","BOSS"],"items_purchased_type":["Card","Card","Card","Relic","Card","Relic","Relic","Relic","Card","Card"],"build_version":"2020-12-22","purchased_purges":0,"victory":true,"max_hp_per_floor":[80,80,80,80,80,80,80,80,80,80,80,80,80,80,80,80,80,83,86,86,89,89,92,92,92,92,95,95,98,103,103,103,106,106,111,111,111,111,116,116,116,118,118,121,121,121,121,121,121,127,127,127,127,135,139],"relic_stats":{"Singing Bowl":10,"Gremlin Horn":[2,2],"counters":[26,181],"Self Forming Clay":[93],"CeramicFish":54,"Eternal Feather":75,"Charon\u0027s Ashes":[563],"Bag of Preparation":[6],"Smiling Mask":0,"MawBank":48,"Burning Blood":127,"Mercury Hourglass":[129],"Pandora\u0027s Box":["Ghostly Armor","Carnage","Feed","Berserk","Demon Form","Dark Embrace","Limit Break","Ghostly Armor"],"Tiny Chest":2,"obtain_stats":[{"Potion Belt":31,"Lantern":37,"Singing Bowl":30,"Gremlin Horn":46,"Self Forming Clay":54,"CeramicFish":34,"Vajra":40,"Eternal Feather":6,"Charon\u0027s Ashes":5,"Incense Burner":14,"Bag of Preparation":48,"Ancient Tea Set":8,"Smiling Mask":26,"MawBank":44,"Sling":48,"Burning Blood":0,"White Beast Statue":9,"ClockworkSouvenir":22,"Mercury Hourglass":45,"Calling Bell":34,"Pandora\u0027s Box":17,"Tiny Chest":23,"Molten Egg 2":34,"TungstenRod":34},{"Potion Belt":16,"Lantern":18,"Singing Bowl":16,"Gremlin Horn":23,"Self Forming Clay":25,"CeramicFish":17,"Vajra":20,"Eternal Feather":3,"Charon\u0027s Ashes":2,"Incense Burner":8,"Bag of Preparation":23,"Ancient Tea Set":4,"Smiling Mask":13,"MawBank":22,"Sling":23,"Burning Blood":0,"White Beast Statue":4,"ClockworkSouvenir":12,"Mercury Hourglass":22,"Calling Bell":17,"Pandora\u0027s Box":9,"Tiny Chest":13,"Molten Egg 2":17,"TungstenRod":17},{"Potion Belt":90,"Lantern":106,"Singing Bowl":90,"Gremlin Horn":149,"Self Forming Clay":168,"CeramicFish":100,"Vajra":124,"Eternal Feather":12,"Charon\u0027s Ashes":8,"Incense Burner":34,"Bag of Preparation":149,"Ancient Tea Set":20,"Smiling Mask":72,"MawBank":136,"Sling":149,"Burning Blood":0,"White Beast Statue":20,"ClockworkSouvenir":65,"Mercury Hourglass":136,"Calling Bell":100,"Pandora\u0027s Box":43,"Tiny Chest":72,"Molten Egg 2":100,"TungstenRod":100}],"TungstenRod":93},"card_choices":[{"not_picked":["Warcry","Twin Strike"],"picked":"Headbutt","floor":1.0},{"not_picked":["Anger","Pummel"],"picked":"Shrug It Off","floor":2.0},{"not_picked":["Sword Boomerang","Burning Pact"],"picked":"Shrug It Off","floor":6.0},{"not_picked":["Immolate","Clothesline","Twin Strike"],"picked":"SKIP","floor":8.0},{"not_picked":["Twin Strike","Pommel Strike"],"picked":"Evolve","floor":11.0},{"not_picked":["Sword Boomerang","Thunderclap","Havoc"],"picked":"SKIP","floor":12.0},{"not_picked":["Infernal Blade","Intimidate","Pummel"],"picked":"SKIP","floor":13.0},{"not_picked":["Impervious","Sever Soul"],"picked":"Berserk","floor":14.0},{"not_picked":["Berserk","Impervious"],"picked":"Offering","floor":16.0},{"not_picked":["Armaments","Body Slam"],"picked":"Power Through+1","floor":18.0},{"not_picked":["Clothesline","Heavy Blade+1"],"picked":"Disarm","floor":19.0},{"not_picked":["Seeing Red","Warcry","Pommel Strike"],"picked":"SKIP","floor":21},{"not_picked":["Twin Strike","Shrug It Off"],"picked":"Shockwave","floor":23},{"not_picked":["Uppercut","Brutality"],"picked":"Flame Barrier","floor":27},{"not_picked":["Combust","Havoc","Warcry"],"picked":"SKIP","floor":29},{"not_picked":["Fire Breathing+1","Ghostly Armor+1","Twin Strike"],"picked":"Singing Bowl","floor":30},{"not_picked":["Berserk","Corruption"],"picked":"Reaper","floor":33},{"not_picked":["Rampage+1","Cleave+1","Clash+1"],"picked":"Singing Bowl","floor":35},{"not_picked":["Clash+1","Havoc","Warcry"],"picked":"Singing Bowl","floor":39},{"not_picked":["Bludgeon+1","Burning Pact"],"picked":"True Grit+1","floor":40},{"not_picked":["Seeing Red+1","Searing Blow+1","Body Slam+1"],"picked":"Singing Bowl","floor":42},{"not_picked":["Cleave+1","Armaments+1"],"picked":"True Grit+1","floor":44},{"not_picked":["Warcry","Iron Wave+1"],"picked":"Double Tap","floor":46},{"not_picked":["Pommel Strike+1","Wild Strike+1","Iron Wave+1"],"picked":"Singing Bowl","floor":54}],"player_experience":3861588,"relics_obtained":[{"floor":5.0,"key":"Charon\u0027s Ashes"},{"floor":6.0,"key":"Eternal Feather"},{"floor":8.0,"key":"Ancient Tea Set"},{"floor":9.0,"key":"White Beast Statue"},{"floor":14.0,"key":"Incense Burner"},{"floor":23,"key":"Tiny Chest"},{"floor":26,"key":"Smiling Mask"},{"floor":30,"key":"Singing Bowl"},{"floor":31,"key":"Potion Belt"},{"floor":34,"key":"CeramicFish"},{"floor":34,"key":"Molten Egg 2"},{"floor":34,"key":"TungstenRod"},{"floor":40,"key":"Vajra"},{"floor":44,"key":"MawBank"},{"floor":45,"key":"Mercury Hourglass"},{"floor":46,"key":"Gremlin Horn"},{"floor":54,"key":"Self Forming Clay"}],"event_choices":[{"cards_removed":["Strike_R"],"damage_healed":0.0,"max_hp_gain":0.0,"max_hp_loss":0.0,"gold_gain":0.0,"event_name":"NoteForYourself","player_choice":"Took Card","floor":3.0,"gold_loss":0.0,"damage_taken":0.0,"cards_obtained":["Iron Wave"]},{"damage_healed":0.0,"max_hp_gain":0.0,"max_hp_loss":0.0,"gold_gain":75.0,"event_name":"World of Goop","player_choice":"Gather Gold","floor":7.0,"gold_loss":0.0,"damage_taken":11.0},{"cards_removed":["Carnage"],"damage_healed":0,"gold_gain":0,"player_choice":"Elegance","damage_taken":0,"max_hp_gain":0,"max_hp_loss":0,"event_name":"Back to Basics","floor":24,"gold_loss":0},{"damage_healed":0,"gold_gain":99,"player_choice":"Stole From Cult","damage_taken":0,"max_hp_gain":0,"max_hp_loss":0,"event_name":"Nest","floor":25,"gold_loss":0},{"cards_removed":["Ghostly Armor"],"damage_healed":0,"gold_gain":0,"player_choice":"Removed Skill","damage_taken":0,"max_hp_gain":0,"max_hp_loss":0,"event_name":"Falling","floor":36,"gold_loss":0},{"damage_healed":0,"gold_gain":0,"player_choice":"Got Potions","damage_taken":0,"max_hp_gain":0,"max_hp_loss":0,"event_name":"Lab","floor":38,"gold_loss":0}],"is_beta":false,"boss_relics":[{"not_picked":["Busted Crown","Black Blood"],"picked":"Pandora\u0027s Box"},{"not_picked":["Fusion Hammer","Runic Cube"],"picked":"Calling Bell"}],"items_purged_floors":[],"is_endless":false,"potions_floor_spawned":[1,6,11,12,13,14,16,18,19,21,23,27,29,30,33,35,39,40,42,44,46,54],"ascension_level":1}}