{"host":"6xsbn6ynqlzwllfm","time":1613326586,"event":{"mods":["2.2 Compatiblity","BaseMod","Bestiary","Colored Map","Colored Powertips","Curses Come First","Downfall","Highlight Path","Keyboard Shortcuts","Minty Spire (QoL Compilation)","Relic Stats","Slay the Relics Exporter","StSLib","SuperFastMode"],"gold_per_floor":[99,115,135,135,155,175,175,186,220,237,137,168,78,78,97,97,97,97],"floor_reached":16,"language":"ENG","playtime":599,"items_purged":["Writhe"],"score":177,"play_id":"b21432bf-c28f-4e56-9556-88bf228ae1b5","local_time":"20210214131626","is_ascension_mode":true,"campfire_choices":[{"data":"bronze:Goto","floor":1,"key":"SMITH"},{"data":"bronze:MaxOutput","floor":11,"key":"SMITH"}],"circlet_count":0,"master_deck":["AscendersBane","bronze:Strike","bronze:Defend","bronze:Defend","bronze:Defend","bronze:Defend","bronze:Replicate","bronze:Goto+1","bronze:BronzeArmor+1","bronze:Branch+1","bronze:HyperBeam+1","bronze:MaxOutput+1","bronze:Turbo","bronze:HyperBeam+1","bronze:Turbo","bronze:Boost","bronze:BuggyMess","bronze:Frontload","bronze:FindAndReplace"],"relics":["Astrolabe","Art of War","Letter Opener","downfall:HeartBlessingGreen","Centennial Puzzle","bronze:DecasWashers"],"acts_visited":["Exordium"],"potions_floor_usage":[12],"damage_taken":[{"damage":0,"enemies":"Jaw Worm","floor":2,"turns":3},{"damage":0,"enemies":"Cultist","floor":3,"turns":3},{"damage":0,"enemies":"Small Slimes","floor":5,"turns":2},{"damage":11,"enemies":"3 Louse","floor":6,"turns":2},{"damage":3,"enemies":"Blue Slaver","floor":8,"turns":2},{"damage":4,"enemies":"3 Sentries","floor":9,"turns":4},{"damage":4,"enemies":"Red Slaver","floor":10,"turns":3},{"damage":17,"enemies":"Gremlin Nob","floor":12,"turns":4},{"damage":0,"enemies":"downfall:FleeingMerchant","floor":13,"turns":4},{"damage":0,"enemies":"3 Louse","floor":15,"turns":2},{"damage":28,"enemies":"IC_STATUS_ARCHETYPE","floor":16,"turns":10}],"seed_played":"-188686175293782714","potions_obtained":[{"floor":2,"key":"Energy Potion"},{"floor":5,"key":"Energy Potion"}],"is_trial":false,"path_per_floor":["R","M","M","?","M","M","T","M","E","M","R","E","$","T","M","B"],"character_chosen":"THE_AUTOMATON","items_purchased":[],"campfire_rested":0,"item_purchase_floors":[],"current_hp_per_floor":[63,63,63,63,63,52,52,49,45,41,41,24,24,24,24,0,0,0],"gold":97,"neow_bonus":"BOSS_RELIC","is_daily":false,"chose_seed":false,"campfire_upgraded":2,"win_rate":0.0,"timestamp":1613326586,"path_taken":["R","M","M","?","?","M","T","M","E","M","R","E","$","?","M","BOSS"],"items_purchased_type":[],"build_version":"2020-12-22","purchased_purges":1,"victory":false,"max_hp_per_floor":[70,70,70,70,70,70,70,70,70,70,70,70,70,70,70,70,70,70],"relic_stats":{"Centennial Puzzle":[3],"counters":[11,39],"Astrolabe":["bronze:BronzeArmor","bronze:Branch","bronze:HyperBeam"],"Art of War":[12],"Letter Opener":[60],"obtain_stats":[{"Centennial Puzzle":12,"bronze:BronzeCore":0,"Astrolabe":0,"bronze:DecasWashers":14,"downfall:HeartBlessingGreen":11,"Art of War":7,"Letter Opener":9},{"Centennial Puzzle":8,"bronze:BronzeCore":0,"Astrolabe":0,"bronze:DecasWashers":9,"downfall:HeartBlessingGreen":7,"Art of War":4,"Letter Opener":6},{"Centennial Puzzle":23,"bronze:BronzeCore":0,"Astrolabe":0,"bronze:DecasWashers":27,"downfall:HeartBlessingGreen":19,"Art of War":10,"Letter Opener":16}]},"card_choices":[{"not_picked":["bronze:DarkDash","bronze:BitShift"],"picked":"bronze:MaxOutput","floor":2},{"not_picked":["bronze:BuggyMess","bronze:DelayedSlice"],"picked":"bronze:Turbo","floor":3},{"not_picked":["bronze:Deprecate","bronze:ForceShield","bronze:BitShift"],"picked":"SKIP","floor":5},{"not_picked":["bronze:Separator","bronze:Overload"],"picked":"bronze:Boost","floor":8},{"not_picked":["bronze:Mutator","bronze:Fortify"],"picked":"bronze:BuggyMess","floor":9},{"not_picked":["bronze:Fortify","bronze:Separator"],"picked":"bronze:Frontload","floor":10},{"not_picked":["bronze:CloningBeam","bronze:DarkDash","bronze:Deprecate"],"picked":"SKIP","floor":12},{"not_picked":["bronze:OilSpill","bronze:Turbo","bronze:Deprecate"],"picked":"SKIP","floor":13},{"not_picked":["bronze:Overheat","bronze:Deprecate"],"picked":"bronze:FindAndReplace","floor":15}],"player_experience":1780873,"relics_obtained":[{"floor":7,"key":"Art of War"},{"floor":9,"key":"Letter Opener"},{"floor":12,"key":"Centennial Puzzle"},{"floor":14,"key":"bronze:DecasWashers"}],"event_choices":[],"is_beta":false,"boss_relics":[],"items_purged_floors":[13],"is_endless":false,"potions_floor_spawned":[2,5,10],"killed_by":"IC_STATUS_ARCHETYPE","ascension_level":11}}