{"host":"fbtt2xdrd49xyqed","time":1613344180,"event":{"mods":["Act Like it!","BaseMod","Gensokyo","Koishi","Marisa£®ÏF”Í°°ƒß¿Ì…≥£©","Minty Spire (QoL Compilation)","Remilia£®¿Ÿ√◊¿Ú—«£©","StSLib","The Servant 0.9.4"],"gold_per_floor":[111,111,121,121,121,154,169,10,10,10,10,43,43,374,374,476,476,495,495,520,520,109,109,34,34,34,34,84,114,127,447,447,547,547,563,579,595,605,30,60,380,615,615,615,615,615,615,615,615,615,615,615,22,57,57],"floor_reached":56,"language":"ZHS","playtime":2635,"items_purged":["Koishi:BasicStrike"],"score":1547,"play_id":"c834260d-6e50-45ac-a3ca-3e227a8db8b3","local_time":"20210215070940","is_ascension_mode":true,"campfire_choices":[{"floor":13.0,"key":"REST"},{"floor":15.0,"key":"REST"},{"data":"Koishi:UnansweredLove","floor":23.0,"key":"SMITH"},{"data":"Koishi:ImGoingToCallYouNow","floor":25.0,"key":"SMITH"},{"data":"Koishi:FidgetySnatcher","floor":27.0,"key":"SMITH"},{"data":"Koishi:TerrifyingSpectre","floor":32.0,"key":"SMITH"},{"data":"Gensokyo:ManorOfTheDishes","floor":44.0,"key":"SMITH"},{"data":"Koishi:RuptureMind","floor":46.0,"key":"SMITH"},{"data":"Gensokyo:FourOfAKind","floor":47.0,"key":"SMITH"},{"floor":49,"key":"RECALL"},{"data":"Gensokyo:FourOfAKind","floor":52,"key":"SMITH"}],"circlet_count":0,"master_deck":["Koishi:BasicDefend","Koishi:BasicDefend","Koishi:Provoke","Koishi:HauntingSlash","Koishi:UnansweredLove+1","Koishi:RacingHeart","Clumsy","Koishi:EmbryosDream","Koishi:DNAsFlaw","Koishi:YoukaiPolygraph","Koishi:FleetingPhantom","Koishi:UnseenTerror","Koishi:FidgetySnatcher+1","Koishi:ImGoingToCallYouNow+1","Gensokyo:FourOfAKind","Gensokyo:FourOfAKind","Gensokyo:FourOfAKind+1","Gensokyo:FourOfAKind+1","Koishi:StingingMind+1","Koishi:TerrifyingSpectre+1","Koishi:RuptureMind+1","Koishi:JumpScare+1","Gensokyo:ManorOfTheDishes+1","Koishi:PredatoryInstincts+1","Koishi:CatchAndRose+1"],"relics":["Koishi:ImaginaryFriend","NeowsBlessing","Gensokyo:NagashiBinaDoll","WingedGreaves","Mercury Hourglass","Ancient Tea Set","Toy Ornithopter","Philosopher\u0027s Stone","Bag of Marbles","TheAbacus","Medical Kit","MealTicket","Lantern","Girya","Regal Pillow","Oddly Smooth Stone","Dream Catcher","Runic Pyramid","Koishi:TeethAndClaws","Art of War","Kunai","Ice Cream","Ginger","Calipers","Incense Burner","Pear"],"acts_visited":["Gensokyo:Gensokyo","Gensokyo:Gensokyoer","Gensokyo:Gensokyoest","TheEnding"],"potions_floor_usage":[55],"damage_taken":[{"damage":0.0,"enemies":"Gensokyo:Python","floor":1.0,"turns":1.0},{"damage":0.0,"enemies":"Gensokyo:2_Kodama","floor":3.0,"turns":2.0},{"damage":0.0,"enemies":"Gensokyo:Mamizou","floor":6.0,"turns":3.0},{"damage":3.0,"enemies":"Gensokyo:Gryphon","floor":7.0,"turns":5.0},{"damage":40.0,"enemies":"Gensokyo:Cirno","floor":12.0,"turns":11.0},{"damage":24.0,"enemies":"Gensokyo:Aya","floor":14.0,"turns":7.0},{"damage":22.0,"enemies":"Gensokyo:Kokoro","floor":16.0,"turns":12.0},{"damage":29.0,"enemies":"Gensokyo:CosmicMonolith","floor":18.0,"turns":7.0},{"damage":34.0,"enemies":"Gensokyo:Reisen","floor":29.0,"turns":5.0},{"damage":0.0,"enemies":"Gensokyo:Chomper","floor":30.0,"turns":4.0},{"damage":23.0,"enemies":"Gensokyo:Monolith_and_Dog","floor":31.0,"turns":8.0},{"damage":27.0,"enemies":"Gensokyo:Eiki","floor":33.0,"turns":10.0},{"damage":21.0,"enemies":"Gensokyo:3_Bats","floor":35.0,"turns":5.0},{"damage":24.0,"enemies":"Gensokyo:AncientGuardian","floor":36.0,"turns":11.0},{"damage":11.0,"enemies":"Gensokyo:Sharpion","floor":37.0,"turns":6.0},{"damage":1.0,"enemies":"Gensokyo:AtlasGolem","floor":38.0,"turns":4.0},{"damage":1.0,"enemies":"Gensokyo:Doremy","floor":40.0,"turns":9.0},{"damage":39.0,"enemies":"Gensokyo:Rafflesia","floor":41.0,"turns":11.0},{"damage":9.0,"enemies":"Gensokyo:Kasen","floor":42.0,"turns":8.0},{"damage":1,"enemies":"Gensokyo:Scarlet_Devils","floor":50,"turns":9},{"damage":16,"enemies":"Shield and Spear","floor":54,"turns":10},{"damage":23,"enemies":"The Heart","floor":55,"turns":13}],"seed_played":"-2023189761255241388","potions_obtained":[{"floor":3.0,"key":"Strength Potion"},{"floor":6.0,"key":"Fruit Juice"},{"floor":12.0,"key":"Fruit Juice"},{"floor":29.0,"key":"Weak Potion"},{"floor":30.0,"key":"BlessingOfTheForge"},{"floor":31.0,"key":"BlessingOfTheForge"},{"floor":37.0,"key":"ColorlessPotion"},{"floor":41.0,"key":"GamblersBrew"}],"is_trial":false,"path_per_floor":["M","?","M","?","$","E","M","COS","T","?","$","E","R","E","R","B",null,"M","?","T","?","COS","R","$","R","T","R","T","E","M","M","R","B",null,"M","M","M","M","COS","E","M","E","T","R","?","R","R","?","R","B",null,"R","$","E","B",null],"character_chosen":"KOISHI","items_purchased":["Calipers","Incense Burner"],"campfire_rested":2,"item_purchase_floors":[53,53],"current_hp_per_floor":[60,36,36,36,36,36,36,36,36,36,36,2,21,11,32,23,70,52,49,49,49,49,49,49,49,49,49,49,23,49,49,49,49,49,49,49,49,49,49,49,49,49,49,49,49,49,49,30,30,49,49,49,49,59,59],"gold":57,"neow_bonus":"THREE_ENEMY_KILL","is_daily":false,"chose_seed":false,"campfire_upgraded":8,"win_rate":0.0,"timestamp":1613344180,"path_taken":["M","?","M","?","?","E","M","COS","T","?","?","E","R","E","R","BOSS","BOSS","M","?","?","?","COS","R","?","R","T","R","?","E","M","M","R","BOSS","M","M","M","M","COS","E","M","E","T","R","?","R","R","?","R","BOSS","R","$","E","BOSS"],"items_purchased_type":["Relic","Relic"],"build_version":"2020-12-22","purchased_purges":1,"victory":true,"max_hp_per_floor":[60,60,60,60,60,60,60,60,60,60,60,65,65,70,70,70,70,70,49,49,49,49,49,49,49,49,49,49,49,49,49,49,49,49,49,49,49,49,49,49,49,49,49,49,49,49,49,49,49,49,49,49,49,59,59],"card_choices":[{"not_picked":["Koishi:CatchAndRose","Koishi:UnconsciousUprising"],"picked":"Koishi:UnansweredLove","floor":1.0},{"not_picked":["Koishi:DreadfulBlow","Koishi:SpiritedAway"],"picked":"Koishi:RacingHeart","floor":3.0},{"not_picked":["Koishi:UnconsciousUprising","Koishi:SubterraneanRose"],"picked":"Koishi:EmbryosDream","floor":6.0},{"not_picked":["Koishi:DreadfulBlow","Koishi:UnconsciousUprising"],"picked":"Koishi:DNAsFlaw","floor":7.0},{"not_picked":["Koishi:DNAsFlaw","Koishi:PerfectMindControl"],"picked":"Koishi:YoukaiPolygraph","floor":10.0},{"not_picked":["Koishi:MindNumbingTerror","Koishi:MassHysteria"],"picked":"Koishi:FleetingPhantom","floor":10.0},{"not_picked":["Koishi:DreadfulBlow","Koishi:SpiritedAway"],"picked":"Koishi:UnseenTerror","floor":12.0},{"not_picked":["Koishi:Bloodlust","Koishi:Prune"],"picked":"Koishi:FidgetySnatcher","floor":14.0},{"not_picked":["Koishi:MentalBreakdown","Koishi:MindStellarRelief"],"picked":"Koishi:ImGoingToCallYouNow","floor":16.0},{"not_picked":["Koishi:Prune","Koishi:Possession","Koishi:ParalyzingFear"],"picked":"SKIP","floor":18.0},{"not_picked":["Koishi:BramblyRoseGarden","Koishi:SpiritedAway+1"],"picked":"Koishi:StingingMind+1","floor":29.0},{"not_picked":["Koishi:PhantomBarrier","Koishi:MassHysteria+1","Koishi:SprinkleStarAndHeart"],"picked":"SKIP","floor":30.0},{"not_picked":["Koishi:PhantomStrike","Koishi:EmbryosDream"],"picked":"Koishi:TerrifyingSpectre","floor":31.0},{"not_picked":["Koishi:Heartbroken","Koishi:SilentAndRestless"],"picked":"Koishi:RuptureMind","floor":33.0},{"not_picked":["Koishi:VengefulSpirit","Koishi:LastRemote","Koishi:PhilosophyOfTheDespised+1"],"picked":"SKIP","floor":35.0},{"not_picked":["Koishi:HeartfeltFancy","Koishi:GeneticsOfTheUnconscious"],"picked":"Koishi:JumpScare+1","floor":36.0},{"not_picked":["Koishi:ParalyzingFear+1","Koishi:SpiritedAway","Koishi:TraumaticStroke"],"picked":"SKIP","floor":37.0},{"not_picked":["Koishi:FidgetySnatcher+1","Koishi:FreudianInstinct+1","Koishi:EmbersOfLove"],"picked":"SKIP","floor":38.0},{"not_picked":["Koishi:MindNumbingTerror","Koishi:ParalyzingFear+1"],"picked":"Koishi:PredatoryInstincts+1","floor":40.0},{"not_picked":["Koishi:CatchAndRose+1","Koishi:UnconsciousUrges","Koishi:FourthEye"],"picked":"SKIP","floor":41.0},{"not_picked":["Koishi:UnconsciousUrges","Koishi:FourthEye"],"picked":"Koishi:CatchAndRose+1","floor":41.0},{"not_picked":["Koishi:FleetingPhantom+1","Koishi:Prune","Koishi:Ego"],"picked":"SKIP","floor":42.0},{"not_picked":["Koishi:Vanish","Koishi:Whimsy+1","Koishi:UnseenTerror+1"],"picked":"SKIP","floor":54}],"player_experience":750340,"relics_obtained":[{"floor":6.0,"key":"WingedGreaves"},{"floor":12.0,"key":"Mercury Hourglass"},{"floor":14.0,"key":"Ancient Tea Set"},{"floor":20.0,"key":"Bag of Marbles"},{"floor":26.0,"key":"MealTicket"},{"floor":28.0,"key":"Lantern"},{"floor":29.0,"key":"Regal Pillow"},{"floor":42.0,"key":"Kunai"},{"floor":43.0,"key":"Ice Cream"},{"floor":54,"key":"Pear"}],"event_choices":[],"is_beta":false,"boss_relics":[{"not_picked":["Busted Crown","Calling Bell"],"picked":"Philosopher\u0027s Stone"},{"not_picked":["Pandora\u0027s Box","Snecko Eye"],"picked":"Runic Pyramid"}],"items_purged_floors":[24],"is_endless":false,"potions_floor_spawned":[3,6,12,29,30,31,37,41],"ascension_level":3}}