{"host":"y080dcqw8fj32q7d","time":1613322187,"event":{"mods":["AchievementEnabler","BaseMod","Colored Map","Colored Powertips","DeckTracker","Minty Spire (QoL Compilation)","Relic Sorter"],"gold_per_floor":[119,119,69,244,6,37,37,52,98,98,116,116,146,160,160,262,262,275,275,126,126,76,102,3,18,42,42,0,26,26,39,39,142,142,161,181,192,207,60,60,92,42,42,76,76,76,76,89,89,89,89],"floor_reached":50,"language":"ENG","playtime":3872,"items_purged":["Regret","Defend_R","Strike_R+1","Defend_R"],"score":597,"play_id":"ff0b490a-84f7-47f6-a663-d4fe3b89951f","local_time":"20210214200307","is_ascension_mode":true,"campfire_choices":[{"data":"Enlightenment","floor":7.0,"key":"SMITH"},{"floor":15.0,"key":"REST"},{"floor":30.0,"key":"REST"},{"floor":32.0,"key":"REST"},{"floor":40.0,"key":"REST"},{"floor":45,"key":"RECALL"},{"floor":49,"key":"REST"}],"circlet_count":0,"master_deck":["Bash","Pommel Strike","Enlightenment+1","Pommel Strike","Clothesline+1","Anger","Feed","Anger+1","Shrug It Off","Infernal Blade","Flex","Pommel Strike+1","Double Tap","Inflame+1","Bludgeon","Flex+1","Twin Strike+1","True Grit","Shrug It Off","Flex","Shrug It Off","Writhe","True Grit"],"relics":["Burning Blood","NeowsBlessing","Red Skull","Smiling Mask","Kunai","SacredBark","Sundial","PreservedInsect","Centennial Puzzle","Empty Cage","Whetstone","Eternal Feather","Blood Vial"],"acts_visited":[],"potions_floor_usage":[44,44,44],"damage_taken":[{"damage":0.0,"enemies":"2 Louse","floor":1.0,"turns":1.0},{"damage":0.0,"enemies":"3 Sentries","floor":6.0,"turns":2.0},{"damage":0.0,"enemies":"Jaw Worm","floor":8.0,"turns":1.0},{"damage":7.0,"enemies":"Small Slimes","floor":11.0,"turns":4.0},{"damage":30.0,"enemies":"Lagavulin","floor":13.0,"turns":4.0},{"damage":18.0,"enemies":"Gremlin Gang","floor":14.0,"turns":5.0},{"damage":24.0,"enemies":"Slime Boss","floor":16.0,"turns":12.0},{"damage":21.0,"enemies":"Spheric Guardian","floor":18.0,"turns":4.0},{"damage":54.0,"enemies":"Slavers","floor":23.0,"turns":6.0},{"damage":10.0,"enemies":"Chosen","floor":25.0,"turns":2.0},{"damage":18.0,"enemies":"Book of Stabbing","floor":29.0,"turns":5.0},{"damage":35.0,"enemies":"Shelled Parasite and Fungi","floor":31.0,"turns":4.0},{"damage":52.0,"enemies":"Champ","floor":33.0,"turns":9.0},{"damage":20.0,"enemies":"3 Darklings","floor":35.0,"turns":5.0},{"damage":21.0,"enemies":"3 Shapes","floor":36.0,"turns":4.0},{"damage":38.0,"enemies":"Maw","floor":37.0,"turns":6.0},{"damage":23.0,"enemies":"Spire Growth","floor":38.0,"turns":3.0},{"damage":28,"enemies":"Nemesis","floor":41,"turns":5},{"damage":35,"enemies":"Reptomancer","floor":44,"turns":5},{"damage":50,"enemies":"3 Darklings","floor":48,"turns":6},{"damage":61,"enemies":"Time Eater","floor":50,"turns":4}],"seed_played":"-5475173524786252471","potions_obtained":[{"floor":6.0,"key":"FearPotion"},{"floor":8.0,"key":"AttackPotion"},{"floor":13.0,"key":"Block Potion"},{"floor":16.0,"key":"ElixirPotion"},{"floor":23.0,"key":"FearPotion"},{"floor":25.0,"key":"PowerPotion"},{"floor":29.0,"key":"Dexterity Potion"},{"floor":35.0,"key":"ElixirPotion"},{"floor":37.0,"key":"Strength Potion"},{"floor":41,"key":"Regen Potion"}],"is_trial":false,"path_per_floor":["M","?","?","?","$","E","R","M","T","?","M","?","E","M","R","B",null,"M","?","$","?","$","E","$","M","T","?","?","E","R","M","R","B",null,"M","M","M","M","$","R","E","$","T","E","R","?","?","M","R","B"],"character_chosen":"IRONCLAD","items_purchased":["Red Skull","Enlightenment","Anger","Shrug It Off","Flex","True Grit","Shrug It Off","Shrug It Off"],"campfire_rested":5,"item_purchase_floors":[5,5,20,20,24,39,39,42],"current_hp_per_floor":[80,64,64,64,64,70,70,76,76,76,75,75,51,39,63,45,80,68,68,68,68,68,23,23,19,19,47,47,35,60,34,60,14,89,75,63,31,14,14,41,19,19,19,24,36,59,59,17,56,0,0],"gold":89,"neow_bonus":"THREE_ENEMY_KILL","is_daily":false,"chose_seed":false,"campfire_upgraded":1,"win_rate":0.0,"timestamp":1613322187,"path_taken":["M","?","?","?","?","E","R","M","T","?","?","?","E","M","R","BOSS","M","?","$","?","?","E","$","M","T","?","?","E","R","M","R","BOSS","M","M","M","M","$","R","E","$","T","E","R","?","?","M","R","BOSS"],"items_purchased_type":["Relic","Card","Card","Card","Card","Card","Card","Card"],"build_version":"2020-12-22","purchased_purges":4,"victory":false,"max_hp_per_floor":[80,80,80,80,80,80,80,80,80,80,80,80,80,80,80,80,80,83,83,83,83,83,86,86,86,86,86,86,86,86,89,89,89,89,89,92,92,92,92,92,92,92,92,92,92,92,92,92,92,92,92],"card_choices":[{"not_picked":["Cleave","Rampage"],"picked":"Pommel Strike","floor":1.0},{"not_picked":["Bloodletting","Flame Barrier"],"picked":"Pommel Strike","floor":6.0},{"not_picked":["Heavy Blade","Hemokinesis"],"picked":"Clothesline","floor":8.0},{"not_picked":["Clash","Pommel Strike","True Grit"],"picked":"SKIP","floor":11.0},{"not_picked":["Burning Pact","Juggernaut","Sword Boomerang"],"picked":"SKIP","floor":13.0},{"not_picked":["Heavy Blade","Rupture"],"picked":"Anger","floor":14.0},{"not_picked":["Barricade","Limit Break"],"picked":"Feed","floor":16.0},{"not_picked":["Wild Strike+1","Pummel","Sword Boomerang"],"picked":"SKIP","floor":18.0},{"not_picked":["Pummel","Feel No Pain"],"picked":"Infernal Blade","floor":23.0},{"not_picked":["Feel No Pain+1","Rage"],"picked":"Pommel Strike","floor":25.0},{"not_picked":["True Grit","Dropkick"],"picked":"Double Tap","floor":29.0},{"not_picked":["Havoc","Body Slam"],"picked":"Inflame+1","floor":31.0},{"not_picked":["Corruption","Reaper"],"picked":"Bludgeon","floor":33.0},{"not_picked":["Dropkick","Bloodletting"],"picked":"Flex+1","floor":35.0},{"not_picked":["Thunderclap","Sword Boomerang+1","Combust+1"],"picked":"SKIP","floor":36.0},{"not_picked":["Clothesline+1","Armaments"],"picked":"Twin Strike+1","floor":37.0},{"not_picked":["Headbutt+1","Havoc+1","Clothesline+1"],"picked":"SKIP","floor":38.0},{"not_picked":["Second Wind+1","Burning Pact"],"picked":"Flex","floor":41},{"not_picked":["Brutality","Dark Embrace","Perfected Strike"],"picked":"SKIP","floor":44},{"not_picked":["Clash+1","Twin Strike"],"picked":"True Grit","floor":48}],"player_experience":298531,"relics_obtained":[{"floor":6.0,"key":"Smiling Mask"},{"floor":13.0,"key":"Kunai"},{"floor":23.0,"key":"Sundial"},{"floor":26.0,"key":"PreservedInsect"},{"floor":29.0,"key":"Centennial Puzzle"},{"floor":41,"key":"Whetstone"},{"floor":43,"key":"Eternal Feather"},{"floor":44,"key":"Blood Vial"}],"event_choices":[{"damage_healed":0.0,"max_hp_gain":0.0,"max_hp_loss":0.0,"gold_gain":0.0,"event_name":"Shining Light","player_choice":"Entered Light","floor":2.0,"gold_loss":0.0,"damage_taken":16.0,"cards_upgraded":["Strike_R","Strike_R"]},{"cards_removed":["Strike_R"],"damage_healed":0.0,"max_hp_gain":0.0,"max_hp_loss":0.0,"gold_gain":0.0,"event_name":"The Cleric","player_choice":"Card Removal","floor":3.0,"gold_loss":50.0,"damage_taken":0.0},{"damage_healed":0.0,"max_hp_gain":0.0,"max_hp_loss":0.0,"gold_gain":175.0,"event_name":"Liars Game","player_choice":"AGREE","floor":4.0,"gold_loss":0.0,"damage_taken":0.0,"cards_obtained":["Doubt"]},{"damage_healed":0.0,"max_hp_gain":0.0,"max_hp_loss":0.0,"gold_gain":0.0,"event_name":"Accursed Blacksmith","player_choice":"Forge","floor":10.0,"gold_loss":0.0,"damage_taken":0.0,"cards_upgraded":["Clothesline"]},{"cards_removed":["Strike_R"],"damage_healed":0.0,"max_hp_gain":0.0,"max_hp_loss":0.0,"gold_gain":0.0,"event_name":"Living Wall","player_choice":"Forget","floor":12.0,"gold_loss":0.0,"damage_taken":0.0},{"damage_healed":0.0,"max_hp_gain":0.0,"max_hp_loss":0.0,"gold_gain":0.0,"cards_transformed":["Doubt","Defend_R"],"event_name":"Drug Dealer","player_choice":"Became Test Subject","floor":19.0,"gold_loss":0.0,"damage_taken":0.0,"cards_obtained":["Regret","Berserk"]},{"cards_removed":["Strike_R"],"damage_healed":0.0,"max_hp_gain":0.0,"max_hp_loss":0.0,"gold_gain":0.0,"event_name":"Back to Basics","player_choice":"Elegance","floor":21.0,"gold_loss":0.0,"damage_taken":0.0},{"damage_healed":28.0,"max_hp_gain":0.0,"max_hp_loss":0.0,"gold_gain":0.0,"event_name":"The Library","player_choice":"Heal","floor":27.0,"gold_loss":0.0,"damage_taken":0.0},{"damage_healed":0.0,"max_hp_gain":0.0,"max_hp_loss":0.0,"gold_gain":0.0,"event_name":"Masked Bandits","player_choice":"Paid Fearfully","floor":28.0,"gold_loss":42.0,"damage_taken":0.0},{"damage_healed":23,"gold_gain":0,"player_choice":"Writhe","damage_taken":0,"max_hp_gain":0,"max_hp_loss":0,"event_name":"Winding Halls","floor":46,"gold_loss":0,"cards_obtained":["Writhe"]},{"cards_removed":["Berserk"],"damage_healed":0,"gold_gain":0,"player_choice":"Removed Power","damage_taken":0,"max_hp_gain":0,"max_hp_loss":0,"event_name":"Falling","floor":47,"gold_loss":0}],"is_beta":false,"boss_relics":[{"not_picked":["Coffee Dripper","Philosopher\u0027s Stone"],"picked":"SacredBark"},{"not_picked":["Astrolabe","Runic Cube"],"picked":"Empty Cage"}],"items_purged_floors":[20,22,24,39],"is_endless":false,"potions_floor_spawned":[6,8,13,16,23,25,29,35,37,41],"killed_by":"Time Eater","ascension_level":1}}