{"host":"avjwtc49fhlk6kym","time":1613271080,"event":{"mods":["AchievementEnabler","BaseMod","Better Match","Better Note","Better Third Choice","Colored Map","Colored Powertips","Displayed Cursed Tome","Highlight Path","Minty Spire (QoL Compilation)","Permanent Neow","Quick Restart","StSLib"],"gold_per_floor":[11,11,11,11,11,39,39,13,13,13,13],"floor_reached":10,"language":"ENG","playtime":337,"items_purged":[],"score":65,"play_id":"63ef23fa-2b52-448a-8614-67bc4fa0429c","local_time":"20210213215120","is_ascension_mode":true,"campfire_choices":[{"floor":7,"key":"REST"}],"circlet_count":0,"master_deck":["Strike_P","Strike_P","Strike_P","Strike_P","Defend_P","Defend_P","Defend_P","Defend_P","Eruption","Vigilance","MasterReality+1","PathToVictory","Seeing Red+1","FollowUp","ThirdEye"],"relics":["PureWater","Du-Vu Doll","Ornamental Fan","Prayer Wheel"],"acts_visited":["Exordium"],"potions_floor_usage":[6],"damage_taken":[{"damage":2.0,"enemies":"2 Louse","floor":1.0,"turns":3.0},{"damage":50,"enemies":"Gremlin Nob","floor":6,"turns":6},{"damage":41,"enemies":"3 Sentries","floor":10,"turns":14}],"seed_played":"-3081806280798465146","potions_obtained":[{"floor":1.0,"key":"SpeedPotion"}],"is_trial":false,"path_per_floor":["M","$","?","?","?","E","R","$","T","E"],"character_chosen":"WATCHER","items_purchased":["ThirdEye"],"campfire_rested":1,"item_purchase_floors":[8],"current_hp_per_floor":[70,70,70,43,67,17,38,38,38,0,0],"gold":13,"neow_bonus":"THREE_RARE_CARDS","is_daily":false,"chose_seed":false,"campfire_upgraded":0,"win_rate":0.0,"timestamp":1613271080,"path_taken":["M","$","?","?","?","E","R","?","T","E"],"items_purchased_type":["Card"],"build_version":"2020-12-22","purchased_purges":0,"victory":false,"max_hp_per_floor":[72,72,72,72,72,72,72,72,72,72,72],"card_choices":[{"not_picked":["Devotion","Wish"],"picked":"MasterReality","floor":0.0},{"not_picked":["Crescendo","FlurryOfBlows"],"picked":"PathToVictory","floor":1.0},{"not_picked":["TalkToTheHand","Sanctity"],"picked":"FollowUp","floor":6}],"player_experience":450722,"relics_obtained":[{"floor":6,"key":"Ornamental Fan"},{"floor":9,"key":"Prayer Wheel"}],"event_choices":[{"damage_healed":0.0,"max_hp_gain":0.0,"max_hp_loss":0.0,"gold_gain":0.0,"event_name":"Living Wall","player_choice":"Grow","floor":3.0,"gold_loss":0.0,"damage_taken":0.0,"cards_upgraded":["MasterReality"]},{"damage_healed":24.0,"max_hp_gain":0.0,"max_hp_loss":0.0,"gold_gain":0.0,"event_name":"Big Fish","player_choice":"Banana","floor":5.0,"gold_loss":0.0,"damage_taken":0.0}],"is_beta":false,"boss_relics":[],"items_purged_floors":[],"is_endless":false,"potions_floor_spawned":[1],"killed_by":"3 Sentries","ascension_level":1}}