{"host":"oqv3vxnsjitmn8w8","time":1613308101,"event":{"mods":["BaseMod","DeckTracker","Minty Spire (QoL Compilation)","StSLib","The Gatherer"],"gold_per_floor":[115,134,134,62,62,91,91,110,110,129,129,74,99,123,123,252,315,330,346,34,34,34,34],"floor_reached":21,"language":"KOR","playtime":788,"items_purged":[],"score":206,"play_id":"d3f909ea-213c-4737-a5ba-4734a9a581ae","local_time":"20210214220821","is_ascension_mode":false,"metric_token":349,"campfire_choices":[{"data":"Gatherer:FlowerWhip","floor":7,"key":"SMITH"},{"floor":15,"key":"REST"}],"circlet_count":0,"master_deck":["Gatherer:Strike_Gatherer","Gatherer:Strike_Gatherer","Gatherer:Strike_Gatherer+1","Gatherer:Strike_Gatherer","Gatherer:Strike_Gatherer","Gatherer:Defend_Gatherer","Gatherer:Defend_Gatherer","Gatherer:Defend_Gatherer","Gatherer:Defend_Gatherer","Gatherer:Defend_Gatherer","Gatherer:Centralize","Gatherer:FlowerWhip+1","Gatherer:DrugPower","Gatherer:BalancedGrowth+1","Gatherer:Misfortune","Gatherer:Enchant","Gatherer:BlackTea","Gatherer:QuickSynthesis","Gatherer:BalancedGrowth","Gatherer:WitheringStrike","Gatherer:ColorfulGarden","Gatherer:QuickSynthesis","Gatherer:RecoveryHerb","Gatherer:BambuSword"],"relics":["Gatherer:AlchemyBag","NeowsBlessing","The Courier","Peace Pipe","Golden Idol","Tiny House","Tiny Chest","Eternal Feather"],"acts_visited":["Exordium","TheCity"],"potions_floor_usage":[16,16,16],"damage_taken":[{"damage":0,"enemies":"Jaw Worm","floor":1,"turns":1},{"damage":0,"enemies":"Small Slimes","floor":2,"turns":1},{"damage":0,"enemies":"Gremlin Nob","floor":6,"turns":1},{"damage":0,"enemies":"2 Louse","floor":8,"turns":1},{"damage":14,"enemies":"Blue Slaver","floor":10,"turns":3},{"damage":3,"enemies":"Exordium Wildlife","floor":13,"turns":4},{"damage":9,"enemies":"Large Slime","floor":14,"turns":5},{"damage":24,"enemies":"Hexaghost","floor":16,"turns":6},{"damage":2,"enemies":"Chosen","floor":18,"turns":6},{"damage":24,"enemies":"Shell Parasite","floor":19,"turns":6},{"damage":66,"enemies":"Centurion and Healer","floor":21,"turns":7}],"seed_played":"4665959327801963103","potions_obtained":[{"floor":6,"key":"Block Potion"},{"floor":10,"key":"Dexterity Potion"},{"floor":14,"key":"PowerPotion"},{"floor":17,"key":"EntropicBrew"}],"is_trial":false,"path_per_floor":["M","M","?","$","?","E","R","M","T","M","?","$","M","M","R","B",null,"M","M","$","M"],"character_chosen":"THE_GATHERER","items_purchased":["Gatherer:Misfortune","Gatherer:BalancedGrowth","Tiny Chest","Eternal Feather"],"campfire_rested":1,"item_purchase_floors":[4,12,20,20],"current_hp_per_floor":[72,72,77,77,77,77,77,77,77,63,44,44,41,32,55,31,82,80,58,58,0,0,0],"gold":34,"neow_bonus":"THREE_ENEMY_KILL","is_daily":false,"chose_seed":false,"campfire_upgraded":1,"win_rate":0.0,"timestamp":1613308101,"path_taken":["M","M","?","$","?","E","R","M","T","M","?","?","?","M","R","BOSS","M","M","$","M"],"items_purchased_type":["Card","Card","Relic","Relic"],"build_version":"2020-12-22","purchased_purges":0,"victory":false,"max_hp_per_floor":[72,72,77,77,77,77,77,77,77,77,77,77,77,77,77,77,82,82,82,82,82,82,82],"card_choices":[{"not_picked":["Gatherer:SaveValuables","Gatherer:Frenzy"],"picked":"Gatherer:DrugPower","floor":1},{"not_picked":["Gatherer:PotentialSlash","Gatherer:Uplift"],"picked":"Gatherer:BalancedGrowth","floor":2},{"not_picked":["Gatherer:FlowerShield","Gatherer:SaveValuables"],"picked":"Gatherer:Enchant","floor":6},{"not_picked":["Gatherer:CarefulStrike","Gatherer:ScherryThrow"],"picked":"Gatherer:BlackTea","floor":8},{"not_picked":["Gatherer:AromaProtection","Gatherer:BambuSword"],"picked":"Gatherer:QuickSynthesis","floor":10},{"not_picked":["Gatherer:FlowerPower","Gatherer:TacticalStrike","Gatherer:DrugPower"],"picked":"SKIP","floor":13},{"not_picked":["Gatherer:TacticalStrike","Gatherer:BambuSword"],"picked":"Gatherer:WitheringStrike","floor":14},{"not_picked":["Gatherer:ScrollOfPurity","Gatherer:Overflowing"],"picked":"Gatherer:ColorfulGarden","floor":16},{"not_picked":["Gatherer:Snatch","Gatherer:BambuSword"],"picked":"Gatherer:QuickSynthesis","floor":17},{"not_picked":["Gatherer:CollectorsShot+1","Gatherer:EchoOfNature"],"picked":"Gatherer:RecoveryHerb","floor":18},{"not_picked":["Gatherer:RecoveryHerb","Gatherer:RottenStipe+1"],"picked":"Gatherer:BambuSword","floor":19}],"player_experience":95293,"relics_obtained":[{"floor":6,"key":"The Courier"},{"floor":9,"key":"Peace Pipe"}],"event_choices":[{"damage_healed":0,"gold_gain":0,"player_choice":"Donut","damage_taken":0,"max_hp_gain":5,"max_hp_loss":0,"event_name":"Big Fish","floor":3,"gold_loss":0},{"damage_healed":0,"gold_gain":0,"player_choice":"Grow","damage_taken":0,"max_hp_gain":0,"max_hp_loss":0,"event_name":"Living Wall","floor":5,"gold_loss":0,"cards_upgraded":["Gatherer:BalancedGrowth"]},{"damage_healed":0,"gold_gain":0,"player_choice":"Take Damage","damage_taken":19,"relics_obtained":["Golden Idol"],"max_hp_gain":0,"max_hp_loss":0,"event_name":"Golden Idol","floor":11,"gold_loss":0}],"is_beta":false,"boss_relics":[{"not_picked":["Philosopher\u0027s Stone","Coffee Dripper"],"picked":"Tiny House"}],"items_purged_floors":[],"is_endless":false,"potions_floor_spawned":[6,10,14],"killed_by":"Centurion and Healer","ascension_level":0}}