{"host":"hpn0uxah5qjr7pa6","time":1613289954,"event":{"mods":["2.2 Compatiblity","Act Like it!","Aspiration","BaseMod","Better Third Choice","BetterRewards","Challenge The Spire","Colored Powertips","Conspire","DeckTracker","Downfall","Energized Spire","Hallownest","Hermit","Highlight Path","Hubris","Infinite Spire","Minty Spire (QoL Compilation)","Permanent Neow","Quick Restart","Rare Cards Sparkle","Replay The Spire","Spicy Shops","StSLib","The Bug Knight","The Jungle"],"gold_per_floor":[116,129,148,162,173,173,173,183,7,7,7,17,17,30,30,133,133,152,168,188,38,56,56,56,56],"floor_reached":23,"language":"ENG","playtime":951,"items_purged":["bronze:Goto"],"score":299,"play_id":"4a72e4ae-75db-4553-9b4e-ea9d788cba9e","local_time":"20210214000554","is_ascension_mode":true,"campfire_choices":[{"floor":6.0,"key":"REST"},{"floor":15.0,"key":"REST"}],"circlet_count":0,"master_deck":["bronze:Strike","bronze:Strike","bronze:Strike","bronze:Strike","bronze:Defend","bronze:Defend","bronze:Defend","bronze:Defend","bronze:Replicate","bronze:OilSpill","bronze:Branch","bronze:DigitalCarnage","bronze:Repair","bronze:Repair","bronze:WhirlingStrike","bronze:BronzeOrb"],"relics":["bronze:BronzeCore","infinitespire:Eraser","conspire:SlowCooker"],"acts_visited":["Exordium","TheCity"],"potions_floor_usage":[22],"damage_taken":[{"damage":1.0,"enemies":"Cultist","floor":1.0,"turns":4.0},{"damage":5.0,"enemies":"conspire:RoseBush","floor":2.0,"turns":4.0},{"damage":1.0,"enemies":"2 Louse","floor":3.0,"turns":3.0},{"damage":9.0,"enemies":"Lots of Slimes","floor":4.0,"turns":2.0},{"damage":3.0,"enemies":"Blue Slaver","floor":5.0,"turns":4.0},{"damage":3.0,"enemies":"Exordium Wildlife","floor":8.0,"turns":3.0},{"damage":5.0,"enemies":"downfall:FleeingMerchant","floor":9.0,"turns":4.0},{"damage":2.0,"enemies":"2 Fungi Beasts","floor":12.0,"turns":3.0},{"damage":1.0,"enemies":"Large Slime","floor":14.0,"turns":6.0},{"damage":16.0,"enemies":"IC_STATUS_ARCHETYPE","floor":16.0,"turns":10.0},{"damage":14.0,"enemies":"3 Byrds","floor":18.0,"turns":6.0},{"damage":33.0,"enemies":"conspire:HollyBat","floor":19.0,"turns":9.0},{"damage":47.0,"enemies":"Sentry and Sphere","floor":20.0,"turns":9.0},{"damage":87,"enemies":"Centurion and Healer","floor":22,"turns":8},{"damage":5,"enemies":"downfall:FleeingMerchant","floor":23,"turns":2}],"seed_played":"-4827713617140774011","potions_obtained":[{"floor":0.0,"key":"LiquidBronze"},{"floor":0.0,"key":"bronze:BurnAndBuffPotion"},{"floor":0.0,"key":"Toxic Potion"},{"floor":2.0,"key":"DistilledChaos"},{"floor":5.0,"key":"Block Potion"},{"floor":8.0,"key":"PowerPotion"},{"floor":14.0,"key":"bronze:BurnAndBuffPotion"},{"floor":16.0,"key":"BlessingOfTheForge"},{"floor":19.0,"key":"Swift Potion"},{"floor":22,"key":"Death Potion"}],"is_trial":false,"path_per_floor":["M","M","M","M","M","R","T","M","$","?","?","M","?","M","R","B",null,"M","M","M","?","M","$"],"character_chosen":"THE_AUTOMATON","items_purchased":["bronze:DigitalCarnage"],"campfire_rested":2,"item_purchase_floors":[9],"current_hp_per_floor":[62,57,56,47,44,65,65,62,57,57,57,55,60,66,75,67,73,69,42,9,85,4,0,0,0],"gold":56,"neow_bonus":"THREE_SMALL_POTIONS","is_daily":false,"chose_seed":false,"campfire_upgraded":0,"win_rate":0.0,"timestamp":1613289954,"path_taken":["M","M","M","M","M","R","T","M","$","?","?","M","?","M","R","BOSS","M","M","M","?","?","$"],"items_purchased_type":["Card"],"build_version":"2020-12-22","purchased_purges":1,"victory":false,"max_hp_per_floor":[70,70,70,70,70,70,70,70,70,70,70,70,75,75,75,75,75,75,75,75,85,85,85,85,85],"card_choices":[{"not_picked":["bronze:BuggyMess","bronze:Philosophize","bronze:MaxOutput"],"picked":"SKIP","floor":1.0},{"not_picked":["bronze:Branch","bronze:FollowUp"],"picked":"bronze:OilSpill","floor":2.0},{"not_picked":["bronze:CloningBeam","bronze:BuggyMess","bronze:DelayedGuard"],"picked":"SKIP","floor":3.0},{"not_picked":["bronze:ForceShield","bronze:MaxOutput","bronze:CloningBeam"],"picked":"SKIP","floor":4.0},{"not_picked":["bronze:Shield","bronze:Philosophize","bronze:Turbo"],"picked":"SKIP","floor":5.0},{"not_picked":["bronze:Separator","bronze:Shell","bronze:Constructor"],"picked":"SKIP","floor":8.0},{"not_picked":["bronze:BugBarrage","bronze:Turbo"],"picked":"bronze:Branch","floor":9.0},{"not_picked":["bronze:HyperBeam","bronze:NullPointer"],"picked":"bronze:Repair","floor":12.0},{"not_picked":["bronze:Frontload","bronze:WhirlingStrike"],"picked":"bronze:Repair","floor":14.0},{"not_picked":["bronze:MaxOutput","bronze:ClassDefault","bronze:Deprecate"],"picked":"SKIP","floor":18.0},{"not_picked":["bronze:Separator","bronze:CloningBeam"],"picked":"bronze:WhirlingStrike","floor":19.0},{"not_picked":["bronze:Invalidate","bronze:DelayedGuard"],"picked":"bronze:BronzeOrb","floor":20.0},{"not_picked":["bronze:Frontload+1","bronze:Safeguard","bronze:Invalidate"],"picked":"SKIP","floor":22}],"player_experience":243316,"relics_obtained":[{"floor":7.0,"key":"infinitespire:Eraser"}],"event_choices":[{"damage_healed":0.0,"max_hp_gain":0.0,"max_hp_loss":0.0,"gold_gain":0.0,"event_name":"conspire:Investor","player_choice":"Leave","floor":10.0,"gold_loss":0.0,"damage_taken":0.0},{"damage_healed":0.0,"max_hp_gain":5.0,"max_hp_loss":0.0,"gold_gain":0.0,"event_name":"Big Fish","player_choice":"Donut","floor":13.0,"gold_loss":0.0,"damage_taken":0.0}],"is_beta":false,"boss_relics":[{"not_picked":["Replay:Bronze Core","aspiration:SilentSkillbook"],"picked":"conspire:SlowCooker"}],"items_purged_floors":[9],"is_endless":false,"potions_floor_spawned":[2,5,8,14,16,19,22],"killed_by":"downfall:FleeingMerchant","ascension_level":9}}