{"host":"24j0rle15g8q9bc9","time":1613269435,"event":{"mods":["2.2 Compatiblity","Act Like it!","Bartender","BaseMod","Better Note","Colored Map","Colored Powertips","DeckTracker","Downfall","Elementarium","Hallownest","Hubris","Jorbs\u0027s Wanderer Trilogy","Minty Spire (QoL Compilation)","Rare Cards Sparkle","Remilia??????","StSLib","The Bug Knight","The Death Knight","The Necromancer","Treasure Hunter"],"gold_per_floor":[99,117,132,132,132,148,217,117,134,34,53,53,78,90,102,202,202,102,119,136,49,34,34,34,34,34,34],"floor_reached":25,"language":"ENG","playtime":1667,"items_purged":[],"score":228,"play_id":"317dcc84-3a6e-47d2-97bc-9b5983453c35","local_time":"20210213222355","is_ascension_mode":false,"campfire_choices":[{"data":"Slimebound:OozeBath","floor":1,"key":"SMITH"},{"floor":8,"key":"RECALL"},{"data":"Slimebound:Split","floor":10,"key":"SMITH"},{"data":"Slimebound:DouseInSlime","floor":18,"key":"SMITH"}],"circlet_count":0,"master_deck":["Slimebound:Strike_Slimebound","Slimebound:Strike_Slimebound","Slimebound:Strike_Slimebound","Slimebound:Tackle","Slimebound:Defend_Slimebound","Slimebound:Defend_Slimebound","Slimebound:Defend_Slimebound","Slimebound:Split+1","Slimebound:CorrosiveSpit","Slimebound:OozeBath+1","Slimebound:FinishingTackle","Slimebound:SlimeTap","Slimebound:SplitMire+1","Slimebound:Schlurp","Slimebound:MassRepurpose+1","Shame","Slimebound:SplitMire","Slimebound:Gluttony","Slimebound:DouseInSlime+1","Slimebound:Overexert+1","Slimebound:Repurpose","Slimebound:LevelUp+1","Writhe"],"relics":["Slimebound:AbsorbEndCombat","downfall:HeartBlessingBlue","downfall:HeartBlessingRed","Bag of Marbles","hubris:ScarierMask","downfall:HeartBlessingGreen","White Beast Statue"],"acts_visited":["Exordium","TheCity"],"potions_floor_usage":[13,15,16,16,20],"damage_taken":[{"damage":3,"enemies":"Cultist","floor":2,"turns":3},{"damage":3,"enemies":"Jaw Worm","floor":3,"turns":4},{"damage":5,"enemies":"2 Louse","floor":6,"turns":2},{"damage":23,"enemies":"Exordium Wildlife","floor":9,"turns":4},{"damage":0,"enemies":"2 Fungi Beasts","floor":11,"turns":3},{"damage":14,"enemies":"3 Sentries","floor":13,"turns":6},{"damage":14,"enemies":"Lots of Slimes","floor":14,"turns":3},{"damage":16,"enemies":"Exordium Thugs","floor":15,"turns":4},{"damage":9,"enemies":"WA_ARCHETYPE_RETAIN","floor":16,"turns":4},{"damage":10,"enemies":"Chosen","floor":19,"turns":3},{"damage":3,"enemies":"3 Byrds","floor":20,"turns":4},{"damage":11,"enemies":"downfall:FleeingMerchant","floor":21,"turns":4},{"damage":21,"enemies":"downfall:FleeingMerchant","floor":22,"turns":4},{"damage":62,"enemies":"Gremlin Leader","floor":25,"turns":5}],"seed_played":"-907794640565164441","potions_obtained":[{"floor":6,"key":"SteroidPotion"},{"floor":9,"key":"FearPotion"},{"floor":11,"key":"Regen Potion"},{"floor":15,"key":"Fruit Juice"},{"floor":19,"key":"SkillPotion"}],"is_trial":false,"path_per_floor":["R","M","M","$","?","M","T","R","M","R","M","?","E","M","M","B",null,"R","M","M","$","$","?","T","E"],"character_chosen":"SLIMEBOUND","items_purchased":["Slimebound:Repurpose"],"campfire_rested":0,"item_purchase_floors":[21],"current_hp_per_floor":[65,65,65,65,65,62,62,72,55,55,59,59,53,39,32,43,80,80,74,75,70,53,53,53,0,0,0],"gold":34,"neow_bonus":"ONE_RANDOM_RARE_CARD","is_daily":false,"chose_seed":false,"campfire_upgraded":3,"win_rate":0.0,"timestamp":1613269435,"path_taken":["R","M","M","?","?","M","T","R","M","R","?","?","E","M","M","BOSS","R","M","M","?","$","?","T","E"],"items_purchased_type":["Card"],"build_version":"2020-12-22","purchased_purges":0,"victory":false,"max_hp_per_floor":[65,65,65,65,65,65,65,75,75,75,75,75,75,75,80,80,80,80,80,80,80,80,80,80,80,80,80],"card_choices":[{"not_picked":["Slimebound:SplitBruiser","Slimebound:Prepare"],"picked":"Slimebound:FinishingTackle","floor":2},{"not_picked":["Slimebound:FlameTackle","Slimebound:LivingWall"],"picked":"Slimebound:SlimeTap","floor":3},{"not_picked":["Slimebound:SpikyOuterGoop","Slimebound:HauntingLick"],"picked":"Slimebound:SplitMire","floor":6},{"not_picked":["TH:Mimic","TH:TreasureMap"],"picked":"SKIP","floor":7},{"not_picked":["Slimebound:ProtectTheBoss","Slimebound:FinishingTackle"],"picked":"Slimebound:Schlurp","floor":9},{"not_picked":["Slimebound:RollThrough","Slimebound:Equalize"],"picked":"Slimebound:MassRepurpose","floor":11},{"not_picked":["Slimebound:Prepare","Slimebound:HauntingLick"],"picked":"Slimebound:SplitMire","floor":13},{"not_picked":["TH:ElvenBoots","TH:BikiniMail"],"picked":"SKIP","floor":13},{"not_picked":["Slimebound:SplitBruiser","Slimebound:SlimeBarrage"],"picked":"Slimebound:Gluttony","floor":14},{"not_picked":["Slimebound:GoopTackle","Slimebound:DivideAndConquer","Slimebound:FlameTackle"],"picked":"SKIP","floor":15},{"not_picked":["Slimebound:MinionMaster","Slimebound:MassRepurpose"],"picked":"Slimebound:DouseInSlime","floor":16},{"not_picked":["Slimebound:GoopTackle","Slimebound:ItLooksTasty","Slimebound:Gluttony+1"],"picked":"SKIP","floor":19},{"not_picked":["Slimebound:ProtectTheBoss+1","Slimebound:Replication","Slimebound:LeechingTouch"],"picked":"SKIP","floor":20},{"not_picked":["Slimebound:DivideAndConquer","Slimebound:Dissolve"],"picked":"Slimebound:Overexert","floor":21},{"not_picked":["Slimebound:LeechEnergy","Slimebound:SlimeTap+1"],"picked":"Slimebound:LevelUp","floor":22},{"not_picked":["TH:PixieDust","TH:ElvenBoots"],"picked":"SKIP","floor":24}],"player_experience":47952,"relics_obtained":[{"floor":13,"key":"Bag of Marbles"},{"floor":24,"key":"White Beast Statue"}],"event_choices":[],"is_beta":false,"boss_relics":[{"not_picked":["hubris:Stopwatch","Slimebound:TarBlob"],"picked":"hubris:ScarierMask"}],"items_purged_floors":[],"is_endless":false,"potions_floor_spawned":[6,9,11,15,19],"killed_by":"Gremlin Leader","ascension_level":0}}