{"host":"a1eatafr7pisesky","time":1613302468,"event":{"mods":["AchievementEnabler","BaseMod","Colored Map","Keyboard Shortcuts","Minty Spire (QoL Compilation)","Say the Spire","StSLib","SuperFastMode","everything is the same but u backflip on backflip"],"gold_per_floor":[113,113,113,128,138,166,176,205,205,223,223,240,254,273,273,347,347,366,340,340,340,340,340,369,369,392,408,37,37,54,71,71,142,142,152,65,65,77,77,77,111,111,111,125,125,140,140,34,34,34,34],"floor_reached":50,"language":"KOR","playtime":1181,"items_purged":["Strike_R"],"score":1008,"play_id":"6e5a0be3-8b94-4b23-bb45-e42373ccf427","local_time":"20210214203428","is_ascension_mode":true,"campfire_choices":[{"floor":11.0,"key":"REST"},{"data":"1","floor":15.0,"key":"LIFT"},{"data":"2","floor":23.0,"key":"LIFT"},{"floor":25.0,"key":"REST"},{"data":"3","floor":32.0,"key":"LIFT"},{"data":"Battle Trance","floor":40.0,"key":"SMITH"},{"floor":42.0,"key":"REST"},{"data":"Rage","floor":47.0,"key":"SMITH"},{"data":"Shockwave","floor":49.0,"key":"SMITH"}],"circlet_count":0,"master_deck":["AscendersBane","Strike_R","Defend_R","Defend_R","Defend_R","Defend_R","Bash","Whirlwind","Iron Wave","Wild Strike","Rampage","Warcry","Shockwave+1","Spot Weakness","Thunderclap","Sword Boomerang","Reaper","Battle Trance+1","Sword Boomerang+1","Dropkick","Headbutt","Warcry+1","Double Tap","Inflame","Second Wind+1","Rage+1","Dropkick"],"relics":["Burning Blood","Pear","Girya","Kunai","SacredBark","MutagenicStrength","Bottled Flame","Orichalcum","Lee\u0027s Waffle","Mark of Pain","MealTicket","Self Forming Clay","Bottled Tornado"],"acts_visited":["Exordium","TheCity","TheBeyond"],"potions_floor_usage":[50,50],"damage_taken":[{"damage":26.0,"enemies":"Jaw Worm","floor":1.0,"turns":5.0},{"damage":1.0,"enemies":"Cultist","floor":4.0,"turns":3.0},{"damage":5.0,"enemies":"Small Slimes","floor":5.0,"turns":3.0},{"damage":30.0,"enemies":"3 Sentries","floor":6.0,"turns":6.0},{"damage":10.0,"enemies":"3 Louse","floor":7.0,"turns":2.0},{"damage":51.0,"enemies":"Gremlin Nob","floor":8.0,"turns":5.0},{"damage":7.0,"enemies":"Large Slime","floor":10.0,"turns":5.0},{"damage":8.0,"enemies":"2 Fungi Beasts","floor":12.0,"turns":3.0},{"damage":14.0,"enemies":"Blue Slaver","floor":13.0,"turns":4.0},{"damage":1.0,"enemies":"Exordium Thugs","floor":14.0,"turns":4.0},{"damage":46.0,"enemies":"Hexaghost","floor":16.0,"turns":8.0},{"damage":39.0,"enemies":"Chosen","floor":18.0,"turns":6.0},{"damage":19.0,"enemies":"2 Thieves","floor":19.0,"turns":4.0},{"damage":51.0,"enemies":"Gremlin Leader","floor":24.0,"turns":6.0},{"damage":21.0,"enemies":"Centurion and Healer","floor":27.0,"turns":5.0},{"damage":8.0,"enemies":"3 Cultists","floor":30.0,"turns":4.0},{"damage":18.0,"enemies":"Snecko","floor":31.0,"turns":5.0},{"damage":78.0,"enemies":"Champ","floor":33.0,"turns":9.0},{"damage":5.0,"enemies":"3 Shapes","floor":35.0,"turns":3.0},{"damage":15.0,"enemies":"Orb Walker","floor":38.0,"turns":3.0},{"damage":78.0,"enemies":"Giant Head","floor":41.0,"turns":7.0},{"damage":10.0,"enemies":"Maw","floor":44.0,"turns":6.0},{"damage":0.0,"enemies":"4 Shapes","floor":46.0,"turns":1.0},{"damage":99,"enemies":"Time Eater","floor":50,"turns":10}],"seed_played":"7463723710697104023","potions_obtained":[{"floor":4.0,"key":"BloodPotion"},{"floor":8.0,"key":"Swift Potion"},{"floor":12.0,"key":"BloodPotion"},{"floor":14.0,"key":"BlessingOfTheForge"},{"floor":16.0,"key":"BloodPotion"},{"floor":33.0,"key":"ColorlessPotion"},{"floor":35.0,"key":"Energy Potion"},{"floor":38.0,"key":"GamblersBrew"}],"is_trial":false,"path_per_floor":["M","?","?","M","M","E","M","E","T","M","R","M","M","M","R","B",null,"M","M","?","?","?","R","E","R","T","M","$","?","M","M","R","B",null,"M","$","?","M","?","R","E","R","T","M","?","M","R","$","R","B"],"character_chosen":"IRONCLAD","items_purchased":["Lee\u0027s Waffle","DuplicationPotion","SteroidPotion","Inflame","Weak Potion","AttackPotion"],"campfire_rested":3,"item_purchase_floors":[28,28,28,36,48,48],"current_hp_per_floor":[48,48,53,58,59,45,41,14,14,13,40,38,30,53,53,13,71,38,68,68,68,68,68,23,50,50,35,97,97,95,83,83,33,81,97,97,97,88,88,88,16,45,45,41,41,97,97,97,97,0,0],"gold":34,"neow_bonus":"TRANSFORM_TWO_CARDS","is_daily":false,"chose_seed":false,"campfire_upgraded":3,"win_rate":0.0,"timestamp":1613302468,"path_taken":["M","?","?","M","?","E","M","E","T","M","R","M","?","M","R","BOSS","M","M","?","?","?","R","E","R","T","M","$","?","M","M","R","BOSS","M","$","?","?","?","R","E","R","T","M","?","?","R","$","R","BOSS"],"items_purchased_type":["Relic","Potion","Potion","Card","Potion","Potion"],"build_version":"2020-12-22","purchased_purges":1,"victory":false,"max_hp_per_floor":[75,75,80,80,80,90,90,90,90,90,90,90,90,90,90,90,90,90,90,90,90,90,90,90,90,90,90,97,97,97,97,97,97,97,97,97,97,97,97,97,97,97,97,97,97,97,97,97,97,97,97],"card_choices":[{"not_picked":["Hemokinesis","Pommel Strike"],"picked":"Wild Strike","floor":1.0},{"not_picked":["Warcry","Shrug It Off"],"picked":"Rampage","floor":4.0},{"not_picked":["Metallicize","Heavy Blade"],"picked":"Warcry","floor":5.0},{"not_picked":["Heavy Blade","Rupture"],"picked":"Shockwave","floor":6.0},{"not_picked":["Twin Strike","Whirlwind"],"picked":"Spot Weakness","floor":7.0},{"not_picked":["Combust","Cleave","Clothesline"],"picked":"SKIP","floor":8.0},{"not_picked":["Heavy Blade","Armaments"],"picked":"Thunderclap","floor":10.0},{"not_picked":["Entrench","Warcry","Clothesline"],"picked":"SKIP","floor":12.0},{"not_picked":["Dual Wield","Iron Wave"],"picked":"Flex","floor":13.0},{"not_picked":["Shockwave","Iron Wave"],"picked":"Sword Boomerang","floor":14.0},{"not_picked":["Feed","Fiend Fire"],"picked":"Reaper","floor":16.0},{"not_picked":["Shockwave+1","Reckless Charge"],"picked":"Battle Trance","floor":18.0},{"not_picked":["Clash","Infernal Blade+1"],"picked":"Sword Boomerang+1","floor":19.0},{"not_picked":["Thunderclap","Wild Strike"],"picked":"Dropkick","floor":24.0},{"not_picked":["Anger","Dark Embrace","Body Slam"],"picked":"SKIP","floor":27.0},{"not_picked":["Shockwave","Combust"],"picked":"Headbutt","floor":30.0},{"not_picked":["True Grit","Intimidate"],"picked":"Warcry+1","floor":31.0},{"not_picked":["Berserk","Reaper"],"picked":"Double Tap","floor":33.0},{"not_picked":["Sword Boomerang","Flex","Warcry"],"picked":"SKIP","floor":35.0},{"not_picked":["Carnage","Rampage+1"],"picked":"Second Wind+1","floor":38.0},{"not_picked":["Clash+1","Feel No Pain"],"picked":"Rage","floor":41.0},{"not_picked":["Warcry","Dual Wield","Hemokinesis"],"picked":"SKIP","floor":44.0},{"not_picked":["Clash","Headbutt"],"picked":"Dropkick","floor":46.0}],"player_experience":451017,"relics_obtained":[{"floor":6.0,"key":"Pear"},{"floor":8.0,"key":"Girya"},{"floor":9.0,"key":"Kunai"},{"floor":24.0,"key":"Bottled Flame"},{"floor":26.0,"key":"Orichalcum"},{"floor":41.0,"key":"Self Forming Clay"},{"floor":43.0,"key":"Bottled Tornado"}],"event_choices":[{"cards_removed":["Doubt"],"damage_healed":0.0,"max_hp_gain":0.0,"max_hp_loss":0.0,"gold_gain":0.0,"event_name":"Living Wall","player_choice":"Forget","floor":2.0,"gold_loss":0.0,"damage_taken":0.0},{"damage_healed":0.0,"max_hp_gain":5.0,"max_hp_loss":0.0,"gold_gain":0.0,"event_name":"Big Fish","player_choice":"Donut","floor":3.0,"gold_loss":0.0,"damage_taken":0.0},{"damage_healed":0.0,"max_hp_gain":0.0,"max_hp_loss":0.0,"gold_gain":0.0,"event_name":"Drug Dealer","player_choice":"Inject Mutagens","floor":20.0,"gold_loss":0.0,"damage_taken":0.0,"relics_obtained":["MutagenicStrength"]},{"damage_healed":0.0,"max_hp_gain":0.0,"max_hp_loss":0.0,"gold_gain":0.0,"event_name":"The Library","player_choice":"Read","floor":21.0,"gold_loss":0.0,"damage_taken":0.0,"cards_obtained":["Feel No Pain"]},{"damage_healed":0.0,"max_hp_gain":0.0,"max_hp_loss":0.0,"gold_gain":0.0,"event_name":"The Mausoleum","player_choice":"Ignored","floor":22.0,"gold_loss":0.0,"damage_taken":0.0},{"cards_removed":["Strike_R"],"damage_healed":0.0,"max_hp_gain":0.0,"max_hp_loss":0.0,"gold_gain":0.0,"event_name":"Back to Basics","player_choice":"Elegance","floor":29.0,"gold_loss":0.0,"damage_taken":0.0},{"cards_removed":["Feel No Pain"],"damage_healed":0.0,"max_hp_gain":0.0,"max_hp_loss":0.0,"gold_gain":0.0,"event_name":"WeMeetAgain","player_choice":"Gave Card","floor":37.0,"gold_loss":0.0,"damage_taken":0.0,"relics_obtained":["MealTicket"]},{"cards_removed":["Flex"],"damage_healed":0.0,"max_hp_gain":0.0,"max_hp_loss":0.0,"gold_gain":0.0,"event_name":"Falling","player_choice":"Removed Skill","floor":39.0,"gold_loss":0.0,"damage_taken":0.0},{"damage_healed":0.0,"max_hp_gain":0.0,"max_hp_loss":0.0,"gold_gain":0.0,"event_name":"SecretPortal","player_choice":"Ignored","floor":45.0,"gold_loss":0.0,"damage_taken":0.0}],"is_beta":false,"boss_relics":[{"not_picked":["Empty Cage","Black Blood"],"picked":"SacredBark"},{"not_picked":["Sozu","Black Star"],"picked":"Mark of Pain"}],"items_purged_floors":[28],"is_endless":false,"potions_floor_spawned":[4,8,12,14,16,30,33,35,38],"killed_by":"Time Eater","ascension_level":19}}