{"host":"8dytqszkx6ijebks","time":1613285847,"event":{"mods":["AchievementEnabler","BaseMod","Colored Map","DeckTracker","Keyboard Shortcuts","Minty Spire (QoL Compilation)","Permanent Neow","SuperFastMode","everything is the same but u backflip on backflip"],"gold_per_floor":[109,109,109,109,120,120,136,148,148,168,168,188,203,218,218,344,344,368,368,293,263,282,282,317,317,344,359,359,76,76,93,93,198,198,213,213,213,226,126,126,155,155,204,204,223,242,275,275,275,275,275,275,119,154,154,154],"floor_reached":55,"language":"KOR","playtime":1987,"items_purged":["Strike_B","Defend_B"],"score":799,"play_id":"a1400950-effd-46df-9018-91367ecd2cec","local_time":"20210214155727","is_ascension_mode":true,"campfire_choices":[{"floor":6,"key":"REST"},{"floor":15,"key":"REST"},{"floor":23,"key":"REST"},{"data":"Machine Learning","floor":25,"key":"SMITH"},{"floor":28,"key":"REST"},{"data":"Go for the Eyes","floor":32,"key":"SMITH"},{"data":"Reprogram","floor":40,"key":"SMITH"},{"data":"Secret Weapon","floor":42,"key":"SMITH"},{"floor":44,"key":"RECALL"},{"data":"Impatience","floor":49,"key":"SMITH"},{"data":"Finesse","floor":52,"key":"SMITH"}],"circlet_count":0,"master_deck":["Strike_B","Strike_B","Strike_B","Defend_B","Defend_B+1","Defend_B","Beam Cell+1","Chill","Gash","Rebound","Go for the Eyes+1","Machine Learning+1","Gash","Gash","Gash","Go for the Eyes","Finesse+1","Secret Weapon+1","Impatience+1","Reprogram+1","Echo Form","Go for the Eyes+1"],"relics":["Cracked Core","Unceasing Top","Shuriken","Question Card","Bloody Idol","Empty Cage","Happy Flower","Potion Belt","Nunchaku","Philosopher\u0027s Stone","Bottled Flame","MealTicket","Centennial Puzzle","Bag of Preparation","Anchor"],"acts_visited":["Exordium","TheCity","TheBeyond","TheEnding"],"potions_floor_usage":[12,12,16,16,18,22,33,50,50,55],"damage_taken":[{"damage":0,"enemies":"Small Slimes","floor":1,"turns":3},{"damage":6,"enemies":"Jaw Worm","floor":5,"turns":3},{"damage":0,"enemies":"2 Louse","floor":7,"turns":2},{"damage":3,"enemies":"Exordium Wildlife","floor":8,"turns":3},{"damage":9,"enemies":"2 Fungi Beasts","floor":10,"turns":3},{"damage":3,"enemies":"Lots of Slimes","floor":12,"turns":4},{"damage":5,"enemies":"Looter","floor":13,"turns":3},{"damage":0,"enemies":"Large Slime","floor":14,"turns":5},{"damage":9,"enemies":"Hexaghost","floor":16,"turns":7},{"damage":15,"enemies":"2 Thieves","floor":18,"turns":4},{"damage":20,"enemies":"Chosen","floor":22,"turns":5},{"damage":0,"enemies":"Gremlin Leader","floor":24,"turns":6},{"damage":21,"enemies":"Snake Plant","floor":27,"turns":5},{"damage":2,"enemies":"3 Cultists","floor":31,"turns":4},{"damage":9,"enemies":"Collector","floor":33,"turns":4},{"damage":1,"enemies":"Orb Walker","floor":35,"turns":2},{"damage":0,"enemies":"3 Darklings","floor":38,"turns":3},{"damage":4,"enemies":"Nemesis","floor":41,"turns":3},{"damage":0,"enemies":"Transient","floor":45,"turns":5},{"damage":0,"enemies":"Jaw Worm Horde","floor":46,"turns":3},{"damage":0,"enemies":"Reptomancer","floor":47,"turns":4},{"damage":40,"enemies":"Awakened One","floor":50,"turns":6},{"damage":53,"enemies":"Shield and Spear","floor":54,"turns":4},{"damage":53,"enemies":"The Heart","floor":55,"turns":2}],"seed_played":"8663556487745656066","potions_obtained":[{"floor":1,"key":"SpeedPotion"},{"floor":10,"key":"DuplicationPotion"},{"floor":12,"key":"Energy Potion"},{"floor":13,"key":"Weak Potion"},{"floor":14,"key":"Energy Potion"},{"floor":16,"key":"Strength Potion"},{"floor":21,"key":"SmokeBomb"},{"floor":21,"key":"Strength Potion"},{"floor":22,"key":"Fruit Juice"},{"floor":31,"key":"Block Potion"},{"floor":41,"key":"Explosive Potion"},{"floor":45,"key":"SteroidPotion"},{"floor":54,"key":"FearPotion"}],"is_trial":false,"path_per_floor":["M","?","?","?","M","R","M","M","T","M","?","M","M","M","R","B",null,"M","?","?","?","M","R","E","R","T","M","R","$","?","M","R","B",null,"M","?","?","M","$","R","E","R","T","R","M","M","E","?","R","B",null,"R","$","E","B"],"character_chosen":"DEFECT","items_purchased":["Nunchaku","Go for the Eyes","Bag of Preparation"],"campfire_rested":4,"item_purchase_floors":[29,29,53],"current_hp_per_floor":[75,75,60,8,2,24,24,21,21,12,12,9,4,4,24,15,69,54,54,54,54,39,61,61,61,61,40,62,62,62,65,65,61,74,74,64,64,69,69,69,70,70,74,74,74,74,74,74,74,34,74,74,74,26,0,0],"gold":154,"neow_bonus":"ONE_RARE_RELIC","is_daily":false,"chose_seed":false,"campfire_upgraded":6,"win_rate":0.0,"timestamp":1613285847,"path_taken":["M","?","?","?","M","R","M","M","T","M","?","M","M","?","R","BOSS","M","?","?","?","?","R","E","R","T","M","R","$","?","M","R","BOSS","M","?","?","M","$","R","E","R","T","R","M","M","E","?","R","BOSS","R","$","E","BOSS"],"items_purchased_type":["Relic","Card","Relic"],"build_version":"2020-12-22","purchased_purges":2,"victory":false,"max_hp_per_floor":[75,75,75,75,75,75,75,75,75,75,69,69,69,69,69,69,69,69,69,69,69,74,74,74,74,74,74,74,74,74,74,74,74,74,74,74,74,74,74,74,74,74,74,74,74,74,74,74,74,74,74,74,74,74,74,74],"card_choices":[{"not_picked":["Chill","Turbo"],"picked":"Beam Cell","floor":1},{"not_picked":["Heatsinks","Glacier","Skim"],"picked":"SKIP","floor":5},{"not_picked":["Capacitor","Conserve Battery","Melter"],"picked":"SKIP","floor":7},{"not_picked":["Leap","Ball Lightning","Turbo"],"picked":"SKIP","floor":8},{"not_picked":["White Noise","Blizzard","Redo"],"picked":"Chill","floor":10},{"not_picked":["Core Surge","Self Repair","Compile Driver"],"picked":"Gash","floor":12},{"not_picked":["Fusion","Conserve Battery","Leap"],"picked":"Rebound","floor":13},{"not_picked":["Fusion","Redo","Auto Shields"],"picked":"Go for the Eyes","floor":14},{"not_picked":["Biased Cognition","Core Surge","Hyperbeam"],"picked":"Machine Learning","floor":16},{"not_picked":["Recycle","Capacitor","Loop"],"picked":"Gash","floor":18},{"not_picked":["Beam Cell","Compile Driver","Steam"],"picked":"Gash","floor":22},{"not_picked":["Redo","Core Surge","Glacier","Sweeping Beam"],"picked":"SKIP","floor":24},{"not_picked":["Rip and Tear+1","Leap","Coolheaded"],"picked":"Gash","floor":27},{"not_picked":["Rebound","Steam Power","Genetic Algorithm","Consume"],"picked":"SKIP","floor":31},{"not_picked":["Skim","Genetic Algorithm+1","Compile Driver+1","Coolheaded+1"],"picked":"SKIP","floor":35},{"not_picked":["Enlightenment","Forethought","Discovery"],"picked":"Finesse","floor":36},{"not_picked":["Jack Of All Trades","Trip","Dark Shackles"],"picked":"Secret Weapon","floor":36},{"not_picked":["Dramatic Entrance","Trip","Magnetism"],"picked":"Impatience","floor":36},{"not_picked":["Leap","Turbo+1","Steam+1"],"picked":"Reprogram","floor":38},{"not_picked":["Biased Cognition","Streamline+1","Compile Driver+1"],"picked":"Echo Form","floor":41},{"not_picked":["Heatsinks+1","Compile Driver+1","Stack","White Noise"],"picked":"SKIP","floor":45},{"not_picked":["Leap+1","Reinforced Body","Turbo+1"],"picked":"Go for the Eyes+1","floor":46},{"not_picked":["Recycle+1","Conserve Battery","Heatsinks+1","Turbo+1"],"picked":"SKIP","floor":47},{"not_picked":["Conserve Battery","Hello World+1","Self Repair+1","Coolheaded"],"picked":"SKIP","floor":54}],"player_experience":260989,"relics_obtained":[{"floor":9,"key":"Question Card"},{"floor":24,"key":"Happy Flower"},{"floor":26,"key":"Potion Belt"},{"floor":41,"key":"Bottled Flame"},{"floor":47,"key":"MealTicket"},{"floor":54,"key":"Anchor"}],"event_choices":[{"damage_healed":0,"gold_gain":0,"player_choice":"Ignored","damage_taken":0,"max_hp_gain":0,"max_hp_loss":0,"event_name":"Liars Game","floor":2,"gold_loss":0},{"damage_healed":0,"gold_gain":0,"player_choice":"Entered Light","damage_taken":15,"max_hp_gain":0,"max_hp_loss":0,"event_name":"Shining Light","floor":3,"gold_loss":0,"cards_upgraded":["Beam Cell","Defend_B"]},{"damage_healed":0,"gold_gain":0,"player_choice":"Success","damage_taken":52,"relics_obtained":["Shuriken"],"max_hp_gain":0,"max_hp_loss":0,"event_name":"Scrap Ooze","floor":4,"gold_loss":0},{"damage_healed":0,"gold_gain":0,"player_choice":"Lose Max HP","damage_taken":0,"relics_obtained":["Golden Idol"],"max_hp_gain":0,"max_hp_loss":6,"event_name":"Golden Idol","floor":11,"gold_loss":0},{"damage_healed":0,"gold_gain":0,"player_choice":"Ignored","damage_taken":0,"max_hp_gain":0,"max_hp_loss":0,"event_name":"Ghosts","floor":19,"gold_loss":0},{"cards_removed":["Zap"],"damage_healed":0,"gold_gain":0,"player_choice":"Gave Gold","damage_taken":0,"max_hp_gain":0,"max_hp_loss":0,"event_name":"Beggar","floor":20,"gold_loss":75},{"damage_healed":0,"gold_gain":0,"player_choice":"Bought 2 Potions","damage_taken":0,"max_hp_gain":0,"max_hp_loss":0,"event_name":"The Woman in Blue","floor":21,"gold_loss":0},{"damage_healed":0,"gold_gain":0,"player_choice":"Gave Idol","damage_taken":0,"relics_obtained":["Bloody Idol"],"max_hp_gain":0,"max_hp_loss":0,"event_name":"Forgotten Altar","floor":30,"relics_lost":["Golden Idol"],"gold_loss":0},{"damage_healed":0,"gold_gain":0,"player_choice":"Memory 3","damage_taken":10,"max_hp_gain":0,"max_hp_loss":0,"event_name":"SensoryStone","floor":36,"gold_loss":0},{"damage_healed":0,"gold_gain":0,"player_choice":"Ignored","damage_taken":0,"max_hp_gain":0,"max_hp_loss":0,"event_name":"Tomb of Lord Red Mask","floor":37,"gold_loss":0},{"damage_healed":0,"gold_gain":0,"player_choice":"Gave Potion","damage_taken":0,"relics_obtained":["Centennial Puzzle"],"max_hp_gain":0,"max_hp_loss":0,"event_name":"WeMeetAgain","floor":48,"gold_loss":0}],"is_beta":false,"boss_relics":[{"not_picked":["Inserter","SlaversCollar"],"picked":"Empty Cage"},{"not_picked":["Sozu","Pandora\u0027s Box"],"picked":"Philosopher\u0027s Stone"}],"items_purged_floors":[29,39],"is_endless":false,"potions_floor_spawned":[1,10,12,13,14,16,22,31,41,45,54],"killed_by":"The Heart","ascension_level":1}}