{"host":"faxec7zdkweurczj","time":1613297726,"event":{"mods":["Ascension Reborn","BaseMod","Colored Powertips","Conspire","Highlight Path","Minty Spire (QoL Compilation)","Replay The Spire","Shop Mod","StSLib","TestMod","[IsaacMod]以撒尖塔","篝火指南"],"gold_per_floor":[121,145,50,74,93,130,130,146,146,146,206,218,260,13,13,137,137,153,169,649,322,322,322,356,356,356,202,202,202,221,262,278,297,297,423,423,435,447,460,484,500,896,896,938,938,432,452,486,486,400,400,400,400,438,47,79,79],"floor_reached":58,"language":"ZHS","playtime":1858,"items_purged":["Strike_R+1","Rupture+1","ReplayTheSpireMod:Stacked+1","ReplayTheSpireMod:Stacked+1"],"score":475,"play_id":"126ef7d8-9fa1-47e9-a23a-c9536f73bad0","local_time":"20210214181526","is_ascension_mode":true,"campfire_choices":[{"data":"Cleave","floor":7,"key":"SMITH"},{"data":"Cleave","floor":10,"key":"SMITH"},{"data":"Inflame","floor":15,"key":"SMITH"},{"data":"Heavy Blade","floor":23,"key":"SMITH"},{"floor":34,"key":"RECALL"},{"data":"Limit Break","floor":43,"key":"SMITH"},{"data":"Entrench","floor":49,"key":"SMITH"},{"data":"Demon Form","floor":51,"key":"SMITH"}],"circlet_count":0,"master_deck":["Defend_R+1","Defend_R+2","Defend_R+2","Bash+1","Cleave+1","Thunderclap+1","Metallicize","Cleave+1","Body Slam+1","Heavy Blade+1","Inflame+1","Berserk","Metallicize","Demon Form+1","Entrench+1","Limit Break+1","Metallicize+1","Metallicize+1","Inflame","Metallicize"],"relics":["Burning Blood","testmod-TestBox","HushsDoor","testmod-TimeTraveler","DeathBook","testmod-DragonStarHat","conspire:Dentures","Replay:Accelerometer","Lantern","Pet Ghost","Singing Bowl","testmod-Déjàvu","SatanicBible","DeadEye","Ornamental Fan","ReplayTheSpireMod:Shallot","The Courier","conspire:Boomerang","Omamori","Counterbalance","Simple Rune","HandDrill","MerchantsRug","ReplayTheSpireMod:Ninjato","Bronze Scales","Vajra","AnarchistCookbook"],"acts_visited":["Exordium","TheCity","TheBeyond","TheEnding"],"potions_floor_usage":[37,38,57,57,57,57,57,57],"damage_taken":[{"damage":2,"enemies":"conspire:RoseBush","floor":1,"turns":1},{"damage":0,"enemies":"Jaw Worm","floor":2,"turns":1},{"damage":0,"enemies":"Cultist","floor":4,"turns":1},{"damage":0,"enemies":"Gremlin Gang","floor":5,"turns":3},{"damage":7,"enemies":"Replay:BlueRogue","floor":6,"turns":3},{"damage":1,"enemies":"Exordium Thugs","floor":8,"turns":3},{"damage":9,"enemies":"Hiden Room Battle","floor":11,"turns":2},{"damage":0,"enemies":"Large Slime","floor":12,"turns":1},{"damage":0,"enemies":"Gremlin Nob","floor":13,"turns":2},{"damage":48,"enemies":"Hexaghost","floor":16,"turns":3},{"damage":0,"enemies":"Spheric Guardian","floor":18,"turns":3},{"damage":0,"enemies":"Chosen","floor":19,"turns":2},{"damage":0,"enemies":"Replay:Snechameleon","floor":24,"turns":3},{"damage":0,"enemies":"Snake Plant","floor":30,"turns":2},{"damage":0,"enemies":"Slavers","floor":31,"turns":2},{"damage":0,"enemies":"conspire:HollyBat","floor":32,"turns":4},{"damage":0,"enemies":"Shelled Parasite and Fungi","floor":33,"turns":2},{"damage":0,"enemies":"conspire:MysteriousRune","floor":35,"turns":5},{"damage":1,"enemies":"Orb Walker","floor":37,"turns":2},{"damage":0,"enemies":"3 Darklings","floor":38,"turns":3},{"damage":0,"enemies":"Transient","floor":39,"turns":5},{"damage":0,"enemies":"Jaw Worm Horde","floor":40,"turns":3},{"damage":0,"enemies":"Sphere and 2 Shapes","floor":41,"turns":3},{"damage":0,"enemies":"R_Hoarder","floor":42,"turns":4},{"damage":0,"enemies":"Reptomancer","floor":44,"turns":2},{"damage":0,"enemies":"Maw","floor":47,"turns":4},{"damage":0,"enemies":"Nemesis","floor":48,"turns":3},{"damage":21,"enemies":"Replay:Hell Engine","floor":52,"turns":6},{"damage":0,"enemies":"Shield and Spear","floor":56,"turns":3},{"damage":0,"enemies":"Delirium","floor":57,"turns":14}],"seed_played":"5298686254222285210","potions_obtained":[{"floor":1,"key":"LiquidBronze"},{"floor":8,"key":"Block Potion"},{"floor":37,"key":"testmod-SpacePotion"},{"floor":37,"key":"Dexterity Potion"},{"floor":38,"key":"Fruit Juice"},{"floor":40,"key":"DuplicationPotion"}],"is_trial":false,"path_per_floor":["M","M","$","M","M","E","R","M","T","R","?","M","E","$","R","B",null,"M","M","?","$","?","R","E","?","T","$","PTL","PTL","M","E","M","M","R","B",null,"M","M","M","M","M","E","R","E","T","$","M","E","R","$","R","B",null,"R","$","E","B",null],"character_chosen":"IRONCLAD","items_purchased":["Dexterity Potion","Singing Bowl","Inflame","SatanicBible","Ornamental Fan","EssenceOfSteel","Metallicize","Demon Form","Entrench","Counterbalance","Bottled Flame","Simple Rune","Whetstone","HandDrill","MerchantsRug","Inflame","Metallicize","ReplayTheSpireMod:Ninjato","Bronze Scales","Vajra","Energy Potion","LiquidBronze","testmod-TestPotion","BloodPotion","Languid Potion","FearPotion","DuplicationPotion"],"campfire_rested":0,"item_purchase_floors":[3,14,14,17,21,21,27,36,36,46,46,46,50,54,54,54,54,55,55,55,55,55,55,55,55,55,55],"current_hp_per_floor":[85,85,85,85,85,85,85,85,85,85,84,85,85,85,85,52,75,77,79,79,79,79,79,81,81,81,81,81,81,83,85,87,89,89,96,90,92,99,101,103,105,105,105,105,105,105,105,107,107,107,107,101,112,112,112,114,119],"gold":79,"neow_bonus":"THREE_ENEMY_KILL","is_daily":false,"chose_seed":false,"campfire_upgraded":7,"win_rate":0.0,"timestamp":1613297726,"path_taken":["M","M","$","?","M","E","R","M","T","R","?","M","E","$","R","BOSS","M","?","?","$","?","R","E","?","T","$","PTL","PTL","M","E","M","?","R","BOSS","M","?","M","?","M","E","R","E","T","$","M","E","R","?","R","BOSS","R","$","E","BOSS"],"items_purchased_type":["Potion","Relic","Card","Relic","Relic","Potion","Card","Card","Card","Relic","Relic","Relic","Relic","Relic","Relic","Card","Card","Relic","Relic","Relic","Potion","Potion","Potion","Potion","Potion","Potion","Potion"],"build_version":"2020-12-22","purchased_purges":4,"victory":true,"max_hp_per_floor":[85,85,85,85,85,85,85,85,85,85,85,85,85,85,85,90,75,77,79,79,79,79,79,81,81,81,81,81,81,83,85,87,89,89,96,90,92,99,101,103,105,105,105,105,105,105,105,107,107,107,107,112,112,112,112,114,119],"card_choices":[{"not_picked":[],"picked":"Bomb","floor":0},{"not_picked":["conspire:ExplosiveBarrier","True Grit+1","Clothesline+1"],"picked":"SKIP","floor":1},{"not_picked":["Defy Death+1","Searing Blow"],"picked":"Cleave","floor":2},{"not_picked":["Replay:Many Hands","Warcry+1","Havoc"],"picked":"SKIP","floor":4},{"not_picked":["Abandon","Body Slam"],"picked":"Thunderclap+1","floor":5},{"not_picked":["Replay:Undeath\u0027s Touch","ReplayReversal"],"picked":"Metallicize","floor":6},{"not_picked":["Ghostly Armor+1","Warcry"],"picked":"Cleave","floor":6},{"not_picked":["Infernal Blade+1","Life Link","Sword Boomerang+1"],"picked":"SKIP","floor":8},{"not_picked":["Flex","Dual Wield"],"picked":"Body Slam+1","floor":11},{"not_picked":["Clothesline","ReplayTheSpireMod:Strike From Hell"],"picked":"Heavy Blade","floor":12},{"not_picked":["ReplayTheSpireMod:Strike From Hell","Replay:Undeath\u0027s Touch","Iron Wave"],"picked":"SKIP","floor":13},{"not_picked":["Reaper","Headbutt+1","Wild Strike+1"],"picked":"SKIP","floor":13},{"not_picked":["Feed","Demonic Infusion"],"picked":"Berserk","floor":16},{"not_picked":["Wild Strike","Dropkick","ReplayTheSpireMod:Strike From Hell+1"],"picked":"Singing Bowl","floor":18},{"not_picked":["True Grit+1","Flex","conspire:Charge"],"picked":"Singing Bowl","floor":19},{"not_picked":["conspire:Charge","Hemogenesis","Warcry"],"picked":"Singing Bowl","floor":24},{"not_picked":["Dropkick+1","Anger+1","ReplayTheSpireMod:Strike From Hell"],"picked":"Singing Bowl","floor":30},{"not_picked":["Heavy Blade","Blood for Blood","Pommel Strike+1"],"picked":"Singing Bowl","floor":31},{"not_picked":["Havoc+1","Life Link","Eclipse"],"picked":"Singing Bowl","floor":32},{"not_picked":["Iron Wave+1","Rampage","ReplayTheSpireMod:Strike From Hell"],"picked":"Singing Bowl","floor":33},{"not_picked":["Juggernaut","Fiend Fire","Berserk"],"picked":"Singing Bowl","floor":35},{"not_picked":["Armaments+1","Perfected Strike","Pommel Strike+1"],"picked":"Singing Bowl","floor":37},{"not_picked":["Twin Strike","Thunderclap+1","Rampage+1"],"picked":"Singing Bowl","floor":38},{"not_picked":["Evolve+1","Immolate","Thunderclap+1"],"picked":"Singing Bowl","floor":39},{"not_picked":["Wild Strike","Pommel Strike+1","Rampage+1"],"picked":"Singing Bowl","floor":40},{"not_picked":["Bludgeon","Clash+1","ReplayTheSpireMod:Muscle Training+1"],"picked":"Singing Bowl","floor":41},{"not_picked":["Headbutt+1","Armaments+1"],"picked":"Limit Break","floor":42},{"not_picked":["Headbutt+1","Combust+1"],"picked":"Metallicize+1","floor":44},{"not_picked":["True Grit+1","ReplayTheSpireMod:Stacked+1"],"picked":"Metallicize+1","floor":47},{"not_picked":["Perfected Strike+1","conspire:Charge","Massacre"],"picked":"Singing Bowl","floor":48},{"not_picked":["Dropkick+1","Twin Strike+1","Massacre"],"picked":"Singing Bowl","floor":56}],"player_experience":1245368,"relics_obtained":[{"floor":4,"key":"Shovel"},{"floor":6,"key":"testmod-DragonStarHat"},{"floor":9,"key":"conspire:Dentures"},{"floor":11,"key":"Replay:Accelerometer"},{"floor":11,"key":"Lantern"},{"floor":13,"key":"Pet Ghost"},{"floor":16,"key":"testmod-Déjàvu"},{"floor":19,"key":"DeadEye"},{"floor":24,"key":"War Paint"},{"floor":26,"key":"Meat on the Bone"},{"floor":26,"key":"ReplayTheSpireMod:Shallot"},{"floor":31,"key":"Orichalcum"},{"floor":33,"key":"The Courier"},{"floor":35,"key":"conspire:Boomerang"},{"floor":42,"key":"Old Coin"},{"floor":44,"key":"Smiling Mask"},{"floor":45,"key":"D6"},{"floor":45,"key":"Omamori"},{"floor":48,"key":"Potion Belt"},{"floor":56,"key":"AnarchistCookbook"}],"event_choices":[{"damage_healed":0,"gold_gain":0,"player_choice":"Fight","damage_taken":0,"max_hp_gain":0,"max_hp_loss":0,"event_name":"HidenRoomEvent","floor":11,"gold_loss":0},{"damage_healed":0,"gold_gain":400,"player_choice":"Sell","damage_taken":0,"max_hp_gain":0,"max_hp_loss":0,"event_name":"恩洛斯的盘子","floor":20,"relics_lost":["NeowsBlessing"],"gold_loss":0},{"damage_healed":0,"gold_gain":0,"player_choice":"Ignored","damage_taken":0,"max_hp_gain":0,"max_hp_loss":0,"event_name":"Ghosts","floor":22,"gold_loss":0},{"damage_healed":0,"gold_gain":0,"player_choice":"Leave","damage_taken":0,"max_hp_gain":0,"max_hp_loss":0,"event_name":"conspire:Investor","floor":25,"gold_loss":0}],"is_beta":false,"boss_relics":[{"not_picked":["testmod-IncinerationGenerator","Calling Bell"],"picked":"Astrolabe"},{"not_picked":[]},{"not_picked":["Philosopher\u0027s Stone","Snecko Eye"],"picked":"Empty Cage"},{"not_picked":[]}],"items_purged_floors":[3,17,21,27],"is_endless":false,"potions_floor_spawned":[5,12,19,24,30,33,37,38,40,42,44,48],"ascension_level":-20}}