{"host":"fkig9nrckec4xsh0","time":1613264761,"event":{"mods":["Act Like it!","BaseMod","Colored Map","Gensokyo","Hermit","Marisa????????","Minty Spire (QoL Compilation)","Quick Restart","Replay The Spire","StSLib","The Cursed","The Necromancer","The Servant 0.9.4"],"gold_per_floor":[112,112,130,142,142,167,177,209,209,241,241,118,131,146,146,146,146],"floor_reached":16,"language":"ENG","playtime":675,"items_purged":["Defend_W"],"score":131,"play_id":"b3649be4-7292-48e0-acac-c2929b38a1f5","local_time":"20210213200601","is_ascension_mode":true,"campfire_choices":[{"data":"Bone_Shift","floor":11,"key":"SMITH"},{"data":"Blood_Curse","floor":15,"key":"SMITH"}],"circlet_count":0,"master_deck":["Strike_W","Strike_W","Strike_W","Strike_W","Defend_W","Defend_W","Defend_W","Negative_Energy_Arrows","Death_March_Dance","Bone_Prison","Summon_Undead_Army","Scare","Bone_Shift+1","Acid_Javelin","Detonate_Bones","Negative_Energy_Sphere","Blood_Whip","Blood_Curse+1"],"relics":["Vampire_Amulet","Gensokyo:Justice","Gensokyo:OccultBall","PreservedInsect","Pondfish Scales","Replay:Baseball","Replay:Accelerometer"],"acts_visited":["Exordium"],"potions_floor_usage":[13],"damage_taken":[{"damage":4,"enemies":"Gensokyo:Gryphon","floor":1,"turns":5},{"damage":6,"enemies":"Gensokyo:Python","floor":3,"turns":3},{"damage":0,"enemies":"Gensokyo:2_Kodama","floor":4,"turns":2},{"damage":20,"enemies":"Gensokyo:Mamizou","floor":6,"turns":7},{"damage":1,"enemies":"Gensokyo:5_Fairies","floor":7,"turns":4},{"damage":2,"enemies":"Gensokyo:Aya","floor":8,"turns":5},{"damage":7,"enemies":"Gensokyo:Mamizou","floor":10,"turns":5},{"damage":0,"enemies":"Gensokyo:Kitsune","floor":13,"turns":1},{"damage":2,"enemies":"Gensokyo:VengefulSpirit","floor":14,"turns":2},{"damage":31,"enemies":"Gensokyo:Yukari","floor":16,"turns":9}],"seed_played":"4683783558159335975","potions_obtained":[{"floor":3,"key":"SpeedPotion"},{"floor":7,"key":"BlessingOfTheForge"},{"floor":8,"key":"Ancient Potion"}],"is_trial":false,"path_per_floor":["M","?","M","M","?","E","M","E","T","E","R","$","M","M","R","B"],"character_chosen":"NECROMANCER","items_purchased":["Negative_Energy_Sphere"],"campfire_rested":0,"item_purchase_floors":[12],"current_hp_per_floor":[52,52,48,52,52,34,33,33,33,28,28,28,30,30,30,0,0],"gold":146,"neow_bonus":"RANDOM_COLORLESS_2","is_daily":false,"chose_seed":false,"campfire_upgraded":2,"win_rate":0.0,"timestamp":1613264761,"path_taken":["M","?","M","M","?","E","M","E","T","E","R","?","?","M","R","BOSS"],"items_purchased_type":["Card"],"build_version":"2020-12-22","purchased_purges":1,"victory":false,"max_hp_per_floor":[75,75,75,75,75,75,75,75,75,75,75,75,75,75,75,75,75],"card_choices":[{"not_picked":["Chrysalis","Poisoned Strike"],"picked":"Secret Weapon","floor":0},{"not_picked":["Uncharnel","Bone_Shift"],"picked":"Death_March_Dance","floor":1},{"not_picked":["Blood_Curse","Deaths_Shadow"],"picked":"Bone_Prison","floor":3},{"not_picked":["Life_Drain","Shackles_Of_Pain"],"picked":"Summon_Undead_Army","floor":4},{"not_picked":["Toxic_Smoke_Screen","Siphon_Strength"],"picked":"Scare","floor":6},{"not_picked":["Bones_to_Steel","Bone_Armory"],"picked":"Bone_Shift","floor":7},{"not_picked":["Flesh_Made_Foul","Epidemic"],"picked":"Acid_Javelin","floor":8},{"not_picked":["Spectral_Walk","Shade_Step"],"picked":"Detonate_Bones","floor":10},{"not_picked":["Shackles_Of_Pain","Spectral_Walk"],"picked":"Blood_Whip","floor":13},{"not_picked":["Finger_Of_Death","Negative_Energy_Sphere"],"picked":"Blood_Curse","floor":14}],"player_experience":453722,"relics_obtained":[{"floor":6,"key":"PreservedInsect"},{"floor":8,"key":"Pondfish Scales"},{"floor":9,"key":"Replay:Baseball"},{"floor":10,"key":"Gensokyo:OccultBall"},{"floor":10,"key":"Replay:Accelerometer"}],"event_choices":[],"is_beta":false,"boss_relics":[],"items_purged_floors":[12],"is_endless":false,"potions_floor_spawned":[3,7,8,10],"killed_by":"Gensokyo:Yukari","ascension_level":2}}