{"host":"kh6fvhxn285ncg0o","time":1613346003,"event":{"mods":["Act Like it!","BaseMod","Colored Map","Friendly Minions","Keyboard Shortcuts","Minty Spire (QoL Compilation)","Quick Restart","Relic Stats","StSLib","SuperFastMode","UnlockEverythingMod"],"gold_per_floor":[114,73,148,148,168,195,195,229,229,229,244,244,244,287,287,383,383,401,326,251,234,234,234,234,234],"floor_reached":24,"language":"KOR","playtime":404,"items_purged":["Strike_R"],"score":520,"play_id":"2caf7b2c-0b87-4f63-8204-0cfa5f1f4008","local_time":"20210215084003","is_ascension_mode":true,"campfire_choices":[{"data":"Armaments","floor":7.0,"key":"SMITH"},{"floor":13.0,"key":"REST"},{"data":"Evolve","floor":15.0,"key":"SMITH"},{"data":"Body Slam","floor":23,"key":"SMITH"}],"circlet_count":0,"master_deck":["AscendersBane","Strike_R","Strike_R+1","Strike_R","Defend_R","Defend_R+1","Defend_R","Defend_R","Bash","Second Wind","Evolve+1","Body Slam+1","Armaments+1","Impervious"],"relics":["Burning Blood","NeowsBlessing","Lantern","Toy Ornithopter","Gremlin Horn","Bloody Idol","Orichalcum","Mark of Pain"],"acts_visited":["Exordium","TheCity"],"potions_floor_usage":[18,24,24],"damage_taken":[{"damage":0.0,"enemies":"Cultist","floor":1.0,"turns":1.0},{"damage":0.0,"enemies":"Jaw Worm","floor":5.0,"turns":1.0},{"damage":0.0,"enemies":"Gremlin Nob","floor":6.0,"turns":1.0},{"damage":45.0,"enemies":"Lagavulin","floor":8.0,"turns":6.0},{"damage":3.0,"enemies":"Small Slimes","floor":11.0,"turns":4.0},{"damage":0.0,"enemies":"Gremlin Nob","floor":14.0,"turns":3.0},{"damage":42,"enemies":"Slime Boss","floor":16,"turns":11},{"damage":0,"enemies":"Chosen","floor":18,"turns":6},{"damage":12,"enemies":"2 Thieves","floor":21,"turns":4},{"damage":90,"enemies":"Slavers","floor":24,"turns":5}],"seed_played":"4935560426043372563","potions_obtained":[{"floor":5.0,"key":"Fire Potion"},{"floor":8.0,"key":"ElixirPotion"},{"floor":11.0,"key":"LiquidMemories"},{"floor":16,"key":"LiquidBronze"},{"floor":18,"key":"BloodPotion"}],"is_trial":false,"path_per_floor":["M","$","?","?","M","E","R","E","T","?","M","?","R","E","R","B",null,"M","?","$","M","?","R","E"],"character_chosen":"IRONCLAD","items_purchased":["Evolve"],"campfire_rested":1,"item_purchase_floors":[2],"current_hp_per_floor":[74,74,63,40,46,52,52,13,13,13,16,16,36,47,47,11,54,65,65,65,59,59,59,0,0],"gold":234,"neow_bonus":"THREE_ENEMY_KILL","is_daily":false,"chose_seed":false,"campfire_upgraded":3,"win_rate":0.0,"timestamp":1613346003,"path_taken":["M","$","?","?","M","E","R","E","T","?","?","?","R","E","R","BOSS","M","?","$","M","?","R","E"],"items_purchased_type":["Card"],"build_version":"2020-12-22","purchased_purges":1,"victory":false,"max_hp_per_floor":[75,75,75,75,75,75,75,75,75,75,75,68,68,68,68,68,68,68,68,68,68,68,68,68,68],"relic_stats":{"Gremlin Horn":[6,6],"counters":[10,42],"Bloody Idol":0,"Orichalcum":[36],"obtain_stats":[{"Lantern":6,"NeowsBlessing":0,"Gremlin Horn":9,"Golden Idol":12,"Bloody Idol":22,"Mark of Pain":17,"Orichalcum":14,"Burning Blood":0,"Toy Ornithopter":8},{"Lantern":3,"NeowsBlessing":0,"Gremlin Horn":4,"Golden Idol":5,"Bloody Idol":9,"Mark of Pain":7,"Orichalcum":6,"Burning Blood":0,"Toy Ornithopter":4},{"Lantern":3,"NeowsBlessing":0,"Gremlin Horn":9,"Golden Idol":13,"Bloody Idol":37,"Mark of Pain":27,"Orichalcum":16,"Burning Blood":0,"Toy Ornithopter":9}],"Burning Blood":54,"Toy Ornithopter":20},"card_choices":[{"not_picked":["Cleave","Clash"],"picked":"Second Wind","floor":1.0},{"not_picked":["Disarm","Second Wind"],"picked":"Body Slam","floor":5.0},{"not_picked":["Entrench","Twin Strike"],"picked":"Armaments","floor":6.0},{"not_picked":["Whirlwind","Pommel Strike","Infernal Blade"],"picked":"SKIP","floor":14.0},{"not_picked":["Corruption","Double Tap"],"picked":"Impervious","floor":16},{"not_picked":["Wild Strike","Pommel Strike","Anger"],"picked":"SKIP","floor":18},{"not_picked":["Blood for Blood","Metallicize","Sever Soul"],"picked":"SKIP","floor":21}],"player_experience":1415467,"relics_obtained":[{"floor":6.0,"key":"Lantern"},{"floor":8.0,"key":"Toy Ornithopter"},{"floor":9.0,"key":"Gremlin Horn"},{"floor":14.0,"key":"Orichalcum"}],"event_choices":[{"damage_healed":0.0,"max_hp_gain":0.0,"max_hp_loss":0.0,"gold_gain":75.0,"event_name":"World of Goop","player_choice":"Gather Gold","floor":3.0,"gold_loss":0.0,"damage_taken":11.0},{"damage_healed":0.0,"max_hp_gain":0.0,"max_hp_loss":0.0,"gold_gain":0.0,"event_name":"Shining Light","player_choice":"Entered Light","floor":4.0,"gold_loss":0.0,"damage_taken":23.0,"cards_upgraded":["Strike_R","Defend_R"]},{"damage_healed":0.0,"max_hp_gain":0.0,"max_hp_loss":0.0,"gold_gain":0.0,"event_name":"Liars Game","player_choice":"Ignored","floor":10.0,"gold_loss":0.0,"damage_taken":0.0},{"damage_healed":0.0,"max_hp_gain":0.0,"max_hp_loss":7.0,"gold_gain":0.0,"event_name":"Golden Idol","player_choice":"Lose Max HP","floor":12.0,"gold_loss":0.0,"damage_taken":0.0,"relics_obtained":["Golden Idol"]},{"cards_removed":["Strike_R"],"damage_healed":0,"gold_gain":0,"player_choice":"Gave Gold","damage_taken":0,"max_hp_gain":0,"max_hp_loss":0,"event_name":"Beggar","floor":19,"gold_loss":75},{"damage_healed":0,"gold_gain":0,"player_choice":"Gave Idol","damage_taken":0,"relics_obtained":["Bloody Idol"],"max_hp_gain":0,"max_hp_loss":0,"event_name":"Forgotten Altar","floor":22,"relics_lost":["Golden Idol"],"gold_loss":0}],"is_beta":false,"boss_relics":[{"not_picked":["Calling Bell","Runic Pyramid"],"picked":"Mark of Pain"}],"items_purged_floors":[20],"is_endless":false,"potions_floor_spawned":[5,8,11,16,18],"killed_by":"Slavers","ascension_level":20}}