{"host":"gtoa8h4im74f14p0","time":1613346994,"event":{"mods":["AchievementEnabler","BaseMod","Block Reminder","Colored Powertips","Downfall","Hermit","Minty Spire (QoL Compilation)","Reliquary","Shop Mod","StSLib","The Cursed","The Marked"],"gold_per_floor":[111,29,45,45,45,45,65,100,181,181,192,192,211,211,211,211,211],"floor_reached":16,"language":"ENG","playtime":884,"items_purged":[],"score":100,"play_id":"92f5d7a1-e2bf-4f03-9b74-35988309b520","local_time":"20210214185634","is_ascension_mode":false,"campfire_choices":[{"data":"Infinite Blades","floor":6,"key":"SMITH"},{"floor":10,"key":"REST"},{"floor":12,"key":"REST"},{"floor":15,"key":"REST"}],"circlet_count":0,"master_deck":["Strike_G","Strike_G","Strike_G","Strike_G","Strike_G","Defend_G","Defend_G","Defend_G","Defend_G","Defend_G","Survivor","Neutralize","Dagger Throw","Infinite Blades+1","Dagger Throw","Underhanded Strike","Distraction","Backstab","Deadly Poison"],"relics":["Ring of the Snake","reliquary:Knoch","reliquary:BallBearing","TungstenRod","Matryoshka","Golden Idol"],"acts_visited":["Exordium"],"potions_floor_usage":[8,16],"damage_taken":[{"damage":0,"enemies":"Jaw Worm","floor":1,"turns":7},{"damage":0,"enemies":"Cultist","floor":3,"turns":4},{"damage":4,"enemies":"2 Louse","floor":7,"turns":4},{"damage":37,"enemies":"Lagavulin","floor":8,"turns":8},{"damage":7,"enemies":"2 Fungi Beasts","floor":11,"turns":3},{"damage":7,"enemies":"3 Louse","floor":13,"turns":3},{"damage":66,"enemies":"Slime Boss","floor":16,"turns":11}],"seed_played":"-5162183872662572781","potions_obtained":[{"floor":1,"key":"PowerPotion"},{"floor":3,"key":"Ancient Potion"},{"floor":11,"key":"Poison Potion"}],"is_trial":false,"path_per_floor":["M","$","M","?","T","R","M","E","T","R","M","R","M","?","R","B"],"character_chosen":"THE_SILENT","items_purchased":["Infinite Blades"],"campfire_rested":3,"item_purchase_floors":[2],"current_hp_per_floor":[77,77,77,70,70,70,66,29,29,52,45,68,61,43,66,0,0],"gold":211,"neow_bonus":"TEN_PERCENT_HP_BONUS","is_daily":false,"chose_seed":false,"campfire_upgraded":1,"win_rate":0.0,"timestamp":1613346994,"path_taken":["M","$","M","?","?","R","M","E","T","R","M","R","?","?","R","BOSS"],"items_purchased_type":["Card"],"build_version":"2020-12-22","purchased_purges":0,"victory":false,"max_hp_per_floor":[77,77,77,77,77,77,77,77,77,77,77,77,77,77,77,77,77],"card_choices":[{"not_picked":["Skewer","Prepared"],"picked":"Dagger Throw","floor":1},{"not_picked":["Prepared","Calculated Gamble"],"picked":"Dagger Throw","floor":3},{"not_picked":["Choke","Outmaneuver"],"picked":"Underhanded Strike","floor":7},{"not_picked":["Well Laid Plans","Slice"],"picked":"Distraction","floor":8},{"not_picked":["Dodge and Roll","Masterful Stab"],"picked":"Backstab","floor":11},{"not_picked":["Catalyst","Dagger Spray"],"picked":"Deadly Poison","floor":13}],"player_experience":32534,"relics_obtained":[{"floor":5,"key":"reliquary:BallBearing"},{"floor":8,"key":"TungstenRod"},{"floor":9,"key":"Matryoshka"}],"event_choices":[{"damage_healed":0,"gold_gain":0,"player_choice":"Success","damage_taken":7,"relics_obtained":["reliquary:Knoch"],"max_hp_gain":0,"max_hp_loss":0,"event_name":"Scrap Ooze","floor":4,"gold_loss":0},{"damage_healed":0,"gold_gain":0,"player_choice":"Take Damage","damage_taken":19,"relics_obtained":["Golden Idol"],"max_hp_gain":0,"max_hp_loss":0,"event_name":"Golden Idol","floor":14,"gold_loss":0}],"is_beta":false,"boss_relics":[],"items_purged_floors":[],"is_endless":false,"potions_floor_spawned":[1,3,11],"killed_by":"Slime Boss","ascension_level":0}}