{"host":"ul3z8ex5o8l5j7mh","time":1613329342,"event":{"mods":["AchievementEnabler","BaseMod","Bestiary","Colored Map","Colored Powertips","DeckTracker","Keyboard Shortcuts","Minty Spire (QoL Compilation)","Relic Sorter","Relic Stats","SuperFastMode"],"gold_per_floor":[109,126,45,45,45,45,85,85,110,146,10,48,48,48,48,48,48],"floor_reached":16,"language":"ENG","playtime":475,"items_purged":[],"score":199,"play_id":"7f19bf6f-ff54-4d7f-b634-deee5a626021","local_time":"20210214200222","is_ascension_mode":true,"campfire_choices":[{"data":"Feed","floor":6,"key":"SMITH"},{"data":"Defend_R","floor":8,"key":"PURGE"},{"data":"Cleave","floor":13,"key":"SMITH"},{"data":"Reaper","floor":15,"key":"SMITH"}],"circlet_count":0,"master_deck":["Strike_R","Strike_R","Strike_R","Defend_R","Defend_R+1","Defend_R+1","Bash","Uppercut","Feed+1","Cleave+1","Reaper+1"],"relics":["Burning Blood","NeowsBlessing","Golden Idol","Peace Pipe","War Paint","Centennial Puzzle","Strawberry"],"acts_visited":["Exordium"],"potions_floor_usage":[10,12],"damage_taken":[{"damage":0,"enemies":"Cultist","floor":1,"turns":1},{"damage":0,"enemies":"Small Slimes","floor":2,"turns":1},{"damage":0,"enemies":"Gremlin Nob","floor":7,"turns":1},{"damage":22,"enemies":"Lagavulin","floor":10,"turns":6},{"damage":32,"enemies":"3 Sentries","floor":12,"turns":6},{"damage":55,"enemies":"Slime Boss","floor":16,"turns":7}],"seed_played":"-8975702924619740426","potions_obtained":[{"floor":7,"key":"Dexterity Potion"},{"floor":10,"key":"SneckoOil"}],"is_trial":false,"path_per_floor":["M","M","$","?","?","R","E","R","T","E","$","E","R","?","R","B"],"character_chosen":"IRONCLAD","items_purchased":["Feed","Reaper"],"campfire_rested":0,"item_purchase_floors":[3,11],"current_hp_per_floor":[80,80,80,60,53,53,63,63,63,51,51,48,48,48,48,0,0],"gold":48,"neow_bonus":"THREE_ENEMY_KILL","is_daily":false,"chose_seed":false,"campfire_upgraded":3,"win_rate":0.0,"timestamp":1613329342,"path_taken":["M","M","$","?","?","R","E","R","T","E","$","E","R","?","R","BOSS"],"items_purchased_type":["Card","Card"],"build_version":"2020-12-22","purchased_purges":0,"victory":false,"max_hp_per_floor":[80,80,80,80,80,80,84,84,84,88,88,99,99,99,99,99,99],"relic_stats":{"Peace Pipe":1,"Centennial Puzzle":[6],"counters":[6,22],"Golden Idol":23,"War Paint":["Defend_R","Defend_R"],"obtain_stats":[{"Peace Pipe":7,"Centennial Puzzle":10,"NeowsBlessing":0,"Golden Idol":4,"Strawberry":12,"War Paint":9,"Burning Blood":0},{"Peace Pipe":3,"Centennial Puzzle":4,"NeowsBlessing":0,"Golden Idol":2,"Strawberry":5,"War Paint":3,"Burning Blood":0},{"Peace Pipe":3,"Centennial Puzzle":9,"NeowsBlessing":0,"Golden Idol":2,"Strawberry":15,"War Paint":3,"Burning Blood":0}],"Burning Blood":18},"card_choices":[{"not_picked":["Warcry","Shrug It Off"],"picked":"Uppercut","floor":1},{"not_picked":["Infernal Blade","Havoc","Disarm"],"picked":"SKIP","floor":2},{"not_picked":["Sword Boomerang","Armaments","Sever Soul"],"picked":"SKIP","floor":7},{"not_picked":["Battle Trance","Dark Embrace"],"picked":"Cleave","floor":10},{"not_picked":["Power Through","Sever Soul","Limit Break"],"picked":"SKIP","floor":12}],"player_experience":379624,"relics_obtained":[{"floor":7,"key":"Peace Pipe"},{"floor":9,"key":"War Paint"},{"floor":10,"key":"Centennial Puzzle"},{"floor":12,"key":"Strawberry"}],"event_choices":[{"damage_healed":0,"gold_gain":0,"player_choice":"Take Damage","damage_taken":20,"relics_obtained":["Golden Idol"],"max_hp_gain":0,"max_hp_loss":0,"event_name":"Golden Idol","floor":4,"gold_loss":0},{"cards_removed":["Strike_R"],"damage_healed":0,"gold_gain":0,"player_choice":"Card Removal","damage_taken":7,"max_hp_gain":0,"max_hp_loss":0,"event_name":"Golden Wing","floor":5,"gold_loss":0},{"cards_removed":["Strike_R"],"damage_healed":0,"gold_gain":0,"player_choice":"Forget","damage_taken":0,"max_hp_gain":0,"max_hp_loss":0,"event_name":"Living Wall","floor":14,"gold_loss":0}],"is_beta":false,"boss_relics":[],"items_purged_floors":[],"is_endless":false,"potions_floor_spawned":[7,10],"killed_by":"Slime Boss","ascension_level":5}}