{"host":"n9gusi1v40na1f9y","time":1613325270,"event":{"mods":["AchievementEnabler","BaseMod","Colored Map","Colored Powertips","Downfall","Highlight Path","Minty Spire (QoL Compilation)","Rare Cards Sparkle","StSLib","The Bug Knight"],"gold_per_floor":[115,125,125,144,160,192,205,239,239,239,259,276,47,73,73,169,169,179,194,94,114,133,164,164,164,234,234,259,277,296,50,50,149,149,163,183,196,196,196,196,212,212,267,286,286,286],"floor_reached":45,"language":"ENG","playtime":4382,"items_purged":["Defend_G","Strike_G"],"score":531,"play_id":"c0319f99-5733-48a0-b8ec-6582958e57d3","local_time":"20210214175430","is_ascension_mode":false,"campfire_choices":[{"floor":10,"key":"REST"},{"floor":15,"key":"REST"},{"data":"1","floor":24,"key":"LIFT"},{"floor":27,"key":"REST"},{"floor":32,"key":"REST"},{"floor":40,"key":"REST"},{"floor":42,"key":"REST"}],"circlet_count":0,"master_deck":["Strike_G","Strike_G","Strike_G","Strike_G","Defend_G","Defend_G","Defend_G","Survivor","Neutralize","Blade Dance","Noxious Fumes","Dash","Bane","Backflip","Leg Sweep","Cloak And Dagger","Backflip","Bouncing Flask","Sucker Punch","Envenom","Footwork+1","Blade Dance+1","PiercingWail","Adrenaline","Pain","downfall:Malfunctioning","Predator+1","Caltrops+1","PiercingWail+1","Venomology","Bane+1","Accuracy+1","Madness","Madness","Jack Of All Trades","Well Laid Plans","Doubt","Malaise"],"relics":["Ring of the Serpent","NeowsBlessing","Gambling Chip","HollowMod:LifeEnderRelic","Mercury Hourglass","Strange Spoon","Regal Pillow","Cursed Key","Girya","WarpedTongs","Ninja Scroll","Tiny Chest","Sundial","Vajra"],"acts_visited":["Exordium","TheCity","TheBeyond"],"potions_floor_usage":[23,41,45,45,45],"damage_taken":[{"damage":0,"enemies":"Small Slimes","floor":1,"turns":1},{"damage":0,"enemies":"Cultist","floor":2,"turns":1},{"damage":0,"enemies":"2 Louse","floor":4,"turns":1},{"damage":8,"enemies":"Red Slaver","floor":5,"turns":5},{"damage":16,"enemies":"Gremlin Nob","floor":6,"turns":5},{"damage":4,"enemies":"Blue Slaver","floor":7,"turns":4},{"damage":0,"enemies":"HollowMod:MossKnight","floor":8,"turns":7},{"damage":0,"enemies":"Gremlin Gang","floor":11,"turns":3},{"damage":5,"enemies":"Lots of Slimes","floor":12,"turns":3},{"damage":12,"enemies":"3 Sentries","floor":14,"turns":6},{"damage":47,"enemies":"The Guardian","floor":16,"turns":9},{"damage":7,"enemies":"3 Byrds","floor":18,"turns":3},{"damage":13,"enemies":"Chosen","floor":19,"turns":5},{"damage":17,"enemies":"3 Cultists","floor":21,"turns":4},{"damage":0,"enemies":"Chosen and Byrds","floor":22,"turns":5},{"damage":10,"enemies":"Slavers","floor":23,"turns":5},{"damage":27,"enemies":"Gremlin Leader","floor":28,"turns":5},{"damage":0,"enemies":"Snecko","floor":29,"turns":3},{"damage":0,"enemies":"Shelled Parasite and Fungi","floor":30,"turns":4},{"damage":46,"enemies":"Collector","floor":33,"turns":7},{"damage":5,"enemies":"3 Shapes","floor":35,"turns":3},{"damage":15,"enemies":"3 Darklings","floor":36,"turns":5},{"damage":13,"enemies":"4 Shapes","floor":37,"turns":5},{"damage":32,"enemies":"Sphere and 2 Shapes","floor":41,"turns":5},{"damage":46,"enemies":"Spire Growth","floor":44,"turns":5},{"damage":43,"enemies":"Transient","floor":45,"turns":5}],"seed_played":"-8130291781884383890","potions_obtained":[{"floor":2,"key":"LiquidBronze"},{"floor":5,"key":"Guardian:BlockOnCardUsePotion"},{"floor":7,"key":"Dexterity Potion"},{"floor":29,"key":"Fire Potion"}],"is_trial":false,"path_per_floor":["M","M","?","M","M","E","M","E","T","R","M","M","$","E","R","B",null,"M","M","$","M","M","E","R","?","T","R","E","M","M","$","R","B",null,"M","M","M","?","?","R","M","R","T","M","M"],"character_chosen":"THE_SILENT","items_purchased":["Strange Spoon","Sundial"],"campfire_rested":6,"item_purchase_floors":[13,31],"current_hp_per_floor":[70,70,70,70,62,46,42,42,42,63,63,58,58,46,70,23,70,63,50,50,33,33,23,23,23,23,59,32,32,32,32,68,22,70,65,50,37,28,28,64,32,68,68,22,0,0],"gold":286,"neow_bonus":"THREE_ENEMY_KILL","is_daily":false,"chose_seed":false,"campfire_upgraded":0,"win_rate":0.0,"timestamp":1613325270,"path_taken":["M","M","?","M","M","E","M","E","T","R","M","?","$","E","R","BOSS","M","M","$","M","M","E","R","?","T","R","E","M","M","$","R","BOSS","M","M","M","?","?","R","M","R","T","M","?"],"items_purchased_type":["Relic","Relic"],"build_version":"2020-12-22","purchased_purges":2,"victory":false,"max_hp_per_floor":[70,70,70,70,70,70,70,70,70,70,70,70,70,70,70,70,70,70,70,70,70,70,70,70,70,70,70,70,70,70,70,70,70,70,70,70,70,70,70,70,70,70,70,70,70,70],"card_choices":[{"not_picked":["Slice","Escape Plan"],"picked":"Blade Dance","floor":1},{"not_picked":["Skewer","Blade Dance"],"picked":"Noxious Fumes","floor":2},{"not_picked":["Finisher","Slice"],"picked":"Dash","floor":4},{"not_picked":["Eviscerate","Poisoned Stab"],"picked":"Bane","floor":5},{"not_picked":["Poisoned Stab","Quick Slash"],"picked":"Backflip","floor":6},{"not_picked":["Skewer","Quick Slash"],"picked":"Leg Sweep","floor":7},{"not_picked":["Night Terror","Finisher"],"picked":"Cloak And Dagger","floor":8},{"not_picked":["PiercingWail","Escape Plan"],"picked":"Backflip","floor":11},{"not_picked":["Deflect","Bullet Time"],"picked":"Bouncing Flask","floor":12},{"not_picked":["Deadly Poison","Underhanded Strike"],"picked":"Sucker Punch","floor":14},{"not_picked":["After Image","Glass Knife"],"picked":"Envenom","floor":16},{"not_picked":["Flying Knee","Deflect"],"picked":"Footwork+1","floor":18},{"not_picked":["PiercingWail+1","Deadly Poison"],"picked":"Blade Dance+1","floor":19},{"not_picked":["Choke+1","Finisher"],"picked":"PiercingWail","floor":21},{"not_picked":["Unload","Outmaneuver","Deadly Poison+1"],"picked":"SKIP","floor":22},{"not_picked":["Bane","Sucker Punch+1"],"picked":"Adrenaline","floor":23},{"not_picked":["Infinite Blades","Choke"],"picked":"Predator+1","floor":28},{"not_picked":["Quick Slash","Prepared"],"picked":"Caltrops+1","floor":29},{"not_picked":["Acrobatics+1","Dagger Spray"],"picked":"PiercingWail+1","floor":30},{"not_picked":["Night Terror","Storm of Steel"],"picked":"Venomology","floor":33},{"not_picked":["Expertise+1","Prepared","Cloak And Dagger"],"picked":"SKIP","floor":35},{"not_picked":["Slice","PiercingWail+1"],"picked":"Bane+1","floor":36},{"not_picked":["Dagger Throw","PiercingWail"],"picked":"Accuracy+1","floor":37},{"not_picked":["Flying Knee","Acrobatics"],"picked":"Well Laid Plans","floor":41},{"not_picked":["PiercingWail","Endless Agony+1"],"picked":"Malaise","floor":44}],"player_experience":69561,"relics_obtained":[{"floor":6,"key":"Gambling Chip"},{"floor":8,"key":"HollowMod:LifeEnderRelic"},{"floor":9,"key":"Mercury Hourglass"},{"floor":14,"key":"Regal Pillow"},{"floor":23,"key":"Girya"},{"floor":26,"key":"Ninja Scroll"},{"floor":28,"key":"Tiny Chest"},{"floor":43,"key":"Vajra"}],"event_choices":[{"cards_removed":["Defend_G"],"damage_healed":0,"gold_gain":0,"player_choice":"Purged","damage_taken":0,"max_hp_gain":0,"max_hp_loss":0,"event_name":"Purifier","floor":3,"gold_loss":0},{"damage_healed":0,"gold_gain":0,"player_choice":"Rummage","damage_taken":0,"relics_obtained":["WarpedTongs"],"max_hp_gain":0,"max_hp_loss":0,"event_name":"Accursed Blacksmith","floor":25,"gold_loss":0,"cards_obtained":["Pain"]},{"damage_healed":0,"gold_gain":0,"player_choice":"Embrace Madness","damage_taken":9,"max_hp_gain":0,"max_hp_loss":0,"event_name":"Winding Halls","floor":38,"gold_loss":0,"cards_obtained":["Madness","Madness"]},{"damage_healed":0,"gold_gain":0,"player_choice":"1 cards matched","damage_taken":0,"max_hp_gain":0,"max_hp_loss":0,"event_name":"Match and Keep!","floor":39,"gold_loss":0,"cards_obtained":["Jack Of All Trades"]}],"is_beta":false,"boss_relics":[{"not_picked":["Snecko Eye","SacredBark"],"picked":"Cursed Key"},{"not_picked":["Astrolabe","Philosopher\u0027s Stone"],"picked":"Ring of the Serpent"}],"items_purged_floors":[13,20],"is_endless":false,"potions_floor_spawned":[2,5,7,8,12,21,22,28,29,30,37,41],"killed_by":"Transient","ascension_level":0}}