{"host":"bvp2uifzy1c463d9","time":1613332017,"event":{"mods":["AchievementEnabler","BaseMod","Better Note","Block Reminder","Bossed Relics","ChefMod","Colored Map","Colored Powertips","Energized Spire","Hermit","Highlight Path","Hubris","Infinite Spire","Minty Spire (QoL Compilation)","Random Character Button","Relic Sorter","Relic Stats","Reliquary","Replay The Spire","Robot Space Explorer","StSLib","The Blue Laboratory","The Jungle","The Servant 0.9.4","Wandering Minibosses"],"gold_per_floor":[144,189,189,269,269,269,359,404,404,494,539,584,629,629,629,929,929,974,1019,1064,1109,659,704,749,749,749],"floor_reached":25,"language":"ENG","playtime":2009,"items_purged":[],"score":471,"play_id":"4df80b46-31ad-4d12-94cc-8ec83c553aea","local_time":"20210214134657","daily_mods":["Draft","Hoarder","Midas"],"is_ascension_mode":false,"campfire_choices":[{"floor":6,"key":"REST"},{"floor":15,"key":"REST"}],"circlet_count":0,"master_deck":["hermit:FlashPowder","hermit:FlashPowder","hermit:FlashPowder","hermit:Manifest","hermit:Manifest","hermit:Manifest","hermit:Misfire","hermit:Misfire","hermit:Misfire","hermit:LowProfile","hermit:LowProfile","hermit:LowProfile","hermit:LoneWolf","hermit:LoneWolf","hermit:Misfire","hermit:Misfire","hermit:Misfire","hermit:Feint","hermit:Feint","hermit:Feint","hermit:Dive","hermit:Dive","hermit:Dive","hermit:GhostlyPresence","hermit:GhostlyPresence","hermit:GhostlyPresence","hermit:LowProfile","hermit:LowProfile","hermit:LowProfile","hermit:CalledShot","hermit:CalledShot","hermit:CalledShot","hermit:Desperado","hermit:Desperado","hermit:Desperado","hermit:HoleUp","hermit:HoleUp","hermit:HoleUp","hermit:Vantage","hermit:Vantage","hermit:Vantage","hermit:WideOpen","hermit:WideOpen","hermit:WideOpen","hermit:Virtue","hermit:Virtue","hermit:Virtue","hermit:Malice","hermit:Malice","hermit:Malice","ReplayTheSpireMod:IOU","ReplayTheSpireMod:IOU","ReplayTheSpireMod:IOU","Pain","Pain","Pain","ReplayTheSpireMod:Chaos Vortex","ReplayTheSpireMod:Chaos Vortex","ReplayTheSpireMod:Chaos Vortex","hermit:Deadeye","hermit:Deadeye","hermit:Deadeye","hermit:EternalForm","hermit:EternalForm","hermit:EternalForm","hermit:FatalDesire","hermit:FatalDesire","hermit:FatalDesire","hermit:Determination","hermit:Determination","hermit:Determination","Pot Of Greed","Pot Of Greed","Pot Of Greed","Pot Of Greed","Pot Of Greed","Pot Of Greed","Pot Of Greed","Pot Of Greed","Pot Of Greed","Pot Of Greed","Pot Of Greed","Pot Of Greed","Pot Of Greed","Pot Of Greed","Pot Of Greed","Pot Of Greed","Pot Of Greed","Pot Of Greed"],"relics":["hermit:Momento","reliquary:Boomerang","hermit:Spyglass","Replay:Bottled Flurry","energizedSpire:OgreHead","Sling","reliquary:Knoch","Grinning Jar"],"acts_visited":["Exordium","TheCity"],"potions_floor_usage":[20],"damage_taken":[{"damage":0,"enemies":"Jaw Worm","floor":1,"turns":4},{"damage":0,"enemies":"Cultist","floor":2,"turns":4},{"damage":10,"enemies":"Lagavulin","floor":7,"turns":10},{"damage":0,"enemies":"2 Louse","floor":8,"turns":1},{"damage":3,"enemies":"3 Sentries","floor":10,"turns":19},{"damage":0,"enemies":"Red Slaver","floor":11,"turns":2},{"damage":0,"enemies":"Large Slime","floor":12,"turns":7},{"damage":0,"enemies":"Exordium Wildlife","floor":13,"turns":3},{"damage":2,"enemies":"Exordium Thugs","floor":14,"turns":6},{"damage":8,"enemies":"The Guardian","floor":16,"turns":20},{"damage":19,"enemies":"Spheric Guardian","floor":18,"turns":5},{"damage":0,"enemies":"Chosen","floor":19,"turns":7},{"damage":7,"enemies":"Shelled Parasite and Fungi","floor":20,"turns":6},{"damage":14,"enemies":"Centurion and Healer","floor":21,"turns":5},{"damage":0,"enemies":"Snecko","floor":23,"turns":7},{"damage":3,"enemies":"Shelled Parasite and Fungi","floor":24,"turns":10},{"damage":53,"enemies":"Slavers","floor":25,"turns":4}],"seed_played":"-463004689936713651","potions_obtained":[{"floor":1,"key":"Ancient Potion"},{"floor":2,"key":"blueLaboratory:RememoryPotion"},{"floor":8,"key":"hermit:Eclipse"},{"floor":12,"key":"Regen Potion"},{"floor":20,"key":"SkillPotion"}],"is_trial":false,"path_per_floor":["M","M","?","?","?","R","E","M","T","E","M","M","M","M","R","B",null,"M","M","M","M","$","M","M","E"],"character_chosen":"HERMIT","items_purchased":["Sling","reliquary:Knoch","Grinning Jar"],"campfire_rested":2,"item_purchase_floors":[22,22,22],"current_hp_per_floor":[75,75,75,75,68,75,65,65,65,62,62,62,62,60,75,67,75,56,56,64,50,50,50,47,0,0],"gold":749,"neow_bonus":"","is_daily":true,"chose_seed":false,"campfire_upgraded":0,"win_rate":0.0,"timestamp":1613332017,"path_taken":["M","M","?","?","?","R","E","M","T","E","M","M","?","M","R","BOSS","M","M","M","M","$","M","?","E"],"items_purchased_type":["Relic","Relic","Relic"],"build_version":"2020-12-22","purchased_purges":0,"victory":false,"max_hp_per_floor":[75,75,75,75,75,75,75,75,75,75,75,75,75,75,75,75,75,75,75,75,75,75,75,75,75,75],"relic_stats":{"counters":[17,120],"obtain_stats":[{"reliquary:Boomerang":7,"Replay:Bottled Flurry":10,"energizedSpire:OgreHead":17,"reliquary:Knoch":22,"Grinning Jar":22,"Sling":22,"hermit:Momento":0,"hermit:Spyglass":9},{"reliquary:Boomerang":3,"Replay:Bottled Flurry":5,"energizedSpire:OgreHead":10,"reliquary:Knoch":14,"Grinning Jar":14,"Sling":14,"hermit:Momento":0,"hermit:Spyglass":4},{"reliquary:Boomerang":18,"Replay:Bottled Flurry":38,"energizedSpire:OgreHead":76,"reliquary:Knoch":99,"Grinning Jar":99,"Sling":99,"hermit:Momento":0,"hermit:Spyglass":19}]},"card_choices":[{"not_picked":["hermit:Coalescence","hermit:Gestalt"],"picked":"hermit:FlashPowder","floor":0},{"not_picked":["hermit:ItchyTrigger","hermit:LuckOfTheDraw"],"picked":"hermit:Manifest","floor":0},{"not_picked":["hermit:HoleUp","hermit:Desperado"],"picked":"hermit:Misfire","floor":0},{"not_picked":["hermit:HighCaliber","hermit:CalledShot"],"picked":"hermit:LowProfile","floor":0},{"not_picked":["hermit:BodyArmor","hermit:HighCaliber"],"picked":"hermit:LoneWolf","floor":0},{"not_picked":["hermit:Showdown","hermit:CalledShot"],"picked":"hermit:Misfire","floor":0},{"not_picked":["hermit:HighCaliber","hermit:Vantage"],"picked":"hermit:Feint","floor":0},{"not_picked":["hermit:BigShot","hermit:Coalescence"],"picked":"hermit:Dive","floor":0},{"not_picked":["hermit:Snipe","hermit:Ricochet"],"picked":"hermit:GhostlyPresence","floor":0},{"not_picked":["hermit:Maintenance","hermit:Dive"],"picked":"hermit:LowProfile","floor":0},{"not_picked":["hermit:TakeCover","hermit:PistolWhip"],"picked":"hermit:CalledShot","floor":0},{"not_picked":["hermit:TrackingShot","hermit:Gestalt"],"picked":"hermit:Desperado","floor":0},{"not_picked":["hermit:HighCaliber","hermit:ItchyTrigger"],"picked":"hermit:HoleUp","floor":0},{"not_picked":["hermit:Horror","hermit:GhostlyPresence"],"picked":"hermit:Vantage","floor":0},{"not_picked":["hermit:Manifest","hermit:Snipe"],"picked":"hermit:WideOpen","floor":0},{"not_picked":["hermit:Scavenge","hermit:Maintenance"],"picked":"hermit:Virtue","floor":1},{"not_picked":["hermit:BodyArmor","hermit:TrackingShot"],"picked":"hermit:Malice","floor":2},{"not_picked":["ReplayTheSpireMod:Echoes of Time","infinitespire:SevenWalls"],"picked":"ReplayTheSpireMod:Chaos Vortex","floor":3},{"not_picked":["hermit:FullyLoaded","hermit:Manifest","hermit:CalledShot"],"picked":"SKIP","floor":7},{"not_picked":["hermit:Roulette","hermit:NoHoldsBarred","hermit:SprayPray"],"picked":"SKIP","floor":8},{"not_picked":["hermit:Glare","hermit:BodyArmor","hermit:Shortfuse"],"picked":"SKIP","floor":10},{"not_picked":["hermit:HoleUp","hermit:Virtue"],"picked":"hermit:Deadeye","floor":11},{"not_picked":["hermit:SprayPray","hermit:Quickdraw"],"picked":"hermit:EternalForm","floor":12},{"not_picked":["hermit:Glare","hermit:TrackingShot","hermit:Spite"],"picked":"SKIP","floor":13},{"not_picked":["hermit:Roulette","hermit:SprayPray","hermit:FatalDesire"],"picked":"SKIP","floor":14},{"not_picked":["hermit:DeadOrAlive","hermit:HeroicBravado"],"picked":"hermit:FatalDesire","floor":16},{"not_picked":["hermit:Manifest","hermit:Glare","hermit:TrackingShot"],"picked":"SKIP","floor":18},{"not_picked":["hermit:HighCaliber","hermit:HoleUp"],"picked":"hermit:Determination","floor":19},{"not_picked":["hermit:Snipe","hermit:TakeAim","hermit:Vantage"],"picked":"SKIP","floor":20},{"not_picked":["hermit:Spite","hermit:Dive","hermit:GoldenBullet"],"picked":"SKIP","floor":21},{"not_picked":["hermit:Enervate","hermit:WideOpen","hermit:SprayPray+1"],"picked":"SKIP","floor":23},{"not_picked":["hermit:LowProfile+1","hermit:Maintenance","hermit:Enervate"],"picked":"SKIP","floor":24}],"player_experience":366126,"relics_obtained":[{"floor":7,"key":"reliquary:Boomerang"},{"floor":9,"key":"hermit:Spyglass"},{"floor":10,"key":"Replay:Bottled Flurry"}],"event_choices":[{"cards_removed":["hermit:LoneWolf"],"damage_healed":0,"gold_gain":0,"player_choice":"Card Removal","damage_taken":7,"max_hp_gain":0,"max_hp_loss":0,"event_name":"Golden Wing","floor":5,"gold_loss":0}],"is_beta":false,"boss_relics":[{"not_picked":["hubris:VirtuousBlindfold","hubris:RunicObelisk"],"picked":"energizedSpire:OgreHead"}],"items_purged_floors":[],"is_endless":false,"potions_floor_spawned":[1,2,8,12,13,19,20,23],"killed_by":"Slavers","ascension_level":0}}