{"host":"df48i9djcn92c5sx","time":1613314523,"event":{"mods":["Act Like it!","Arknights","BaseMod","Decade(王小明)","Downfall","Gensokyo","Marisa（F雨　魔理沙）","Minty Spire (QoL Compilation)","READ ME - Guardian Mod","READ ME - Snecko Mod","Reimu（博丽灵梦）","Remilia（蕾米莉亚）","Shop Mod","StSLib","The Jungle","The Servant 0.9.4"],"gold_per_floor":[99,99,99,99,26,37,37,50,50,35,35,46,81,81,77,152,152,152,150,150,137,137,214,214,214,211,227,227,217,217,217,226,223,223,223],"floor_reached":33,"language":"ZHS","playtime":1283,"items_purged":[],"score":245,"play_id":"dfb31927-0a2b-4fdb-b07a-3359b728e8e6","local_time":"20210214225523","is_ascension_mode":false,"campfire_choices":[{"data":"hexamod:Sear","floor":1.0,"key":"SMITH"},{"data":"hexamod:HexaLevel","floor":9.0,"key":"SMITH"},{"data":"hexamod:Incineration","floor":11.0,"key":"SMITH"},{"data":"hexamod:GhostflameInferno","floor":18.0,"key":"SMITH"},{"data":"hexamod:Toasty","floor":25,"key":"SMITH"},{"data":"hexamod:GhostflameBarrier","floor":28,"key":"SMITH"},{"floor":30,"key":"REST"}],"circlet_count":0,"master_deck":["hexamod:Strike","hexamod:Strike","hexamod:Defend","hexamod:Defend","hexamod:Defend","hexamod:Defend","hexamod:Sear+1","hexamod:Float","hexamod:GhostflameBarrier+1","hexamod:Incineration+1","hexamod:HexaLevel+1","hexamod:Again","hexamod:HeatCrush","Poor:ReiMu","hexamod:FirstSeal","hexamod:GhostflameInferno+1","hexamod:FourthSeal","Pride","hexamod:FlamesFromBeyond+1","J.A.X.","hexamod:Toasty+1","hexamod:UnleashSpirits","Injury","Poor:ReiMu"],"relics":["hexamod:SpiritBrand","downfall:HeartsMalice","Bronze Scales","YidongShenshe:ReiMu","Cursed Key","Incense Burner","MutagenicStrength","Blue Candle","Shovel"],"acts_visited":["Exordium","TheCity"],"potions_floor_usage":[23,23,26,29,29,32,33,33,33],"damage_taken":[{"damage":0.0,"enemies":"2 Louse","floor":2.0,"turns":1.0},{"damage":0.0,"enemies":"Jaw Worm","floor":4.0,"turns":1.0},{"damage":0.0,"enemies":"downfall:FleeingMerchant","floor":5.0,"turns":1.0},{"damage":6.0,"enemies":"Cultist","floor":6.0,"turns":4.0},{"damage":17.0,"enemies":"Exordium Wildlife","floor":8.0,"turns":4.0},{"damage":10.0,"enemies":"downfall:FleeingMerchant","floor":10.0,"turns":4.0},{"damage":10.0,"enemies":"2 Fungi Beasts","floor":12.0,"turns":4.0},{"damage":20.0,"enemies":"Lagavulin","floor":13.0,"turns":6.0},{"damage":0.0,"enemies":"Blue Slaver","floor":15.0,"turns":3.0},{"damage":4.0,"enemies":"SI_SHIV_ARCHETYPE","floor":16.0,"turns":8.0},{"damage":0.0,"enemies":"3 Byrds","floor":19.0,"turns":3.0},{"damage":3.0,"enemies":"Snecko","floor":21.0,"turns":4.0},{"damage":16,"enemies":"downfall:Augmenter","floor":23,"turns":6},{"damage":4,"enemies":"Cultist and Chosen","floor":26,"turns":4},{"damage":40,"enemies":"Shelled Parasite and Fungi","floor":27,"turns":6},{"damage":25,"enemies":"Snake Plant","floor":29,"turns":3},{"damage":3,"enemies":"Cultist and Chosen","floor":32,"turns":4},{"damage":38,"enemies":"DF_ARCHETYPE_CLAW","floor":33,"turns":6}],"seed_played":"-1615251155808944329","potions_obtained":[{"floor":12.0,"key":"LiquidMemories"},{"floor":13.0,"key":"FearPotion"},{"floor":15.0,"key":"EssenceOfSteel"},{"floor":16.0,"key":"bronze:BurnAndBuffPotion"},{"floor":21.0,"key":"ZuzhouPotion:ReiMu"},{"floor":21.0,"key":"Regen Potion"},{"floor":23,"key":"SneckoOil"},{"floor":26,"key":"PowerPotion"},{"floor":27,"key":"AttackPotion"},{"floor":29,"key":"DistilledChaos"},{"floor":29,"key":"SneckoOil"},{"floor":32,"key":"SmokeBomb"},{"floor":32,"key":"GrandPatriotsElixir:ReiMu"}],"is_trial":false,"path_per_floor":["R","M","?","M","$","M","T","M","R","$","R","M","E","?","M","B",null,"R","M","?","M","?","?","T","R","M","M","R","M","R","T","M","B"],"character_chosen":"THE_SPIRIT","items_purchased":["hexamod:Incineration"],"campfire_rested":1,"item_purchase_floors":[5],"current_hp_per_floor":[70,70,75,75,75,69,69,52,52,42,42,32,12,12,12,15,75,75,75,75,75,75,75,75,75,75,42,42,17,39,39,36,0,0,0],"gold":223,"neow_bonus":"THREE_ENEMY_KILL","is_daily":false,"chose_seed":false,"campfire_upgraded":6,"win_rate":0.0,"timestamp":1613314523,"path_taken":["R","M","?","M","?","M","T","?","R","$","R","M","E","?","M","BOSS","R","M","?","M","?","?","T","R","M","M","R","M","R","?","M","BOSS"],"items_purchased_type":["Card"],"build_version":"2020-12-22","purchased_purges":0,"victory":false,"max_hp_per_floor":[70,70,75,75,75,75,75,75,75,75,75,75,75,75,75,75,75,75,75,75,75,75,75,75,75,75,75,75,75,75,75,75,75,75,75],"card_choices":[{"not_picked":["hexamod:ShieldOfDarkness","hexamod:GhostShield"],"picked":"hexamod:GhostflameBarrier","floor":2.0},{"not_picked":["hexamod:BurningTouch","hexamod:HeatMetal","hexamod:CatchUp"],"picked":"SKIP","floor":4.0},{"not_picked":["hexamod:EmpoweredFlame","hexamod:SuperheatedStrike","hexamod:BurningTouch"],"picked":"SKIP","floor":5.0},{"not_picked":["hexamod:InspiringFlames","hexamod:HauntingEcho"],"picked":"hexamod:HexaLevel","floor":6.0},{"not_picked":["hexamod:FastForward","hexamod:FlamesFromBeyond","hexamod:HeatMetal"],"picked":"SKIP","floor":8.0},{"not_picked":["hexamod:NecessarySacrifice","hexamod:FlamesFromBeyond","hexamod:Firestarter"],"picked":"SKIP","floor":10.0},{"not_picked":["hexamod:Firestarter","hexamod:FlamesFromBeyond"],"picked":"hexamod:Again","floor":12.0},{"not_picked":["hexamod:SpectersWail","hexamod:GhostflameBarrier"],"picked":"hexamod:HeatCrush","floor":13.0},{"not_picked":["hexamod:SoulSteal","hexamod:ShieldOfDarkness"],"picked":"hexamod:FirstSeal","floor":15.0},{"not_picked":["hexamod:ParanormalForm","hexamod:UnleashSpirits"],"picked":"hexamod:GhostflameInferno","floor":16.0},{"not_picked":["hexamod:AdvancingGuard","hexamod:InspiringFlames"],"picked":"hexamod:FourthSeal","floor":19.0},{"not_picked":["hexamod:DynamicBlow","hexamod:Firestarter"],"picked":"hexamod:FlamesFromBeyond+1","floor":21.0},{"not_picked":[],"picked":"J.A.X.","floor":23},{"not_picked":["hexamod:HeatMetal+1","hexamod:Firestarter","hexamod:HexaLevel"],"picked":"SKIP","floor":26},{"not_picked":["hexamod:SpectralAdrenaline","hexamod:GhostLash","hexamod:DynamicBlow"],"picked":"SKIP","floor":27},{"not_picked":["hexamod:NightmareStrike","hexamod:Haunt","hexamod:HauntingEcho+1"],"picked":"SKIP","floor":29},{"not_picked":["hexamod:SpectersWail","hexamod:NightmareStrike","hexamod:Again+1"],"picked":"SKIP","floor":32}],"player_experience":1553631,"relics_obtained":[{"floor":13.0,"key":"Bronze Scales"},{"floor":23,"key":"MutagenicStrength"},{"floor":24,"key":"Blue Candle"},{"floor":31,"key":"Shovel"}],"event_choices":[{"damage_healed":0.0,"max_hp_gain":5.0,"max_hp_loss":0.0,"gold_gain":0.0,"event_name":"Big Fish","player_choice":"Donut","floor":3.0,"gold_loss":0.0,"damage_taken":0.0},{"damage_healed":0.0,"max_hp_gain":0.0,"max_hp_loss":0.0,"gold_gain":0.0,"event_name":"yidonshenshe","player_choice":"带走神社","floor":14.0,"gold_loss":0.0,"damage_taken":0.0,"relics_obtained":["YidongShenshe:ReiMu"],"cards_obtained":["Poor:ReiMu"]},{"damage_healed":0.0,"max_hp_gain":0.0,"max_hp_loss":0.0,"gold_gain":0.0,"event_name":"Addict","player_choice":"Stole Relic","floor":20.0,"gold_loss":0.0,"damage_taken":0.0,"relics_obtained":["Incense Burner"],"cards_obtained":["Pride"]},{"damage_healed":0.0,"max_hp_gain":0.0,"max_hp_loss":0.0,"gold_gain":0.0,"event_name":"Vampires","player_choice":"Ignored","floor":22.0,"gold_loss":0.0,"damage_taken":0.0}],"is_beta":false,"boss_relics":[{"not_picked":["Empty Cage","Runic Pyramid"],"picked":"Cursed Key"}],"items_purged_floors":[],"is_endless":false,"potions_floor_spawned":[12,13,15,16,21,29,32],"killed_by":"DF_ARCHETYPE_CLAW","ascension_level":0}}