{"host":"ifvrsrzj00f2ebkn","time":1613305676,"event":{"mods":["BaseMod","Colored Map","Colored Powertips","Minty Spire (QoL Compilation)","Random Character Button","StSLib"],"gold_per_floor":[144,189,189,189,189,189,279,324,324,369,414,459,459,549,549,849,849,894,449,449,494,368,413,413,413,463,508,598,643,688,733,733,1033,1033,1078,788,878,753,798,888,888,933,1008,1020,1077,1134,1146,1203,1215,1227],"floor_reached":51,"language":"ENG","playtime":11497,"items_purged":["Escape Plan","Streamline","Slice","Cleave"],"score":738,"play_id":"70a40597-e97f-4ac6-80da-4bc7b652689a","local_time":"20210214202756","daily_mods":["Draft","Diverse","Midas"],"is_ascension_mode":false,"campfire_choices":[{"floor":6,"key":"REST"},{"floor":15,"key":"REST"},{"floor":24,"key":"REST"},{"floor":32,"key":"REST"},{"data":"Deflect","floor":41,"key":"PURGE"},{"floor":47,"key":"REST"},{"floor":49,"key":"REST"}],"circlet_count":0,"master_deck":["Conserve Battery","Quick Slash","Sucker Punch","Headbutt","Shrug It Off+1","Clothesline","Quick Slash","Cloak And Dagger","Turbo","Cloak And Dagger","BootSequence","Battle Trance","Noxious Fumes","Sever Soul","Pommel Strike","Shrug It Off","Leg Sweep","CurseOfTheBell","Shrug It Off","Apotheosis","Bane","Necronomicurse","Hyperbeam","Choke","Demon Form","Predator+1","Disarm","Hyperbeam","Footwork","Conserve Battery+1","Backflip+1"],"relics":["Burning Blood","Red Skull","Pear","Bottled Tornado","Calling Bell","Art of War","Matryoshka","Thread and Needle","Membership Card","Anchor","Necronomicon","Orichalcum","Centennial Puzzle","Smiling Mask","Omamori","SlaversCollar","Self Forming Clay","Peace Pipe","Sling","Vajra","MawBank","Frozen Egg 2"],"acts_visited":["Exordium","TheCity","TheBeyond"],"potions_floor_usage":[7,14,14,46,50,50],"damage_taken":[{"damage":1,"enemies":"Jaw Worm","floor":1,"turns":3},{"damage":0,"enemies":"Cultist","floor":2,"turns":3},{"damage":4,"enemies":"Lagavulin","floor":7,"turns":8},{"damage":1,"enemies":"2 Louse","floor":8,"turns":2},{"damage":2,"enemies":"Red Slaver","floor":10,"turns":3},{"damage":4,"enemies":"Large Slime","floor":11,"turns":6},{"damage":1,"enemies":"Exordium Wildlife","floor":12,"turns":4},{"damage":8,"enemies":"3 Sentries","floor":14,"turns":7},{"damage":46,"enemies":"Hexaghost","floor":16,"turns":12},{"damage":0,"enemies":"2 Thieves","floor":18,"turns":5},{"damage":6,"enemies":"3 Byrds","floor":21,"turns":5},{"damage":0,"enemies":"Cultist and Chosen","floor":23,"turns":3},{"damage":7,"enemies":"Shelled Parasite and Fungi","floor":27,"turns":4},{"damage":0,"enemies":"Book of Stabbing","floor":28,"turns":6},{"damage":0,"enemies":"Centurion and Healer","floor":29,"turns":3},{"damage":1,"enemies":"Snecko","floor":30,"turns":4},{"damage":0,"enemies":"Shelled Parasite and Fungi","floor":31,"turns":4},{"damage":10,"enemies":"Automaton","floor":33,"turns":8},{"damage":23,"enemies":"3 Darklings","floor":35,"turns":3},{"damage":14,"enemies":"2 Orb Walkers","floor":37,"turns":4},{"damage":4,"enemies":"Orb Walker","floor":39,"turns":5},{"damage":16,"enemies":"Giant Head","floor":40,"turns":7},{"damage":7,"enemies":"Writhing Mass","floor":42,"turns":5},{"damage":41,"enemies":"4 Shapes","floor":45,"turns":4},{"damage":0,"enemies":"Jaw Worm Horde","floor":46,"turns":1},{"damage":7,"enemies":"Sphere and 2 Shapes","floor":48,"turns":5},{"damage":25,"enemies":"Donu and Deca","floor":50,"turns":6}],"seed_played":"-463004689936713651","potions_obtained":[{"floor":1,"key":"Ancient Potion"},{"floor":2,"key":"Weak Potion"},{"floor":8,"key":"PowerPotion"},{"floor":14,"key":"SmokeBomb"},{"floor":23,"key":"ElixirPotion"},{"floor":27,"key":"Strength Potion"},{"floor":30,"key":"CultistPotion"},{"floor":48,"key":"ElixirPotion"}],"is_trial":false,"path_per_floor":["M","M","?","?","?","R","E","M","T","M","M","M","?","E","R","B",null,"M","$","?","M","$","M","R","?","T","M","E","M","M","M","R","B",null,"M","$","?","$","M","E","R","M","T","?","M","M","R","M","R","B",null],"character_chosen":"IRONCLAD","items_purchased":["BloodPotion","Membership Card","Anchor","Apotheosis","Bane","Hyperbeam","Self Forming Clay","Hyperbeam","Footwork","Sling"],"campfire_rested":6,"item_purchase_floors":[19,19,19,19,19,22,36,36,36,38],"current_hp_per_floor":[80,80,80,64,80,80,80,80,90,90,90,90,90,88,90,50,90,90,90,74,74,74,80,90,90,90,89,90,90,90,90,90,86,90,73,73,65,65,67,57,57,56,56,56,21,45,72,71,90,71],"gold":1239,"neow_bonus":"","is_daily":true,"chose_seed":false,"campfire_upgraded":0,"win_rate":0.0,"timestamp":1613305676,"path_taken":["M","M","?","?","?","R","E","M","T","M","?","?","?","E","R","BOSS","M","?","?","M","$","M","R","?","T","M","E","M","?","M","R","BOSS","M","$","?","$","M","E","R","M","T","?","M","?","R","M","R","BOSS"],"items_purchased_type":["Potion","Relic","Relic","Card","Card","Card","Relic","Card","Card","Relic"],"build_version":"2020-12-22","purchased_purges":4,"victory":true,"max_hp_per_floor":[80,80,80,80,80,80,80,80,90,90,90,90,90,90,90,90,90,90,90,90,90,90,90,90,90,90,90,90,90,90,90,90,90,90,90,90,90,90,90,90,90,90,90,90,90,90,90,90,90,90],"card_choices":[{"not_picked":["Bloodletting","Anger"],"picked":"Cleave","floor":0},{"not_picked":["Terror","Shrug It Off"],"picked":"Conserve Battery","floor":0},{"not_picked":["Warcry","Bloodletting"],"picked":"Quick Slash","floor":0},{"not_picked":["Aggregate","Perfected Strike"],"picked":"Escape Plan","floor":0},{"not_picked":["Distraction","Chill"],"picked":"Sucker Punch","floor":0},{"not_picked":["Capacitor","Double Energy"],"picked":"Coolheaded","floor":0},{"not_picked":["Stack","Prepared"],"picked":"Streamline","floor":0},{"not_picked":["Iron Wave","Consume"],"picked":"Deflect","floor":0},{"not_picked":["Wild Strike","Clash"],"picked":"Headbutt","floor":0},{"not_picked":["Escape Plan","Slice"],"picked":"Shrug It Off","floor":0},{"not_picked":["Perfected Strike","Blood for Blood"],"picked":"Clothesline","floor":0},{"not_picked":["Outmaneuver","Reprogram"],"picked":"Quick Slash","floor":0},{"not_picked":["Searing Blow","Cleave"],"picked":"Cloak And Dagger","floor":0},{"not_picked":["Havoc","Poisoned Stab"],"picked":"Slice","floor":0},{"not_picked":["Warcry","Reflex"],"picked":"Turbo","floor":0},{"not_picked":["Havoc","Rupture"],"picked":"Cloak And Dagger","floor":1},{"not_picked":["Cleave","True Grit"],"picked":"BootSequence","floor":2},{"not_picked":["Accuracy","Reboot"],"picked":"Battle Trance","floor":7},{"not_picked":["Leap","Deflect"],"picked":"Noxious Fumes","floor":8},{"not_picked":["Blood for Blood","Dropkick"],"picked":"Sever Soul","floor":10},{"not_picked":["Skewer","Underhanded Strike"],"picked":"Pommel Strike","floor":11},{"not_picked":["Body Slam","Barrage"],"picked":"Shrug It Off","floor":12},{"not_picked":["Eviscerate","Masterful Stab"],"picked":"Leg Sweep","floor":14},{"not_picked":["Compile Driver","Clash"],"picked":"Shrug It Off","floor":18},{"not_picked":["Fire Breathing+1","Ball Lightning","Heatsinks"],"picked":"SKIP","floor":21},{"not_picked":["Heavy Blade","Slice"],"picked":"Choke","floor":23},{"not_picked":["Storm","Crippling Poison","Dodge and Roll"],"picked":"SKIP","floor":27},{"not_picked":["Storm","Crippling Poison","Dodge and Roll"],"picked":"SKIP","floor":27},{"not_picked":["Predator","Cleave"],"picked":"Demon Form","floor":28},{"not_picked":["Dodge and Roll","Turbo+1","Gash"],"picked":"SKIP","floor":29},{"not_picked":["Shrug It Off+1","Doom and Gloom"],"picked":"Predator+1","floor":30},{"not_picked":["Twin Strike","Ball Lightning+1","Dagger Throw"],"picked":"SKIP","floor":31},{"not_picked":["Steam+1","Perfected Strike"],"picked":"Disarm","floor":35},{"not_picked":["Redo+1","Fire Breathing+1","Beam Cell+1"],"picked":"SKIP","floor":39},{"not_picked":["Cloak And Dagger+1","Feel No Pain+1","Darkness"],"picked":"SKIP","floor":40},{"not_picked":["Flying Knee+1","BootSequence+1"],"picked":"Conserve Battery+1","floor":42},{"not_picked":["Clash+1","Beam Cell+1","Undo"],"picked":"SKIP","floor":45},{"not_picked":["Redo+1","Rip and Tear"],"picked":"Backflip+1","floor":46},{"not_picked":["Venomology","Calculated Gamble+1","Dagger Spray"],"picked":"SKIP","floor":48}],"player_experience":37788,"relics_obtained":[{"floor":7,"key":"Red Skull"},{"floor":9,"key":"Pear"},{"floor":14,"key":"Bottled Tornado"},{"floor":17,"key":"Art of War"},{"floor":17,"key":"Matryoshka"},{"floor":17,"key":"Thread and Needle"},{"floor":20,"key":"Necronomicon"},{"floor":26,"key":"Centennial Puzzle"},{"floor":26,"key":"Smiling Mask"},{"floor":28,"key":"Omamori"},{"floor":37,"key":"Peace Pipe"},{"floor":40,"key":"Vajra"},{"floor":43,"key":"MawBank"},{"floor":43,"key":"Frozen Egg 2"}],"event_choices":[{"damage_healed":0,"gold_gain":0,"player_choice":"Ignored","damage_taken":0,"max_hp_gain":0,"max_hp_loss":0,"event_name":"Liars Game","floor":3,"gold_loss":0},{"damage_healed":0,"gold_gain":0,"player_choice":"Entered Light","damage_taken":16,"max_hp_gain":0,"max_hp_loss":0,"event_name":"Shining Light","floor":4,"gold_loss":0,"cards_upgraded":["Coolheaded","Shrug It Off"]},{"damage_healed":26,"gold_gain":0,"player_choice":"Banana","damage_taken":0,"max_hp_gain":0,"max_hp_loss":0,"event_name":"Big Fish","floor":5,"gold_loss":0},{"cards_removed":["Coolheaded"],"damage_healed":0,"gold_gain":0,"player_choice":"Purged","damage_taken":0,"max_hp_gain":0,"max_hp_loss":0,"event_name":"Purifier","floor":13,"gold_loss":0},{"damage_healed":0,"gold_gain":0,"player_choice":"Obtained Book","damage_taken":16,"max_hp_gain":0,"max_hp_loss":0,"event_name":"Cursed Tome","floor":20,"gold_loss":0},{"damage_healed":0,"gold_gain":0,"player_choice":"Opened","damage_taken":0,"relics_obtained":["Orichalcum"],"max_hp_gain":0,"max_hp_loss":0,"event_name":"The Mausoleum","floor":25,"gold_loss":0},{"damage_healed":0,"gold_gain":0,"player_choice":"Fight","damage_taken":0,"max_hp_gain":0,"max_hp_loss":0,"event_name":"Mysterious Sphere","floor":37,"gold_loss":0},{"damage_healed":0,"gold_gain":0,"player_choice":"Ignored","damage_taken":0,"max_hp_gain":0,"max_hp_loss":0,"event_name":"Tomb of Lord Red Mask","floor":44,"gold_loss":0}],"is_beta":false,"boss_relics":[{"not_picked":["Empty Cage","Philosopher\u0027s Stone"],"picked":"Calling Bell"},{"not_picked":["Velvet Choker","Runic Pyramid"],"picked":"SlaversCollar"}],"items_purged_floors":[19,22,36,38],"is_endless":false,"potions_floor_spawned":[1,2,8,14,23,27,29,30,31,35,37,46,48],"ascension_level":0}}