{"host":"uzp1tn8qxn9571p9","time":1613341616,"event":{"mods":["100% Spire Juice","Aspiration","BaseMod","Beaked The Cultist","Bossed Relics","Colored Map","Colored Powertips","Curses Come First","Hermit","Marisa£®ÏF”Í°°ƒß¿Ì…≥£©","Mimic Mod","Minty Spire (QoL Compilation)","StSLib","The Hierophant","The Jungle","The Marked","The Runesmith"],"gold_per_floor":[111,127,127,77,2,2,2,2,32,44,81,6,18,40,52,168,180,86,13,38,67,97,135,147,159,171,201,232,63,113,132,132,233,233,252,252,270,320,339,339,339,339],"floor_reached":41,"language":"ZHS","playtime":2428,"items_purged":["Moonworks:Strike"],"score":511,"play_id":"ebf6a50f-0e14-4f6f-ad8a-85806907e663","local_time":"20210215062656","is_ascension_mode":false,"campfire_choices":[{"data":"Moonworks:Ambush","floor":6.0,"key":"SMITH"},{"data":"Moonworks:EvilSpyWorkPreparation","floor":8.0,"key":"SMITH"},{"floor":13.0,"key":"DIG"},{"floor":15.0,"key":"DIG"},{"data":"Moonworks:MeltingMemories","floor":32.0,"key":"SMITH"},{"floor":40,"key":"DIG"}],"circlet_count":0,"master_deck":["Moonworks:Strike","Moonworks:Defend","Moonworks:Defend","Moonworks:Ambush+1","Moonworks:LongDistanceShot","Moonworks:ImOnFire","Moonworks:EvilSpyWorkPreparation+1","Moonworks:BigMagnum","Moonworks:MiracleRedBeanIceCream","Moonworks:BigBangBell","Moonworks:SakisCookie","Moonworks:MeltingMemories+1","Moonworks:IndiscriminateFireSupport","Moonworks:DeployBits","Moonworks:NicePresent","Moonworks:MetallicMonocoque","Shame","Moonworks:FullSpeedAlicianrone","The Bomb","Moonworks:StarBlastingFuse","Moonworks:BigMagnum+1","Moonworks:Heat300Percent+1"],"relics":["Moonworks:BrokenBomb","Moonworks:Homemark","Matryoshka","MawBank","Toy Ornithopter","Boot","White Beast Statue","Shovel","Akabeko","Pantograph","aspiration:StickyExplosives_weak","SacredBark","aspiration:FrozenJewel","theJungle:SpiritDisease","theJungle:PaperFaux","aspiration:SecretTechniqueScroll","CaptainsWheel","StrikeDummy"],"acts_visited":["Exordium","Exordium","TheBeyond"],"potions_floor_usage":[38,38,39,41],"damage_taken":[{"damage":1.0,"enemies":"Jaw Worm","floor":1.0,"turns":4.0},{"damage":7.0,"enemies":"Small Slimes","floor":2.0,"turns":3.0},{"damage":0.0,"enemies":"Cultist","floor":9.0,"turns":5.0},{"damage":8.0,"enemies":"3 Sentries","floor":11.0,"turns":4.0},{"damage":6.0,"enemies":"Cultist","floor":12.0,"turns":4.0},{"damage":5.0,"enemies":"Cultist","floor":14.0,"turns":2.0},{"damage":5.0,"enemies":"Slime Boss","floor":16.0,"turns":5.0},{"damage":6.0,"enemies":"theJungle:Flameango_and_Byrd","floor":18.0,"turns":4.0},{"damage":12.0,"enemies":"theJungle:GiantWrat","floor":20.0,"turns":4.0},{"damage":14.0,"enemies":"theJungle:Lyon","floor":21.0,"turns":3.0},{"damage":0.0,"enemies":"theJungle:2_Snecko_Cultists","floor":22.0,"turns":2.0},{"damage":21.0,"enemies":"theJungle:MamaSnecko","floor":23.0,"turns":5.0},{"damage":17.0,"enemies":"Snake Plant","floor":27.0,"turns":4.0},{"damage":5.0,"enemies":"theJungle:Lyon","floor":28.0,"turns":2.0},{"damage":16.0,"enemies":"theJungle:Snecko_Cultist_And_Trap","floor":31.0,"turns":4.0},{"damage":16.0,"enemies":"theJungle:TotemBoss","floor":33.0,"turns":4.0},{"damage":14.0,"enemies":"3 Darklings","floor":35.0,"turns":2.0},{"damage":11.0,"enemies":"3 Shapes","floor":37.0,"turns":1.0},{"damage":55,"enemies":"Mind Bloom Boss Battle","floor":38,"turns":3},{"damage":12,"enemies":"Writhing Mass","floor":39,"turns":2},{"damage":39,"enemies":"beaked:SuperParasite","floor":41,"turns":5}],"seed_played":"-7181772609809503669","potions_obtained":[{"floor":2.0,"key":"Block Potion"},{"floor":11.0,"key":"SteroidPotion"},{"floor":12.0,"key":"CultistPotion"},{"floor":14.0,"key":"SmokeBomb"},{"floor":20.0,"key":"PowerPotion"},{"floor":21.0,"key":"LiquidMemories"},{"floor":23.0,"key":"Fire Potion"},{"floor":27.0,"key":"GamblersBrew"},{"floor":28.0,"key":"BlessingOfTheForge"},{"floor":31.0,"key":"EssenceOfSteel"},{"floor":33.0,"key":"Strength Potion"},{"floor":35.0,"key":"LiquidMemories"},{"floor":37.0,"key":"Weak Potion"},{"floor":38,"key":"ColorlessPotion"},{"floor":39,"key":"Explosive Potion"}],"is_trial":false,"path_per_floor":["M","M","?","?","$","R","?","R","MIM","T","E","MIM","R","M","R","B",null,"M","?","M","M","M","E","?","?","T","M","M","$","?","M","R","B",null,"M","?","M","?","M","R","E"],"character_chosen":"THE_STARBREAKER","items_purchased":["The Bomb"],"campfire_rested":0,"item_purchase_floors":[29],"current_hp_per_floor":[65,58,51,51,51,51,51,51,51,51,43,42,42,42,42,61,66,60,60,58,54,59,45,45,45,45,40,40,40,31,22,22,54,66,52,52,41,21,19,19,0,0],"gold":339,"neow_bonus":"TEN_PERCENT_HP_BONUS","is_daily":false,"chose_seed":false,"campfire_upgraded":3,"win_rate":0.0,"timestamp":1613341616,"path_taken":["M","M","?","?","?","R","?","R","MIM","?","E","?","R","M","R","BOSS","M","?","M","M","?","E","?","?","T","M","?","$","?","M","R","BOSS","M","?","M","?","M","R","E"],"items_purchased_type":["Card"],"build_version":"2020-12-22","purchased_purges":1,"victory":false,"max_hp_per_floor":[66,66,66,66,66,66,66,66,66,66,66,66,66,66,66,66,66,66,66,66,66,66,66,66,66,66,66,66,66,66,66,66,66,66,66,66,66,66,66,66,66,66],"card_choices":[{"not_picked":["Moonworks:BigMagnum","Moonworks:LuckyCharm"],"picked":"Moonworks:ImOnFire","floor":1.0},{"not_picked":["Moonworks:ImOnFire","Moonworks:NicePresent"],"picked":"Moonworks:EvilSpyWorkPreparation","floor":2.0},{"not_picked":["Moonworks:Assault","Moonworks:UnluckyCharm"],"picked":"Moonworks:BigMagnum","floor":9.0},{"not_picked":["Moonworks:LulusLuckyEgg","Moonworks:CloudOfSeagulls"],"picked":"Moonworks:MiracleRedBeanIceCream","floor":11.0},{"not_picked":["Moonworks:DeployBits","Moonworks:ImOnFire"],"picked":"Moonworks:BigBangBell","floor":12.0},{"not_picked":["Moonworks:CloudOfSeagulls","Moonworks:DeployBits"],"picked":"Moonworks:SakisCookie","floor":14.0},{"not_picked":["Moonworks:Blazing","Moonworks:ShieldCounter"],"picked":"Moonworks:MeltingMemories","floor":16.0},{"not_picked":["Moonworks:DeployBits","Moonworks:LulusLuckyEgg+1"],"picked":"Moonworks:IndiscriminateFireSupport","floor":18.0},{"not_picked":["Moonworks:BindingChains","Moonworks:CloudOfSeagulls"],"picked":"Moonworks:DeployBits","floor":20.0},{"not_picked":["Moonworks:BigMagnum","Moonworks:Assault"],"picked":"Moonworks:NicePresent","floor":21.0},{"not_picked":["Moonworks:ImOnFire","Moonworks:JonathanRush","Moonworks:DeployBits+1"],"picked":"SKIP","floor":22.0},{"not_picked":["Moonworks:BindingChains","Moonworks:ImmovableObject"],"picked":"Moonworks:MetallicMonocoque","floor":23.0},{"not_picked":["Moonworks:MiracleRedBeanIceCream","Moonworks:ExtendedPhotonRifle"],"picked":"Moonworks:FullSpeedAlicianrone","floor":27.0},{"not_picked":["Moonworks:IndiscriminateFireSupport","Moonworks:TreasureThief","Moonworks:EvilSpyWorkPreparation"],"picked":"SKIP","floor":28.0},{"not_picked":["Moonworks:MiracleWalker","Moonworks:CastOff+1","Moonworks:DeployBits"],"picked":"SKIP","floor":31.0},{"not_picked":["Moonworks:MetallicMonocoque","Moonworks:ShieldCounter"],"picked":"Moonworks:StarBlastingFuse","floor":33.0},{"not_picked":["Moonworks:Dinner+1","Moonworks:RagingMadness"],"picked":"Moonworks:BigMagnum+1","floor":35.0},{"not_picked":["Moonworks:NicePresent+1","Moonworks:IndiscriminateFireSupport","Moonworks:LulusLuckyEgg"],"picked":"SKIP","floor":37.0},{"not_picked":["Moonworks:CloudOfSeagulls","Moonworks:Assault"],"picked":"Moonworks:Heat300Percent+1","floor":39}],"player_experience":417216,"relics_obtained":[{"floor":9.0,"key":"MawBank"},{"floor":9.0,"key":"Toy Ornithopter"},{"floor":10.0,"key":"Boot"},{"floor":10.0,"key":"White Beast Statue"},{"floor":11.0,"key":"Shovel"},{"floor":12.0,"key":"Akabeko"},{"floor":13.0,"key":"Pantograph"},{"floor":15.0,"key":"aspiration:StickyExplosives_weak"},{"floor":23.0,"key":"aspiration:FrozenJewel"},{"floor":38,"key":"CaptainsWheel"},{"floor":40,"key":"StrikeDummy"}],"event_choices":[{"damage_healed":0.0,"max_hp_gain":0.0,"max_hp_loss":0.0,"gold_gain":0.0,"event_name":"Scrap Ooze","player_choice":"Success","floor":3.0,"gold_loss":0.0,"damage_taken":7.0,"relics_obtained":["Matryoshka"]},{"cards_removed":["Moonworks:Strike"],"damage_healed":0.0,"max_hp_gain":0.0,"max_hp_loss":0.0,"gold_gain":0.0,"event_name":"The Cleric","player_choice":"Card Removal","floor":4.0,"gold_loss":50.0,"damage_taken":0.0},{"cards_removed":["Moonworks:Defend"],"damage_healed":0.0,"max_hp_gain":0.0,"max_hp_loss":0.0,"gold_gain":0.0,"event_name":"Wheel of Change","player_choice":"Card Removal","floor":7.0,"gold_loss":0.0,"damage_taken":0.0},{"damage_healed":0.0,"max_hp_gain":0.0,"max_hp_loss":0.0,"gold_gain":275.0,"event_name":"Golden Shrine","player_choice":"Desecrate","floor":19.0,"gold_loss":0.0,"damage_taken":0.0,"cards_obtained":["Regret"]},{"damage_healed":0.0,"max_hp_gain":0.0,"max_hp_loss":0.0,"gold_gain":0.0,"event_name":"Tomb of Lord Red Mask","player_choice":"Ignored","floor":36.0,"gold_loss":0.0,"damage_taken":0.0},{"damage_healed":0,"gold_gain":0,"player_choice":"Fight","damage_taken":0,"max_hp_gain":0,"max_hp_loss":0,"event_name":"MindBloom","floor":38,"gold_loss":0}],"is_beta":false,"boss_relics":[{"not_picked":["aspiration:RunicSpoon","aspiration:IroncladSkillbook"],"picked":"SacredBark"},{"not_picked":["SlaversCollar","aspiration:RandomNobGenerator"],"picked":"aspiration:SecretTechniqueScroll"}],"items_purged_floors":[5],"is_endless":false,"potions_floor_spawned":[2,11,12,14,16,18,20,21,22,23,27,28,31,33,35,37,38,39],"killed_by":"beaked:SuperParasite","ascension_level":0}}