{"host":"xu0zbcebhy6w9mdv","time":1613334263,"event":{"mods":["AchievementEnabler","Act Like it!","Aspiration","BaseMod","Better Match","Better Third Choice","BetterRewards","Colored Powertips","Downfall","Duelist Mod","Friendly Minions","Gensokyo","Hallownest","Hubris","Infinite Spire","Marisa????????","Minty Spire (QoL Compilation)","Potionbrewer","Quick Restart","READ ME - Guardian Mod","READ ME - Snecko Mod","Rare Cards Sparkle","Replay The Spire","Shop Mod","StSLib","The Animator","The Blackbeard","The Bug Knight","The Cursed","The Hierophant","The Necromancer","The Runesmith","The Servant 0.9.4"],"gold_per_floor":[119,119,119,139,139,173,273,293,361,361,375,410,425,442,442,543,543,563,574,534,550,563,563,563,563,582,582,637,668,668,469,469,489,489,585,585,603,603,603,618,636,664,681,681,681],"floor_reached":44,"language":"ENG","playtime":2224,"items_purged":[],"score":758,"play_id":"aba7f7d5-a4c8-4895-a3aa-7ba862b7f0bb","local_time":"20210214152423","is_ascension_mode":true,"campfire_choices":[{"floor":10,"key":"REST"},{"data":"ReplayTheSpireMod:Fabricate Wheel","floor":15,"key":"SMITH"},{"data":"Zap","floor":25,"key":"SMITH"},{"data":"BasicCrystalCard","floor":30,"key":"SMITH"},{"data":"Storm","floor":32,"key":"SMITH"},{"data":"Fusion","floor":34,"key":"SMITH"}],"circlet_count":0,"master_deck":["Strike_B+1","Strike_B","Defend_B","Defend_B","Defend_B","Zap+1","Dualcast","Self Repair","Electrodynamics+1","ReplayTheSpireMod:Uncanny Aura","BootSequence","Coolheaded","Fusion+1","Beam Cell","Genetic Algorithm","BasicCrystalCard+1","Thunder Strike","Storm+1","aspiration:Polymerization","Storm","Storm+1","Capacitor+1","BasicCrystalCard","Loop+1"],"relics":["Cracked Core","Onion Ring","Happy Flower","hubris:ToyBattleship","Mummified Hand","Centennial Puzzle","Prayer Wheel","Nuclear Battery","Tiny Chest","Replay:Mystery Machine","hubris:BallOfYels","Empty Cage","Gremlin Food"],"acts_visited":["Exordium","TheCity","TheBeyond"],"potions_floor_usage":[12,16,16,16,17,22,35,35,41,41,41,43],"damage_taken":[{"damage":2,"enemies":"2 Louse","floor":1,"turns":2},{"damage":0,"enemies":"Small Slimes","floor":4,"turns":3},{"damage":30,"enemies":"Lagavulin","floor":6,"turns":7},{"damage":2,"enemies":"Jaw Worm","floor":8,"turns":3},{"damage":3,"enemies":"Large Slime","floor":11,"turns":5},{"damage":0,"enemies":"Replay:BlueRogue","floor":12,"turns":4},{"damage":0,"enemies":"Exordium Thugs","floor":13,"turns":3},{"damage":0,"enemies":"Exordium Wildlife","floor":14,"turns":4},{"damage":13,"enemies":"Slime Boss","floor":16,"turns":6},{"damage":5,"enemies":"3 Byrds","floor":18,"turns":3},{"damage":0,"enemies":"2 Thieves","floor":19,"turns":2},{"damage":11,"enemies":"Snecko","floor":21,"turns":5},{"damage":5,"enemies":"Sentry and Sphere","floor":22,"turns":3},{"damage":6,"enemies":"Cultist and Chosen","floor":26,"turns":4},{"damage":0,"enemies":"theDuelist:KaibaA2","floor":29,"turns":3},{"damage":10,"enemies":"Centurion and Healer","floor":33,"turns":2},{"damage":18,"enemies":"hubris:MusketHawk","floor":35,"turns":6},{"damage":10,"enemies":"3 Shapes","floor":37,"turns":2},{"damage":6,"enemies":"Orb Walker","floor":40,"turns":3},{"damage":41,"enemies":"Maw","floor":41,"turns":5},{"damage":4,"enemies":"Reptomancer","floor":42,"turns":3},{"damage":15,"enemies":"3 Darklings","floor":43,"turns":4},{"damage":55,"enemies":"Giant Head","floor":44,"turns":6}],"seed_played":"-5818643540510847854","potions_obtained":[{"floor":1,"key":"Strength Potion"},{"floor":8,"key":"champ:CounterPotion"},{"floor":12,"key":"potionbrewer:ToxicPotion"},{"floor":14,"key":"Block Potion"},{"floor":16,"key":"potionbrewer:BlacksmithPotion"},{"floor":21,"key":"PowerPotion"},{"floor":22,"key":"Toxic Potion"},{"floor":26,"key":"Ancient Potion"},{"floor":35,"key":"Fire Potion"},{"floor":37,"key":"Languid Potion"},{"floor":40,"key":"Venom Potion"},{"floor":42,"key":"Explosive Potion"}],"is_trial":false,"path_per_floor":["M","?","?","M","?","E","?","M","T","R","M","E","M","M","R","B",null,"M","M","?","M","M","PTL","PTL","R","M","?","T","E","R","$","R","M","R","B",null,"M","?","?","M","M","E","M","E"],"character_chosen":"DEFECT","items_purchased":["Self Repair","Electrodynamics","ReplayTheSpireMod:Uncanny Aura","hubris:BallOfYels","Storm"],"campfire_rested":1,"item_purchase_floors":[0,0,0,31,31],"current_hp_per_floor":[72,72,72,75,75,52,34,32,32,54,58,72,75,75,75,69,75,75,75,75,71,73,73,73,73,74,74,74,75,75,75,75,65,65,54,75,72,72,72,66,32,35,27,0,0],"gold":681,"neow_bonus":"","is_daily":false,"chose_seed":false,"campfire_upgraded":5,"win_rate":0.0,"timestamp":1613334263,"path_taken":["M","?","?","M","?","E","?","M","T","R","M","E","M","M","R","BOSS","M","M","?","?","M","PTL","PTL","R","M","?","T","E","R","$","R","M","R","BOSS","M","?","?","?","M","E","M","E"],"items_purchased_type":["Card","Card","Card","Relic","Card"],"build_version":"2020-12-22","purchased_purges":0,"victory":false,"max_hp_per_floor":[75,75,75,75,75,75,75,75,75,75,75,75,75,75,75,75,75,75,75,75,75,75,75,75,75,75,75,75,75,75,75,75,75,75,75,75,75,75,75,75,75,75,75,75,75],"card_choices":[{"not_picked":["Auto Shields","ReplayGash"],"picked":"BootSequence","floor":1},{"not_picked":["Blizzard","Multi-Cast"],"picked":"Coolheaded","floor":4},{"not_picked":["ReplaySort","Force Field"],"picked":"Fusion","floor":6},{"not_picked":["Cold Snap","Streamline"],"picked":"Beam Cell","floor":7},{"not_picked":["Hologram","Conserve Battery"],"picked":"Genetic Algorithm","floor":8},{"not_picked":["Panic Button","BootSequence"],"picked":"ReplayTheSpireMod:Fabricate Wheel","floor":11},{"not_picked":["Hologram","Force Field"],"picked":"BasicCrystalCard","floor":12},{"not_picked":["Heatsinks","Stack","Fusion"],"picked":"SKIP","floor":13},{"not_picked":["Hologram","Blizzard","Turbo"],"picked":"SKIP","floor":14},{"not_picked":["Stack+1","Coolheaded","Conserve Battery"],"picked":"SKIP","floor":18},{"not_picked":["BasicCrystalCard","Conserve Battery+1","Turbo+1"],"picked":"SKIP","floor":18},{"not_picked":["ReplayTheSpireMod:GoodbyeWorld","Rebound"],"picked":"Storm","floor":19},{"not_picked":["Gash","Streamline","ReplayTheSpireMod:GoodbyeWorld"],"picked":"SKIP","floor":19},{"not_picked":["Rebound","Streamline"],"picked":"aspiration:Polymerization","floor":21},{"not_picked":["Melter+1","Coolheaded","hubris:Ukulele"],"picked":"SKIP","floor":21},{"not_picked":["Turbo","Thunder Strike","Beam Cell"],"picked":"SKIP","floor":22},{"not_picked":["Redo","Compile Driver","ReplayTheSpireMod:Calculation Training+1"],"picked":"SKIP","floor":22},{"not_picked":["Ball Lightning","Beam Cell","Steam"],"picked":"SKIP","floor":26},{"not_picked":["Time Bomb","Sunder+1","Beam Cell"],"picked":"SKIP","floor":26},{"not_picked":["BasicCrystalCard","Hologram+1","Fusion"],"picked":"SKIP","floor":29},{"not_picked":["Beam Cell","hubris:PowerSurge"],"picked":"Capacitor+1","floor":33},{"not_picked":["BasicCrystalCard+1","Redo","FTL+1"],"picked":"SKIP","floor":33},{"not_picked":["Compile Driver+1","ReplayGash+1","Cold Snap"],"picked":"SKIP","floor":37},{"not_picked":["Turbo+1","Conserve Battery+1","Barrage+1"],"picked":"SKIP","floor":37},{"not_picked":["ReplayTheSpireMod:Calculation Training","Reprogram","Go for the Eyes"],"picked":"SKIP","floor":40},{"not_picked":["Sweeping Beam+1","Leap","Steam+1"],"picked":"SKIP","floor":40},{"not_picked":["Leap+1","BasicCrystalCard"],"picked":"Loop+1","floor":41},{"not_picked":["Doom and Gloom+1","Chill","hubris:Prefetch"],"picked":"SKIP","floor":41},{"not_picked":["Core Surge","Glacier","Aggregate"],"picked":"SKIP","floor":42},{"not_picked":["Ball Lightning","Turbo","Tempest"],"picked":"SKIP","floor":43},{"not_picked":["Sweeping Beam","Compile Driver+1","Panic Button"],"picked":"SKIP","floor":43}],"player_experience":662902,"relics_obtained":[{"floor":2,"key":"Onion Ring"},{"floor":6,"key":"Happy Flower"},{"floor":7,"key":"hubris:ToyBattleship"},{"floor":9,"key":"Mummified Hand"},{"floor":12,"key":"Centennial Puzzle"},{"floor":28,"key":"Tiny Chest"},{"floor":29,"key":"Replay:Mystery Machine"},{"floor":42,"key":"Gremlin Food"}],"event_choices":[{"damage_healed":0,"gold_gain":0,"player_choice":"Ignored","damage_taken":0,"max_hp_gain":0,"max_hp_loss":0,"event_name":"Golden Wing","floor":3,"gold_loss":0},{"damage_healed":0,"gold_gain":0,"player_choice":"Upgrade","damage_taken":0,"max_hp_gain":0,"max_hp_loss":0,"event_name":"Designer","floor":20,"gold_loss":40,"cards_upgraded":["Storm"]},{"damage_healed":0,"gold_gain":0,"player_choice":"Ignored","damage_taken":0,"max_hp_gain":0,"max_hp_loss":0,"event_name":"Vampires","floor":27,"gold_loss":0},{"damage_healed":0,"gold_gain":0,"player_choice":"Ignored","damage_taken":0,"max_hp_gain":0,"max_hp_loss":0,"event_name":"Tomb of Lord Red Mask","floor":38,"gold_loss":0},{"damage_healed":0,"gold_gain":0,"cards_transformed":["Strike_B"],"player_choice":"Transformed","damage_taken":0,"max_hp_gain":0,"max_hp_loss":0,"event_name":"Transmorgrifier","floor":39,"gold_loss":0,"cards_obtained":["BasicCrystalCard"]}],"is_beta":false,"boss_relics":[{"not_picked":["SacredBark","potionbrewer:BhaskarasWheel"],"picked":"Nuclear Battery"},{"not_picked":["aspiration:RitualDagger","hubris:CrackedHourglass"],"picked":"Empty Cage"}],"items_purged_floors":[],"is_endless":false,"potions_floor_spawned":[1,8,12,14,16,21,22,26,29,35,37,40,42],"killed_by":"Giant Head","ascension_level":1}}