{"host":"oknzaotplmnl5xaf","time":1613343770,"event":{"mods":["BaseMod","Colored Map","Highlight Path","Minty Spire (QoL Compilation)","Permanent Neow","Quick Restart","Relic Stats"],"gold_per_floor":[144,189,14,59,59,59,149,149,149,239,284,329,377,422,422,722,722,767,197,197,242,287,377,422,422,472,517,607,652,652,697,697,997,997,1042,672,717,392,437,527,572,662,737,737,737,737,827,884,896,908],"floor_reached":51,"language":"ENG","playtime":2784,"items_purged":[],"score":991,"play_id":"ff08cee0-201e-4fa0-b6fb-e4baf6de9399","local_time":"20210214180250","daily_mods":["Draft","Diverse","Midas"],"is_ascension_mode":false,"campfire_choices":[{"floor":6,"key":"REST"},{"floor":8,"key":"REST"},{"floor":15,"key":"REST"},{"floor":25,"key":"REST"},{"floor":32,"key":"REST"},{"floor":44,"key":"REST"},{"floor":46,"key":"REST"},{"floor":49,"key":"REST"}],"circlet_count":0,"master_deck":["Go for the Eyes","Shrug It Off","Ball Lightning","Dodge and Roll","Cold Snap","Acrobatics","CrushJoints","BattleHymn","Leap","Slice","Clothesline","Hologram","Cloak And Dagger","CutThroughFate","SashWhip","Conclude","Protect","Seek","Sweeping Beam","FollowUp","Inflame","Berserk","Deflect","Apotheosis","CutThroughFate+1","Shockwave+1","Demon Form+1","Second Wind","Steam","Shrug It Off","Acrobatics","Coolheaded","Adrenaline","Steam+1","TalkToTheHand","EmptyMind+1","ThirdEye+1"],"relics":["Burning Blood","Membership Card","Red Skull","Pear","Bottled Tornado","Odd Mushroom","Philosopher\u0027s Stone","TungstenRod","Dead Branch","Orrery","MutagenicStrength","Art of War","Orichalcum","Matryoshka","Centennial Puzzle","Runic Pyramid","OrangePellets","Self Forming Clay","Paper Frog","Sling","White Beast Statue","Singing Bowl","Smiling Mask","Omamori","Vajra","Frozen Egg 2","MawBank"],"acts_visited":["Exordium","TheCity","TheBeyond"],"potions_floor_usage":[16,19,19,28,35,41,50],"damage_taken":[{"damage":1,"enemies":"Jaw Worm","floor":1,"turns":3},{"damage":0,"enemies":"Cultist","floor":2,"turns":2},{"damage":0,"enemies":"2 Louse","floor":4,"turns":2},{"damage":16,"enemies":"Lagavulin","floor":7,"turns":5},{"damage":3,"enemies":"3 Sentries","floor":10,"turns":5},{"damage":0,"enemies":"Red Slaver","floor":11,"turns":3},{"damage":0,"enemies":"Large Slime","floor":12,"turns":4},{"damage":17,"enemies":"The Mushroom Lair","floor":13,"turns":3},{"damage":13,"enemies":"Exordium Wildlife","floor":14,"turns":3},{"damage":40,"enemies":"Hexaghost","floor":16,"turns":6},{"damage":22,"enemies":"2 Thieves","floor":18,"turns":3},{"damage":3,"enemies":"3 Byrds","floor":21,"turns":5},{"damage":0,"enemies":"Cultist and Chosen","floor":22,"turns":4},{"damage":10,"enemies":"Book of Stabbing","floor":23,"turns":5},{"damage":6,"enemies":"Shelled Parasite and Fungi","floor":24,"turns":4},{"damage":0,"enemies":"Centurion and Healer","floor":27,"turns":4},{"damage":27,"enemies":"Slavers","floor":28,"turns":4},{"damage":0,"enemies":"Snecko","floor":29,"turns":4},{"damage":3,"enemies":"Shelled Parasite and Fungi","floor":31,"turns":4},{"damage":16,"enemies":"Automaton","floor":33,"turns":8},{"damage":20,"enemies":"3 Darklings","floor":35,"turns":6},{"damage":5,"enemies":"Orb Walker","floor":37,"turns":3},{"damage":18,"enemies":"Writhing Mass","floor":39,"turns":6},{"damage":0,"enemies":"Giant Head","floor":40,"turns":3},{"damage":21,"enemies":"4 Shapes","floor":41,"turns":6},{"damage":7,"enemies":"Reptomancer","floor":42,"turns":4},{"damage":0,"enemies":"Nemesis","floor":47,"turns":5},{"damage":19,"enemies":"Jaw Worm Horde","floor":48,"turns":3},{"damage":28,"enemies":"Donu and Deca","floor":50,"turns":10}],"seed_played":"-463004689936713651","potions_obtained":[{"floor":1,"key":"Ancient Potion"},{"floor":2,"key":"Weak Potion"},{"floor":14,"key":"FearPotion"},{"floor":16,"key":"BloodPotion"},{"floor":18,"key":"Weak Potion"},{"floor":28,"key":"ElixirPotion"},{"floor":33,"key":"Weak Potion"},{"floor":39,"key":"Fruit Juice"},{"floor":41,"key":"DuplicationPotion"}],"is_trial":false,"path_per_floor":["M","M","$","M","?","R","E","R","T","E","M","M","?","M","R","B",null,"M","$","?","M","M","E","M","R","T","M","E","M","?","M","R","B",null,"M","$","M","$","M","E","M","E","T","R","?","R","E","M","R","B",null],"character_chosen":"IRONCLAD","items_purchased":["Membership Card","PowerPotion","TungstenRod","Apotheosis","Dead Branch","Fruit Juice","FairyPotion","Orrery","OrangePellets","TalkToTheHand","Self Forming Clay","AttackPotion","Paper Frog","Sling","White Beast Statue","Singing Bowl"],"campfire_rested":8,"item_purchase_floors":[3,3,19,19,19,19,19,19,36,36,36,36,36,38,38,38],"current_hp_per_floor":[80,80,80,80,80,80,70,80,90,90,90,90,79,72,90,56,90,74,95,95,95,95,91,91,95,95,95,74,80,80,83,95,85,95,81,81,82,82,72,80,72,73,73,105,105,108,110,97,110,88],"gold":920,"neow_bonus":"","is_daily":true,"chose_seed":false,"campfire_upgraded":0,"win_rate":0.0,"timestamp":1613343770,"path_taken":["M","M","$","M","?","R","E","R","T","E","M","M","?","M","R","BOSS","M","$","?","M","M","E","M","R","T","M","E","M","?","M","R","BOSS","M","$","?","$","M","E","M","E","T","R","?","R","E","M","R","BOSS"],"items_purchased_type":["Relic","Potion","Relic","Card","Relic","Potion","Potion","Relic","Relic","Card","Relic","Potion","Relic","Relic","Relic","Relic"],"build_version":"2020-12-22","purchased_purges":0,"victory":true,"max_hp_per_floor":[80,80,80,80,80,80,80,80,90,90,90,90,90,90,90,90,90,90,95,95,95,95,95,95,95,95,95,95,95,95,95,95,95,95,95,95,95,95,97,99,106,108,108,108,108,108,110,110,110,110],"relic_stats":{"Singing Bowl":10,"counters":[29,127],"Self Forming Clay":[33],"Dead Branch":[144],"Orichalcum":[72],"Smiling Mask":0,"MawBank":48,"Burning Blood":121,"OrangePellets":[19],"Centennial Puzzle":[27],"Art of War":[4],"obtain_stats":[{"Singing Bowl":38,"Vajra":43,"Bottled Tornado":10,"Sling":38,"Smiling Mask":40,"Burning Blood":0,"Centennial Puzzle":30,"Matryoshka":28,"Philosopher\u0027s Stone":17,"Red Skull":7,"Runic Pyramid":34,"Paper Frog":36,"Pear":9,"Self Forming Clay":36,"Dead Branch":19,"Omamori":42,"Odd Mushroom":13,"Orichalcum":26,"Frozen Egg 2":43,"MawBank":47,"White Beast Statue":38,"OrangePellets":36,"MutagenicStrength":20,"Orrery":19,"Art of War":23,"Membership Card":3,"TungstenRod":19},{"Singing Bowl":22,"Vajra":26,"Bottled Tornado":5,"Sling":22,"Smiling Mask":24,"Burning Blood":0,"Centennial Puzzle":18,"Matryoshka":17,"Philosopher\u0027s Stone":10,"Red Skull":4,"Runic Pyramid":20,"Paper Frog":21,"Pear":4,"Self Forming Clay":21,"Dead Branch":11,"Omamori":26,"Odd Mushroom":8,"Orichalcum":15,"Frozen Egg 2":26,"MawBank":27,"White Beast Statue":22,"OrangePellets":21,"MutagenicStrength":11,"Orrery":11,"Art of War":14,"Membership Card":2,"TungstenRod":11},{"Singing Bowl":90,"Vajra":109,"Bottled Tornado":17,"Sling":90,"Smiling Mask":99,"Burning Blood":0,"Centennial Puzzle":69,"Matryoshka":65,"Philosopher\u0027s Stone":36,"Red Skull":12,"Runic Pyramid":81,"Paper Frog":87,"Pear":12,"Self Forming Clay":87,"Dead Branch":39,"Omamori":109,"Odd Mushroom":27,"Orichalcum":57,"Frozen Egg 2":109,"MawBank":114,"White Beast Statue":90,"OrangePellets":87,"MutagenicStrength":39,"Orrery":39,"Art of War":53,"Membership Card":5,"TungstenRod":39}],"TungstenRod":43},"card_choices":[{"not_picked":["Recycle","Consecrate"],"picked":"Go for the Eyes","floor":0},{"not_picked":["Terror","Conserve Battery"],"picked":"Shrug It Off","floor":0},{"not_picked":["Accuracy","SashWhip"],"picked":"Ball Lightning","floor":0},{"not_picked":["WindmillStrike","Collect"],"picked":"Dodge and Roll","floor":0},{"not_picked":["White Noise","Calculated Gamble"],"picked":"Cold Snap","floor":0},{"not_picked":["Capacitor","Study"],"picked":"Acrobatics","floor":0},{"not_picked":["Stack","Halt"],"picked":"CrushJoints","floor":0},{"not_picked":["Redo","Stack"],"picked":"BattleHymn","floor":0},{"not_picked":["CrushJoints","Clash"],"picked":"Leap","floor":0},{"not_picked":["Escape Plan","Stack"],"picked":"Slice","floor":0},{"not_picked":["Dodge and Roll","ForeignInfluence"],"picked":"Clothesline","floor":0},{"not_picked":["Searing Blow","Turbo"],"picked":"Hologram","floor":0},{"not_picked":["Searing Blow","BowlingBash"],"picked":"Cloak And Dagger","floor":0},{"not_picked":["Havoc","Thunderclap"],"picked":"CutThroughFate","floor":0},{"not_picked":["Warcry","Reflex"],"picked":"SashWhip","floor":0},{"not_picked":["Outmaneuver","BowlingBash"],"picked":"Conclude","floor":1},{"not_picked":["BootSequence","BowlingBash","Barrage"],"picked":"SKIP","floor":2},{"not_picked":["Deflect","JustLucky"],"picked":"Protect","floor":4},{"not_picked":["InnerPeace","Escape Plan"],"picked":"Seek","floor":7},{"not_picked":["JustLucky","Deadly Poison"],"picked":"Sweeping Beam","floor":10},{"not_picked":["Undo","Flying Knee"],"picked":"FollowUp","floor":11},{"not_picked":["Sweeping Beam","PathToVictory"],"picked":"Inflame","floor":12},{"not_picked":["Body Slam","Heavy Blade","Thunderclap"],"picked":"SKIP","floor":14},{"not_picked":["Burst","Storm of Steel"],"picked":"Berserk","floor":16},{"not_picked":["Body Slam","Rebound"],"picked":"Deflect","floor":18},{"not_picked":["WreathOfFlame","PathToVictory"],"picked":"CutThroughFate+1","floor":19},{"not_picked":["Dodge and Roll","Thunderclap+1"],"picked":"Shockwave+1","floor":19},{"not_picked":["Underhanded Strike+1","Heatsinks"],"picked":"Demon Form","floor":19},{"not_picked":["Clothesline","WindmillStrike+1"],"picked":"Second Wind","floor":19},{"not_picked":["Cleave","Outmaneuver"],"picked":"Steam","floor":21},{"not_picked":["FollowUp","Sword Boomerang"],"picked":"Shrug It Off","floor":22},{"not_picked":["Rebound","Go for the Eyes","Adaptation+1"],"picked":"SKIP","floor":23},{"not_picked":["InnerPeace","Amplify"],"picked":"Acrobatics","floor":24},{"not_picked":["Headbutt+1","Shockwave","Iron Wave"],"picked":"SKIP","floor":27},{"not_picked":["Clothesline","FlyingSleeves+1","Beam Cell"],"picked":"SKIP","floor":28},{"not_picked":["Dual Wield+1","Seeing Red"],"picked":"Coolheaded","floor":29},{"not_picked":["Uppercut","Weave","Sunder"],"picked":"SKIP","floor":31},{"not_picked":["Alpha","Core Surge"],"picked":"Adrenaline","floor":33},{"not_picked":["Infinite Blades","Perfected Strike"],"picked":"Steam+1","floor":35},{"not_picked":["Infernal Blade+1","Iron Wave"],"picked":"EmptyMind+1","floor":37},{"not_picked":["JustLucky+1","Capacitor+1","Prepared+1"],"picked":"Singing Bowl","floor":39},{"not_picked":["BowlingBash+1","SandsOfTime+1","Eviscerate"],"picked":"Singing Bowl","floor":40},{"not_picked":["FollowUp+1","Sword Boomerang+1","Rampage+1"],"picked":"Singing Bowl","floor":41},{"not_picked":["Crescendo+1","Second Wind+1","Establishment"],"picked":"Singing Bowl","floor":42},{"not_picked":["Undo","Nirvana+1","PiercingWail"],"picked":"Singing Bowl","floor":47},{"not_picked":["Rage+1","Bane"],"picked":"ThirdEye+1","floor":48}],"player_experience":1547054,"relics_obtained":[{"floor":7,"key":"Red Skull"},{"floor":9,"key":"Pear"},{"floor":10,"key":"Bottled Tornado"},{"floor":13,"key":"Odd Mushroom"},{"floor":23,"key":"Art of War"},{"floor":26,"key":"Orichalcum"},{"floor":28,"key":"Matryoshka"},{"floor":30,"key":"Centennial Puzzle"},{"floor":40,"key":"Smiling Mask"},{"floor":42,"key":"Omamori"},{"floor":43,"key":"Vajra"},{"floor":43,"key":"Frozen Egg 2"},{"floor":47,"key":"MawBank"}],"event_choices":[{"damage_healed":0,"gold_gain":0,"player_choice":"Ignored","damage_taken":0,"max_hp_gain":0,"max_hp_loss":0,"event_name":"Liars Game","floor":5,"gold_loss":0},{"damage_healed":0,"gold_gain":0,"player_choice":"Fought Mushrooms","damage_taken":0,"max_hp_gain":0,"max_hp_loss":0,"event_name":"Mushrooms","floor":13,"gold_loss":0},{"damage_healed":0,"gold_gain":0,"player_choice":"Inject Mutagens","damage_taken":0,"relics_obtained":["MutagenicStrength"],"max_hp_gain":0,"max_hp_loss":0,"event_name":"Drug Dealer","floor":20,"gold_loss":0},{"damage_healed":0,"gold_gain":0,"player_choice":"Relic","damage_taken":0,"max_hp_gain":0,"max_hp_loss":0,"event_name":"Wheel of Change","floor":30,"gold_loss":0},{"damage_healed":0,"gold_gain":0,"player_choice":"Upgraded","damage_taken":0,"max_hp_gain":0,"max_hp_loss":0,"event_name":"Upgrade Shrine","floor":45,"gold_loss":0,"cards_upgraded":["Demon Form"]}],"is_beta":false,"boss_relics":[{"not_picked":["Calling Bell","Empty Cage"],"picked":"Philosopher\u0027s Stone"},{"not_picked":["Velvet Choker","SlaversCollar"],"picked":"Runic Pyramid"}],"items_purged_floors":[],"is_endless":false,"potions_floor_spawned":[1,2,12,14,16,18,22,24,28,33,37,39,40,41,42,47,48],"ascension_level":0}}