{"host":"mytek2nu1hrzdnew","time":1613328069,"event":{"mods":["AchievementEnabler","Act Like it!","Aspiration","BaseMod","Bossed Relics","GifTheSpireLib","Hubris","Minty Spire (QoL Compilation)","Replay The Spire","StSLib","Stuff the Spire","The Dragonkin","Uncapped"],"gold_per_floor":[115,129,56,56,71,106,124,158,158,173,173,186,186,111,111,207,207,221,121,121,131,149,178,178,194,194,194,212,226,258,277,277,382,382,382],"floor_reached":34,"language":"ENG","playtime":3414,"items_purged":["theDragonkin:HolySmite","theDragonkin:Strike"],"score":431,"play_id":"363a506e-2181-4dfa-9aae-f8461e98a1dc","local_time":"20210214134109","is_ascension_mode":false,"campfire_choices":[{"floor":11,"key":"REST"},{"data":"theDragonkin:MagnussCorona","floor":15,"key":"SMITH"},{"data":"theDragonkin:EnduringAgony","floor":24,"key":"SMITH"},{"data":"theDragonkin:Sizzle","floor":27,"key":"SMITH"},{"data":"theDragonkin:SandBreath","floor":32,"key":"SMITH"}],"circlet_count":0,"master_deck":["theDragonkin:Strike","theDragonkin:Strike","theDragonkin:Defend","theDragonkin:Defend","theDragonkin:Defend","theDragonkin:Defend","theDragonkin:BlazingBreath","theDragonkin:DivineJolt","theDragonkin:AcidBreath","theDragonkin:VoiceofOrder","theDragonkin:MiasmicBreath","theDragonkin:DivineFire","theDragonkin:EmberSwipe","theDragonkin:AcidBreath","theDragonkin:BurningRage","theDragonkin:MagnussCorona+1","theDragonkin:EnduringAgony+1","theDragonkin:BurningRage+1","theDragonkin:MoltenBreath","theDragonkin:Sizzle+1","theDragonkin:SandBreath+1","theDragonkin:AshBreath","theDragonkin:BurningRage+1","theDragonkin:FlameBreath","theDragonkin:BurnAfterReading"],"relics":["theDragonkin:GarnetScale","StuffTheSpire:Gunfinga","Shuriken","StuffTheSpire:ForceGauntlet","aspiration:BabyByrd","theDragonkin:Sulfurian","Replay:Towering Pillar of Hats","Meat on the Bone","StuffTheSpire:Rhapsscallions","Ring of Chaos"],"acts_visited":["Exordium","TheCity"],"potions_floor_usage":[8,16,22,28],"damage_taken":[{"damage":6,"enemies":"Jaw Worm","floor":1,"turns":7},{"damage":5,"enemies":"2 Louse","floor":2,"turns":3},{"damage":2,"enemies":"Small Slimes","floor":5,"turns":4},{"damage":42,"enemies":"Gremlin Nob","floor":6,"turns":6},{"damage":0,"enemies":"3 Louse","floor":7,"turns":3},{"damage":6,"enemies":"Replay:BlueRogue","floor":8,"turns":5},{"damage":11,"enemies":"Large Slime","floor":10,"turns":4},{"damage":1,"enemies":"Red Slaver","floor":12,"turns":3},{"damage":34,"enemies":"Hexaghost","floor":16,"turns":8},{"damage":0,"enemies":"Spheric Guardian","floor":18,"turns":3},{"damage":0,"enemies":"Chosen","floor":21,"turns":4},{"damage":1,"enemies":"Centurion and Healer","floor":22,"turns":5},{"damage":15,"enemies":"Gremlin Leader","floor":23,"turns":5},{"damage":2,"enemies":"3 Cultists","floor":25,"turns":4},{"damage":19,"enemies":"Shelled Parasite and Fungi","floor":28,"turns":5},{"damage":21,"enemies":"Chosen and Byrds","floor":29,"turns":6},{"damage":4,"enemies":"Book of Stabbing","floor":30,"turns":5},{"damage":2,"enemies":"Centurion and Healer","floor":31,"turns":5},{"damage":12,"enemies":"Champ","floor":33,"turns":10}],"seed_played":"-5154797116150436880","potions_obtained":[{"floor":7,"key":"Regen Potion"},{"floor":8,"key":"PowerPotion"},{"floor":10,"key":"Dexterity Potion"},{"floor":12,"key":"SkillPotion"},{"floor":16,"key":"theDragonkin:DragonkinRarePotion"},{"floor":25,"key":"Fire Potion"},{"floor":28,"key":"SkillPotion"}],"is_trial":false,"path_per_floor":["M","M","$","?","M","E","M","E","T","M","R","M","?","$","R","B",null,"M","$","?","M","M","E","R","M","T","R","M","M","E","M","R","B",null],"character_chosen":"THE_DRAGONKIN","items_purchased":["theDragonkin:VoiceofOrder"],"campfire_rested":1,"item_purchase_floors":[3],"current_hp_per_floor":[87,82,82,87,85,43,43,51,51,40,69,68,68,68,68,34,98,98,98,98,98,97,82,82,80,80,80,61,52,62,60,60,60,60,60],"gold":382,"neow_bonus":"TEN_PERCENT_HP_BONUS","is_daily":false,"chose_seed":false,"campfire_upgraded":4,"win_rate":0.0,"timestamp":1613328069,"path_taken":["M","M","$","?","M","E","M","E","T","M","R","M","?","$","R","BOSS","M","$","?","M","M","E","R","M","T","R","M","M","E","M","R","BOSS"],"items_purchased_type":["Card"],"build_version":"2020-12-22","purchased_purges":2,"victory":false,"max_hp_per_floor":[93,93,93,98,98,98,98,98,98,98,98,98,98,98,98,98,98,98,98,98,98,98,98,98,98,98,98,98,98,100,100,100,100,100,100],"card_choices":[{"not_picked":["theDragonkin:AcidBreath","theDragonkin:GooGrip"],"picked":"theDragonkin:DivineJolt","floor":1},{"not_picked":["theDragonkin:CorrosiveBelch","theDragonkin:AncestralSeance"],"picked":"theDragonkin:AcidBreath","floor":2},{"not_picked":["theDragonkin:DivineFire","theDragonkin:CorrosiveBelch"],"picked":"theDragonkin:MiasmicBreath","floor":5},{"not_picked":["theDragonkin:HolyWordBarrier","theDragonkin:PlagueSwipe"],"picked":"theDragonkin:DivineFire","floor":6},{"not_picked":["theDragonkin:MiasmicBreath","theDragonkin:HolyFlask"],"picked":"theDragonkin:EmberSwipe","floor":7},{"not_picked":["theDragonkin:ShieldBash","theDragonkin:Detox"],"picked":"theDragonkin:AcidBreath","floor":8},{"not_picked":["theDragonkin:DeepBreath","theDragonkin:ControlledBreath"],"picked":"theDragonkin:BurningRage","floor":10},{"not_picked":["theDragonkin:ControlledBreath","theDragonkin:CorrosiveBelch"],"picked":"theDragonkin:MagnussCorona","floor":12},{"not_picked":["theDragonkin:FlameBreath","theDragonkin:HolyWordBarrier"],"picked":"theDragonkin:EnduringAgony","floor":18},{"not_picked":["theDragonkin:DivineJolt","theDragonkin:ControlledBreath+1"],"picked":"theDragonkin:BurningRage+1","floor":21},{"not_picked":["theDragonkin:HolyShock","theDragonkin:DivineFire","theDragonkin:SlowBurn"],"picked":"SKIP","floor":22},{"not_picked":["theDragonkin:PrismaticBreath","theDragonkin:HammerOfWrath+1"],"picked":"theDragonkin:MoltenBreath","floor":23},{"not_picked":["theDragonkin:MiasmicBreath+1","theDragonkin:ControlledBreath+1"],"picked":"theDragonkin:Sizzle","floor":25},{"not_picked":["theDragonkin:HolyWordBarrier","theDragonkin:FlameBreath"],"picked":"theDragonkin:SandBreath","floor":28},{"not_picked":["theDragonkin:Sizzle+1","theDragonkin:RevelationBreath"],"picked":"theDragonkin:AshBreath","floor":29},{"not_picked":["theDragonkin:FlashofLight","theDragonkin:DeepBreath"],"picked":"theDragonkin:BurningRage+1","floor":30},{"not_picked":["theDragonkin:HeatShield","theDragonkin:SlowBurn"],"picked":"theDragonkin:FlameBreath","floor":31},{"not_picked":["theDragonkin:Subdue","theDragonkin:Condemnation"],"picked":"theDragonkin:BurnAfterReading","floor":33}],"player_experience":1076041,"relics_obtained":[{"floor":6,"key":"StuffTheSpire:Gunfinga"},{"floor":8,"key":"Shuriken"},{"floor":9,"key":"StuffTheSpire:ForceGauntlet"},{"floor":23,"key":"Replay:Towering Pillar of Hats"},{"floor":26,"key":"Meat on the Bone"},{"floor":30,"key":"StuffTheSpire:Rhapsscallions"}],"event_choices":[{"damage_healed":0,"gold_gain":0,"player_choice":"Donut","damage_taken":0,"max_hp_gain":5,"max_hp_loss":0,"event_name":"Big Fish","floor":4,"gold_loss":0},{"damage_healed":0,"gold_gain":0,"player_choice":"Ignored","damage_taken":0,"max_hp_gain":0,"max_hp_loss":0,"event_name":"Ghosts","floor":20,"gold_loss":0}],"is_beta":false,"boss_relics":[{"not_picked":["Fusion Hammer","Replay:Bronze Core"],"picked":"theDragonkin:Sulfurian"},{"not_picked":["aspiration:DefectSkillbook","Replay:Grab Bag"],"picked":"Ring of Chaos"}],"items_purged_floors":[14,19],"is_endless":false,"potions_floor_spawned":[7,8,10,12,16,21,25,28,30],"ascension_level":0}}