{"host":"24j0rle15g8q9bc9","time":1613282514,"event":{"mods":["2.2 Compatiblity","Act Like it!","Bartender","BaseMod","Better Note","Colored Map","Colored Powertips","DeckTracker","Downfall","Elementarium","Hallownest","Hubris","Jorbs\u0027s Wanderer Trilogy","Minty Spire (QoL Compilation)","Rare Cards Sparkle","Remilia??????","StSLib","The Bug Knight","The Death Knight","The Necromancer","Treasure Hunter"],"gold_per_floor":[131,131,62,12,12,40,40,55,55,82,98,118,118,137,137,238,288,306,306,306,321,321,321,348,348,348,359,373,373,14,46,46,151,151,161,161,176,176,194,194,194],"floor_reached":40,"language":"ENG","playtime":3047,"items_purged":["Defend_R"],"score":484,"play_id":"db0109bb-9167-4ff6-9732-f38f75dd1239","local_time":"20210214020154","is_ascension_mode":false,"campfire_choices":[{"data":"Pommel Strike","floor":7,"key":"SMITH"},{"data":"hubris:CleavingFinish","floor":13,"key":"SMITH"},{"floor":15,"key":"REST"},{"data":"Berserk","floor":23,"key":"SMITH"},{"floor":25,"key":"REST"},{"floor":29,"key":"REST"},{"data":"Demon Form","floor":32,"key":"SMITH"}],"circlet_count":0,"master_deck":["Strike_R","Strike_R","Strike_R+1","Strike_R","Defend_R","Defend_R","Defend_R","Bash+1","hubris:CleavingFinish+1","Combust","Pommel Strike+1","Flex","Uppercut+1","Headbutt+1","Anger+1","Offering","Headbutt+1","Dual Wield+1","Shrug It Off","Whirlwind+1","Flex+1","Iron Wave+1","Demon Form+1","Pummel+1","Heavy Blade+1","Blood for Blood+1"],"relics":["Burning Blood","Meat on the Bone","Molten Egg 2","Pen Nib","Tiny House","Nloth\u0027s Gift","Eternal Feather","hubris:TinFlute","hubris:Metronome","Protect_Vest","Black Star","hubris:Towel"],"acts_visited":["Exordium","TheCity","TheBeyond"],"potions_floor_usage":[16,18,18,31,33,39,40],"damage_taken":[{"damage":1,"enemies":"Jaw Worm","floor":1,"turns":5},{"damage":23,"enemies":"Gremlin Nob","floor":6,"turns":4},{"damage":0,"enemies":"Small Slimes","floor":8,"turns":2},{"damage":41,"enemies":"3 Sentries","floor":10,"turns":8},{"damage":0,"enemies":"Cultist","floor":11,"turns":2},{"damage":7,"enemies":"Lots of Slimes","floor":12,"turns":2},{"damage":12,"enemies":"Looter","floor":14,"turns":3},{"damage":8,"enemies":"Slime Boss","floor":16,"turns":4},{"damage":32,"enemies":"3 Byrds","floor":18,"turns":3},{"damage":21,"enemies":"2 Thieves","floor":21,"turns":3},{"damage":50,"enemies":"Slavers","floor":24,"turns":6},{"damage":44,"enemies":"3 Cultists","floor":27,"turns":5},{"damage":30,"enemies":"Snake Plant","floor":28,"turns":4},{"damage":18,"enemies":"Gremlin Leader","floor":31,"turns":3},{"damage":76,"enemies":"Automaton","floor":33,"turns":8},{"damage":29,"enemies":"3 Shapes","floor":35,"turns":2},{"damage":16,"enemies":"Orb Walker","floor":37,"turns":3},{"damage":18,"enemies":"Writhing Mass","floor":39,"turns":3},{"damage":59,"enemies":"Giant Head","floor":40,"turns":6}],"seed_played":"7241867205253210129","potions_obtained":[{"floor":1,"key":"SkillPotion"},{"floor":12,"key":"SpeedPotion"},{"floor":14,"key":"Regen Potion"},{"floor":17,"key":"Fruit Juice"},{"floor":27,"key":"champ:CounterPotion"},{"floor":31,"key":"Block Potion"},{"floor":33,"key":"hexamod:SoulburnPotion"},{"floor":37,"key":"SkillPotion"}],"is_trial":false,"path_per_floor":["M","?","$","?","$","E","R","M","T","E","M","M","R","M","R","B",null,"M","$","?","M","?","R","E","R","T","M","M","R","$","E","R","B",null,"M","?","M","?","M","E"],"character_chosen":"IRONCLAD","items_purchased":["Combust","hubris:Metronome","Iron Wave+1"],"campfire_rested":3,"item_purchase_floors":[3,30,30],"current_hp_per_floor":[80,80,80,80,80,63,63,69,69,46,52,51,51,57,80,78,85,74,74,90,75,75,75,43,82,82,56,44,83,83,71,83,25,90,67,67,57,57,57,0,0],"gold":194,"neow_bonus":"RANDOM_COMMON_RELIC","is_daily":false,"chose_seed":false,"campfire_upgraded":4,"win_rate":0.0,"timestamp":1613282514,"path_taken":["M","?","$","?","?","E","R","M","T","E","M","M","R","M","R","BOSS","M","$","?","M","?","R","E","R","T","?","M","R","$","E","R","BOSS","M","?","M","?","M","E"],"items_purchased_type":["Card","Relic","Card"],"build_version":"2020-12-22","purchased_purges":1,"victory":false,"max_hp_per_floor":[80,80,80,80,80,80,80,80,80,80,80,80,80,80,80,80,85,90,90,90,90,90,90,90,90,90,90,90,90,90,90,90,90,90,90,90,90,90,90,90,90],"card_choices":[{"not_picked":["Entrench","Headbutt"],"picked":"hubris:CleavingFinish","floor":1},{"not_picked":["Perfected Strike","Headbutt"],"picked":"Pommel Strike","floor":6},{"not_picked":["TH:DeckOfManyThings","TH:ElvenBoots"],"picked":"SKIP","floor":6},{"not_picked":["Body Slam","Disarm"],"picked":"Flex","floor":8},{"not_picked":["TH:DeckOfManyThings","TH:TreasureMap"],"picked":"SKIP","floor":9},{"not_picked":["Warcry","Combust"],"picked":"Uppercut+1","floor":10},{"not_picked":["TH:Mimic","TH:CopperCoins"],"picked":"SKIP","floor":10},{"not_picked":["Clothesline+1","Sword Boomerang+1"],"picked":"Headbutt+1","floor":11},{"not_picked":["Reckless Charge+1","Body Slam+1"],"picked":"Anger+1","floor":12},{"not_picked":["Spot Weakness","Twin Strike+1"],"picked":"Offering","floor":14},{"not_picked":["Bludgeon+1","Double Tap"],"picked":"Berserk","floor":16},{"not_picked":["True Grit","Shockwave"],"picked":"Headbutt+1","floor":17},{"not_picked":["Pommel Strike+1","hubris:CleavingFinish+1"],"picked":"Dual Wield+1","floor":18},{"not_picked":["Dual Wield+1","Searing Blow+1"],"picked":"Shrug It Off","floor":21},{"not_picked":["Feel No Pain","Rampage+1"],"picked":"Whirlwind+1","floor":24},{"not_picked":["TH:CursedSword","TH:ArmorSpikes"],"picked":"SKIP","floor":24},{"not_picked":["TH:BikiniMail","TH:DeckOfManyThings"],"picked":"SKIP","floor":26},{"not_picked":["Sever Soul+1","Body Slam+1"],"picked":"Flex+1","floor":27},{"not_picked":["Anger+1","hubris:ReadiedAction","Pommel Strike+1"],"picked":"SKIP","floor":28},{"not_picked":["Headbutt+1","Anger+1"],"picked":"Demon Form","floor":31},{"not_picked":["TH:DeckOfManyThings","TH:CopperCoins"],"picked":"SKIP","floor":31},{"not_picked":["Hemokinesis+1","Cleave+1"],"picked":"Pummel+1","floor":35},{"not_picked":["Feed+1","Flex+1"],"picked":"Heavy Blade+1","floor":37},{"not_picked":["Flex","Thunderclap+1"],"picked":"Blood for Blood+1","floor":39}],"player_experience":52909,"relics_obtained":[{"floor":6,"key":"Meat on the Bone"},{"floor":9,"key":"Molten Egg 2"},{"floor":10,"key":"Pen Nib"},{"floor":24,"key":"Eternal Feather"},{"floor":26,"key":"hubris:TinFlute"},{"floor":31,"key":"Protect_Vest"}],"event_choices":[{"cards_removed":["Strike_R"],"damage_healed":0,"gold_gain":0,"player_choice":"Card Removal","damage_taken":0,"max_hp_gain":0,"max_hp_loss":0,"event_name":"The Cleric","floor":4,"gold_loss":50},{"damage_healed":16,"gold_gain":0,"player_choice":"Full Heal","damage_taken":0,"max_hp_gain":0,"max_hp_loss":0,"event_name":"Wheel of Change","floor":20,"gold_loss":0},{"damage_healed":0,"gold_gain":0,"player_choice":"Traded Relic","damage_taken":0,"relics_obtained":["Nloth\u0027s Gift"],"max_hp_gain":0,"max_hp_loss":0,"event_name":"N\u0027loth","floor":22,"relics_lost":["Regal Pillow"],"gold_loss":0},{"cards_removed":["Berserk"],"damage_healed":0,"gold_gain":0,"player_choice":"Removed Power","damage_taken":0,"max_hp_gain":0,"max_hp_loss":0,"event_name":"Falling","floor":36,"gold_loss":0}],"is_beta":false,"boss_relics":[{"not_picked":["hubris:Stopwatch","hubris:RunicObelisk"],"picked":"Tiny House"},{"not_picked":["Mark of Pain","Sozu"],"picked":"Black Star"}],"items_purged_floors":[30],"is_endless":false,"potions_floor_spawned":[1,12,14,27,31,33,37],"killed_by":"Giant Head","ascension_level":0}}