{"host":"fbdlh90rovbiajun","time":1613287158,"event":{"mods":["AchievementEnabler","BaseMod","Colored Map","Keyboard Shortcuts","Minty Spire (QoL Compilation)","SuperFastMode"],"gold_per_floor":[118,193,207,132,132,167,177,177,258,258,269,287,287,298,298,394,394,406,406,423,437,193,193,193],"floor_reached":23,"language":"KOR","playtime":636,"items_purged":["Defend_R","Defend_R"],"score":218,"play_id":"d930de90-a21f-4cea-81b5-622ae9e6c849","local_time":"20210214161918","is_ascension_mode":false,"campfire_choices":[{"data":"Iron Wave","floor":8,"key":"SMITH"},{"data":"Thunderclap","floor":10,"key":"SMITH"},{"data":"Flex","floor":15,"key":"SMITH"}],"circlet_count":0,"master_deck":["Strike_R","Strike_R","Strike_R","Strike_R","Bash","Iron Wave+1","Thunderclap+1","Infernal Blade","Heavy Blade","Flex+1","Immolate","Clash","Flex+1","Hemokinesis","Hemokinesis+1"],"relics":["Burning Blood","NeowsBlessing","Strawberry","Pantograph","Empty Cage","Anchor"],"acts_visited":["Exordium","TheCity"],"potions_floor_usage":[],"damage_taken":[{"damage":0,"enemies":"Jaw Worm","floor":1,"turns":1},{"damage":0,"enemies":"Cultist","floor":3,"turns":1},{"damage":0,"enemies":"3 Sentries","floor":6,"turns":1},{"damage":11,"enemies":"Small Slimes","floor":7,"turns":2},{"damage":13,"enemies":"2 Fungi Beasts","floor":11,"turns":3},{"damage":18,"enemies":"Gremlin Gang","floor":12,"turns":3},{"damage":11,"enemies":"Large Slime","floor":14,"turns":4},{"damage":5,"enemies":"Slime Boss","floor":16,"turns":8},{"damage":37,"enemies":"Shell Parasite","floor":18,"turns":5},{"damage":10,"enemies":"Spheric Guardian","floor":20,"turns":3},{"damage":45,"enemies":"Centurion and Healer","floor":21,"turns":4},{"damage":18,"enemies":"Book of Stabbing","floor":23,"turns":2}],"seed_played":"3852288335821863187","potions_obtained":[{"floor":6,"key":"LiquidBronze"},{"floor":7,"key":"EssenceOfSteel"},{"floor":11,"key":"Swift Potion"},{"floor":16,"key":"BloodPotion"}],"is_trial":false,"path_per_floor":["M","?","M","$","?","E","M","R","T","R","M","M","?","M","R","B",null,"M","?","M","M","$","E"],"character_chosen":"IRONCLAD","items_purchased":["Anchor"],"campfire_rested":0,"item_purchase_floors":[22],"current_hp_per_floor":[80,69,75,75,75,87,82,82,82,82,75,63,63,58,58,84,87,56,56,52,13,13,0,0],"gold":193,"neow_bonus":"THREE_ENEMY_KILL","is_daily":false,"chose_seed":false,"campfire_upgraded":3,"win_rate":0.0,"timestamp":1613287158,"path_taken":["M","?","M","$","?","E","M","R","T","R","?","M","?","M","R","BOSS","M","?","M","?","$","E"],"items_purchased_type":["Relic"],"build_version":"2020-12-22","purchased_purges":2,"victory":false,"max_hp_per_floor":[80,80,80,80,80,87,87,87,87,87,87,87,87,87,87,87,87,87,87,87,87,87,87,87],"card_choices":[{"not_picked":["Headbutt","Flex"],"picked":"Iron Wave","floor":1},{"not_picked":["Body Slam","Anger"],"picked":"Thunderclap","floor":3},{"not_picked":["Wild Strike","Thunderclap"],"picked":"Infernal Blade","floor":6},{"not_picked":["Armaments","Spot Weakness"],"picked":"Heavy Blade","floor":7},{"not_picked":["Warcry","Pummel"],"picked":"Flex","floor":11},{"not_picked":["Second Wind","Armaments","Cleave"],"picked":"SKIP","floor":12},{"not_picked":["Iron Wave","Twin Strike"],"picked":"Clash","floor":14},{"not_picked":["Flame Barrier","Iron Wave"],"picked":"Flex","floor":18},{"not_picked":["Cleave+1","Power Through"],"picked":"Hemokinesis","floor":20},{"not_picked":["Wild Strike","Heavy Blade"],"picked":"Hemokinesis+1","floor":21}],"player_experience":36587,"relics_obtained":[{"floor":6,"key":"Strawberry"},{"floor":9,"key":"Pantograph"}],"event_choices":[{"damage_healed":0,"gold_gain":75,"player_choice":"Gather Gold","damage_taken":11,"max_hp_gain":0,"max_hp_loss":0,"event_name":"World of Goop","floor":2,"gold_loss":0},{"damage_healed":0,"gold_gain":0,"player_choice":"0 cards matched","damage_taken":0,"max_hp_gain":0,"max_hp_loss":0,"event_name":"Match and Keep!","floor":5,"gold_loss":0,"cards_obtained":[]},{"damage_healed":0,"gold_gain":0,"cards_transformed":["Defend_R"],"player_choice":"Change","damage_taken":0,"max_hp_gain":0,"max_hp_loss":0,"event_name":"Living Wall","floor":13,"gold_loss":0,"cards_obtained":["Immolate"]},{"damage_healed":0,"gold_gain":0,"player_choice":"Upgraded","damage_taken":0,"max_hp_gain":0,"max_hp_loss":0,"event_name":"Upgrade Shrine","floor":19,"gold_loss":0,"cards_upgraded":["Flex"]}],"is_beta":false,"boss_relics":[{"not_picked":["Sozu","Mark of Pain"],"picked":"Empty Cage"}],"items_purged_floors":[4,22],"is_endless":false,"potions_floor_spawned":[6,7,11,16,18,20],"killed_by":"Book of Stabbing","ascension_level":0}}