{"host":"1i3835udr35woqc6","time":1613338664,"event":{"mods":["Act Like it!","Arknights","Aspiration","BaseMod","BetterRewards","Conspire","Downfall","Friendly Minions","GungeonMod","Hallownest","Hermit","Minty Spire (QoL Compilation)","Pale of the Ancients","StSLib","The Cursed"],"gold_per_floor":[119,9,24,24,36,65,84,98,168,187,187,187,187,205,205,302,302,322,322,304,304,4,4,4],"floor_reached":23,"language":"ZHS","playtime":810,"items_purged":["Strike_G"],"score":193,"play_id":"5041c159-ff52-4a5e-9629-81efd3b3f359","local_time":"20210215053744","is_ascension_mode":false,"campfire_choices":[{"floor":11,"key":"REST"},{"floor":13,"key":"REST"},{"data":"Envenom","floor":15,"key":"SMITH"}],"circlet_count":0,"master_deck":["Strike_G","Strike_G","Defend_G","Defend_G","Defend_G","Defend_G","Defend_G","Survivor","Neutralize","Bane","Infinite Blades","Poisoned Stab","Envenom+1","conspire:Banana","Deadly Poison","conspire:DoublingDagger","Backflip","Envenom","Prepared","Deadly Poison+1","Sucker Punch","Bouncing Flask"],"relics":["Ring of the Serpent","aspiration:Nostalgia","Cracked Core","DemoMod:PoisonVial","DemoMod:Metronome","StoneCalendar"],"acts_visited":["Exordium","TheCity"],"potions_floor_usage":[6,7,18,20,20,23],"damage_taken":[{"damage":0,"enemies":"Cultist","floor":1,"turns":3},{"damage":0,"enemies":"ats:Genji","floor":3,"turns":4},{"damage":3,"enemies":"Jaw Worm","floor":5,"turns":3},{"damage":23,"enemies":"3 Sentries","floor":6,"turns":6},{"damage":6,"enemies":"Gremlin Gang","floor":7,"turns":5},{"damage":18,"enemies":"Exordium Wildlife","floor":8,"turns":4},{"damage":10,"enemies":"Blue Slaver","floor":10,"turns":3},{"damage":10,"enemies":"Red Slaver","floor":14,"turns":4},{"damage":27,"enemies":"The Guardian","floor":16,"turns":10},{"damage":55,"enemies":"conspire:FuzzyDice","floor":18,"turns":5},{"damage":13,"enemies":"2 Thieves","floor":20,"turns":4},{"damage":26,"enemies":"conspire:Head Lice","floor":23,"turns":6}],"seed_played":"-7471520115802919546","potions_obtained":[{"floor":3,"key":"PowerPotion"},{"floor":5,"key":"Fire Potion"},{"floor":7,"key":"Weak Potion"},{"floor":10,"key":"Poison Potion"},{"floor":14,"key":"Fire Potion"},{"floor":18,"key":"CultistPotion"}],"is_trial":false,"path_per_floor":["M","$","M","?","M","E","M","M","T","M","R","T","R","M","R","B",null,"M","?","M","?","$","E"],"character_chosen":"THE_SILENT","items_purchased":["Infinite Blades","StoneCalendar"],"campfire_rested":2,"item_purchase_floors":[2,22],"current_hp_per_floor":[70,70,70,70,68,46,41,24,24,15,37,37,59,50,50,24,77,23,23,11,11,11,0,0],"gold":4,"neow_bonus":"NOSTALGIA","is_daily":false,"chose_seed":false,"campfire_upgraded":1,"win_rate":0.0,"timestamp":1613338664,"path_taken":["M","$","?","?","?","E","M","M","T","?","R","?","R","M","R","BOSS","M","?","?","?","$","E"],"items_purchased_type":["Card","Relic"],"build_version":"2020-12-22","purchased_purges":1,"victory":false,"max_hp_per_floor":[70,70,70,70,71,72,73,74,74,75,75,75,75,76,76,77,77,78,78,79,79,79,80,80],"card_choices":[{"not_picked":["Underhanded Strike","Acrobatics"],"picked":"Bane","floor":1},{"not_picked":["Terror","Prepared"],"picked":"Poisoned Stab","floor":3},{"not_picked":["Escape Plan","Concentrate"],"picked":"Deadly Poison","floor":5},{"not_picked":["Prepared","Outmaneuver","Slice"],"picked":"SKIP","floor":6},{"not_picked":["Backstab","Quick Slash","Eviscerate"],"picked":"SKIP","floor":7},{"not_picked":["Dodge and Roll","Deflect","Masterful Stab"],"picked":"SKIP","floor":8},{"not_picked":["Night Terror","Sucker Punch"],"picked":"conspire:DoublingDagger","floor":10},{"not_picked":["Sucker Punch","Acrobatics"],"picked":"Backflip","floor":14},{"not_picked":["Wraith Form v2","Glass Knife"],"picked":"Envenom","floor":16},{"not_picked":["Blade Dance","All Out Attack","Quick Slash"],"picked":"SKIP","floor":18},{"not_picked":["Slice","PiercingWail"],"picked":"Deadly Poison+1","floor":20}],"player_experience":406631,"relics_obtained":[{"floor":6,"key":"DemoMod:PoisonVial"},{"floor":12,"key":"DemoMod:Metronome"}],"event_choices":[{"damage_healed":0,"gold_gain":0,"player_choice":"2 cards matched","damage_taken":0,"max_hp_gain":0,"max_hp_loss":0,"event_name":"Match and Keep!","floor":4,"gold_loss":0,"cards_obtained":["Envenom","conspire:Banana"]},{"damage_healed":0,"gold_gain":0,"player_choice":"1 cards matched","damage_taken":0,"max_hp_gain":0,"max_hp_loss":0,"event_name":"Match and Keep!","floor":19,"gold_loss":0,"cards_obtained":["Prepared"]},{"damage_healed":0,"gold_gain":0,"cards_transformed":["Strike_G","Strike_G"],"player_choice":"Became Test Subject","damage_taken":0,"max_hp_gain":0,"max_hp_loss":0,"event_name":"Drug Dealer","floor":21,"gold_loss":0,"cards_obtained":["Sucker Punch","Bouncing Flask"]}],"is_beta":false,"boss_relics":[{"not_picked":["Fusion Hammer","Coffee Dripper"],"picked":"Ring of the Serpent"}],"items_purged_floors":[2],"is_endless":false,"potions_floor_spawned":[3,5,7,10,14,18],"killed_by":"conspire:Head Lice","ascension_level":0}}