{"host":"zlmf7uudqr1sj8t0","time":1613280832,"event":{"mods":["BaseMod","Colored Map","DeckTracker","Highlight Path","Minty Spire (QoL Compilation)","Practice Mode"],"gold_per_floor":[111,123,137,137,137,165,165,192,192,206,222,241,22,36,36,139,139,157,157,170,187,197,231,231,231,231],"floor_reached":25,"language":"ENG","playtime":1719,"items_purged":["Defend_B"],"score":288,"play_id":"197d993b-781b-453b-b776-d0266bee17ae","local_time":"20210213213352","is_ascension_mode":true,"campfire_choices":[{"data":"Streamline","floor":7,"key":"SMITH"},{"floor":15,"key":"REST"},{"floor":24,"key":"REST"}],"circlet_count":0,"master_deck":["Strike_B","Strike_B","Strike_B","Strike_B","Defend_B","Defend_B","Defend_B","Zap","Dualcast+1","Steam Power","Streamline+1","Conserve Battery","Buffer","Coolheaded","Skim","Static Discharge","Streamline","Electrodynamics","Zap","Fusion","Self Repair","Ball Lightning"],"relics":["Cracked Core","Gremlin Horn","Vajra","Pen Nib","Mercury Hourglass","DataDisk","Philosopher\u0027s Stone","Boot"],"acts_visited":["Exordium","TheCity"],"potions_floor_usage":[16,22,22,22],"damage_taken":[{"damage":1,"enemies":"Cultist","floor":1,"turns":4},{"damage":3,"enemies":"Jaw Worm","floor":2,"turns":4},{"damage":0,"enemies":"Small Slimes","floor":3,"turns":3},{"damage":26,"enemies":"Gremlin Nob","floor":6,"turns":4},{"damage":18,"enemies":"Lagavulin","floor":8,"turns":6},{"damage":6,"enemies":"Red Slaver","floor":10,"turns":3},{"damage":3,"enemies":"Exordium Thugs","floor":11,"turns":3},{"damage":0,"enemies":"2 Fungi Beasts","floor":12,"turns":2},{"damage":0,"enemies":"3 Louse","floor":14,"turns":1},{"damage":13,"enemies":"Hexaghost","floor":16,"turns":7},{"damage":16,"enemies":"Spheric Guardian","floor":18,"turns":4},{"damage":23,"enemies":"3 Byrds","floor":20,"turns":3},{"damage":23,"enemies":"Sentry and Sphere","floor":21,"turns":4},{"damage":17,"enemies":"Centurion and Healer","floor":22,"turns":3},{"damage":0,"enemies":"Gremlin Leader","floor":23,"turns":3},{"damage":34,"enemies":"Slavers","floor":25,"turns":2}],"seed_played":"2135257085382811615","potions_obtained":[{"floor":6,"key":"DistilledChaos"},{"floor":8,"key":"Energy Potion"},{"floor":11,"key":"Strength Potion"},{"floor":21,"key":"FocusPotion"},{"floor":23,"key":"SpeedPotion"}],"is_trial":false,"path_per_floor":["M","M","M","?","T","E","R","E","T","M","M","M","$","M","R","B",null,"M","?","M","M","M","E","R","E"],"character_chosen":"DEFECT","items_purchased":["DataDisk"],"campfire_rested":2,"item_purchase_floors":[13],"current_hp_per_floor":[81,78,78,78,78,52,52,34,34,28,25,25,25,25,49,36,82,66,66,43,20,3,10,34,0,0],"gold":231,"neow_bonus":"TEN_PERCENT_HP_BONUS","is_daily":false,"chose_seed":false,"campfire_upgraded":1,"win_rate":0.0,"timestamp":1613280832,"path_taken":["M","?","M","?","?","E","R","E","T","M","?","M","?","M","R","BOSS","M","?","M","?","M","E","R","E"],"items_purchased_type":["Relic"],"build_version":"2020-12-22","purchased_purges":1,"victory":false,"max_hp_per_floor":[82,82,82,82,82,82,82,82,82,82,82,82,82,82,82,82,82,82,82,82,82,82,82,82,82,82],"card_choices":[{"not_picked":["Beam Cell","Stack","Hologram"],"picked":"SKIP","floor":1},{"not_picked":["Go for the Eyes","Beam Cell"],"picked":"Steam Power","floor":2},{"not_picked":["Barrage","Leap"],"picked":"Streamline","floor":3},{"not_picked":["Hologram","Reprogram"],"picked":"Conserve Battery","floor":6},{"not_picked":["Melter","All For One"],"picked":"Buffer","floor":8},{"not_picked":["Streamline","Glacier"],"picked":"Coolheaded","floor":10},{"not_picked":["Conserve Battery","Coolheaded"],"picked":"Skim","floor":11},{"not_picked":["Conserve Battery","Redo"],"picked":"Static Discharge","floor":12},{"not_picked":["Turbo","Compile Driver"],"picked":"Streamline","floor":14},{"not_picked":["Thunder Strike","Biased Cognition"],"picked":"Electrodynamics","floor":16},{"not_picked":["Barrage","Stack","Beam Cell"],"picked":"SKIP","floor":18},{"not_picked":["Go for the Eyes+1","Melter","Redo"],"picked":"SKIP","floor":20},{"not_picked":["Ball Lightning","Coolheaded+1"],"picked":"Self Repair","floor":21},{"not_picked":["Capacitor+1","Sunder"],"picked":"Ball Lightning","floor":22},{"not_picked":["Reprogram+1","Coolheaded","Gash"],"picked":"SKIP","floor":23}],"player_experience":124341,"relics_obtained":[{"floor":5,"key":"Gremlin Horn"},{"floor":6,"key":"Vajra"},{"floor":8,"key":"Pen Nib"},{"floor":9,"key":"Mercury Hourglass"},{"floor":23,"key":"Boot"}],"event_choices":[{"damage_healed":0,"gold_gain":0,"player_choice":"Grow","damage_taken":0,"max_hp_gain":0,"max_hp_loss":0,"event_name":"Living Wall","floor":4,"gold_loss":0,"cards_upgraded":["Dualcast"]},{"damage_healed":0,"gold_gain":0,"player_choice":"2 cards matched","damage_taken":0,"max_hp_gain":0,"max_hp_loss":0,"event_name":"Match and Keep!","floor":19,"gold_loss":0,"cards_obtained":["Zap","Fusion"]}],"is_beta":false,"boss_relics":[{"not_picked":["Empty Cage","Coffee Dripper"],"picked":"Philosopher\u0027s Stone"}],"items_purged_floors":[13],"is_endless":false,"potions_floor_spawned":[6,8,11,12,21,23],"killed_by":"Slavers","ascension_level":2}}