{"host":"fbdlh90rovbiajun","time":1613321541,"event":{"mods":["AchievementEnabler","BaseMod","Colored Map","Keyboard Shortcuts","Minty Spire (QoL Compilation)","SuperFastMode"],"gold_per_floor":[109,109,109,109,129,129,140,15,39,39,55,55,72,72,72,172,172,189,239,88,101,115,115,133,133,133,144,144,161,161,188,188,286,286,296,27,77,124,124,124,124],"floor_reached":40,"language":"KOR","playtime":1110,"items_purged":["Defend_R","Defend_R","Defend_R"],"score":424,"play_id":"034cf8c7-f385-460e-9ec4-d244f2006cdb","local_time":"20210215015221","is_ascension_mode":false,"campfire_choices":[{"data":"Bash","floor":6.0,"key":"SMITH"},{"data":"Inflame","floor":10.0,"key":"SMITH"},{"data":"Flex","floor":12.0,"key":"SMITH"},{"data":"Flex","floor":15.0,"key":"SMITH"},{"data":"Offering","floor":23.0,"key":"SMITH"},{"data":"Thunderclap","floor":28.0,"key":"SMITH"},{"data":"Iron Wave","floor":32.0,"key":"SMITH"}],"circlet_count":0,"master_deck":["Strike_R","Strike_R","Strike_R","Strike_R","Strike_R","Bash+1","Hemokinesis+1","Inflame+1","Flex+1","Flex+1","Offering+1","Thunderclap+1","Clash","Iron Wave+1","Offering","CurseOfTheBell","Rampage+1"],"relics":["Burning Blood","Vajra","Ancient Tea Set","Prayer Wheel","Busted Crown","MutagenicStrength","Toy Ornithopter","Calling Bell","Lantern","Eternal Feather","Magic Flower","Brimstone","WingedGreaves","Mango","Smiling Mask"],"acts_visited":["Exordium","TheCity","TheBeyond"],"potions_floor_usage":[40,40],"damage_taken":[{"damage":11.0,"enemies":"Jaw Worm","floor":1.0,"turns":3.0},{"damage":7.0,"enemies":"2 Louse","floor":5.0,"turns":2.0},{"damage":2.0,"enemies":"Cultist","floor":7.0,"turns":2.0},{"damage":8.0,"enemies":"Exordium Wildlife","floor":11.0,"turns":3.0},{"damage":0.0,"enemies":"Gremlin Gang","floor":13.0,"turns":3.0},{"damage":20.0,"enemies":"Slime Boss","floor":16.0,"turns":6.0},{"damage":22.0,"enemies":"Shell Parasite","floor":18.0,"turns":3.0},{"damage":2.0,"enemies":"Spheric Guardian","floor":21.0,"turns":2.0},{"damage":8.0,"enemies":"Centurion and Healer","floor":22.0,"turns":2.0},{"damage":17.0,"enemies":"Snecko","floor":24.0,"turns":3.0},{"damage":13.0,"enemies":"Chosen and Byrds","floor":27.0,"turns":2.0},{"damage":8.0,"enemies":"Snake Plant","floor":29.0,"turns":1.0},{"damage":10.0,"enemies":"Collector","floor":33.0,"turns":6.0},{"damage":24.0,"enemies":"3 Darklings","floor":35.0,"turns":3.0},{"damage":27,"enemies":"Mind Bloom Boss Battle","floor":37,"turns":3},{"damage":14,"enemies":"2 Orb Walkers","floor":38,"turns":1},{"damage":75,"enemies":"Nemesis","floor":40,"turns":3}],"seed_played":"3552236699934667349","potions_obtained":[{"floor":7.0,"key":"BlessingOfTheForge"},{"floor":11.0,"key":"SkillPotion"},{"floor":16.0,"key":"Explosive Potion"},{"floor":35.0,"key":"Dexterity Potion"}],"is_trial":false,"path_per_floor":["M","?","?","?","M","R","M","$","T","R","M","R","M","T","R","B",null,"M","?","$","M","M","R","M","?","T","M","R","M","?","T","R","B",null,"M","$","?","?","T","E"],"character_chosen":"IRONCLAD","items_purchased":["Flex","Thunderclap","Brimstone"],"campfire_rested":0,"item_purchase_floors":[8,20,36],"current_hp_per_floor":[75,68,68,68,67,67,71,71,71,71,69,69,75,75,75,61,80,64,64,64,68,66,66,55,55,55,48,48,46,46,46,46,52,80,65,65,47,56,56,0,0],"gold":124,"neow_bonus":"RANDOM_COMMON_RELIC","is_daily":false,"chose_seed":false,"campfire_upgraded":7,"win_rate":0.0,"timestamp":1613321541,"path_taken":["M","?","?","?","?","R","M","$","T","R","M","R","M","?","R","BOSS","M","?","$","?","?","R","M","?","T","M","R","M","?","?","R","BOSS","M","$","?","?","?","E"],"items_purchased_type":["Card","Card","Relic"],"build_version":"2020-12-22","purchased_purges":3,"victory":false,"max_hp_per_floor":[80,80,80,80,80,80,80,80,80,80,80,80,80,80,80,80,80,80,80,80,80,80,80,80,80,80,80,80,80,80,80,80,80,80,80,80,80,94,94,94,94],"card_choices":[{"not_picked":["Wild Strike","Shockwave"],"picked":"Hemokinesis","floor":1.0},{"not_picked":["Wild Strike","Sword Boomerang","Twin Strike"],"picked":"SKIP","floor":5.0},{"not_picked":["True Grit","Armaments"],"picked":"Inflame","floor":7.0},{"not_picked":["Searing Blow","Clothesline","Shrug It Off"],"picked":"SKIP","floor":11.0},{"not_picked":["Headbutt","Burning Pact"],"picked":"Flex","floor":13.0},{"not_picked":["Barricade","Feed"],"picked":"Offering","floor":16.0},{"not_picked":["Sentinel"],"picked":"SKIP","floor":18.0},{"not_picked":["Evolve+1"],"picked":"SKIP","floor":18.0},{"not_picked":[],"picked":"Clash","floor":21.0},{"not_picked":["Perfected Strike"],"picked":"SKIP","floor":21.0},{"not_picked":[],"picked":"Iron Wave","floor":22.0},{"not_picked":["Clash"],"picked":"SKIP","floor":22.0},{"not_picked":["Body Slam+1"],"picked":"SKIP","floor":24.0},{"not_picked":["Warcry"],"picked":"SKIP","floor":24.0},{"not_picked":["Body Slam+1"],"picked":"SKIP","floor":24.0},{"not_picked":["Warcry"],"picked":"SKIP","floor":24.0},{"not_picked":["Perfected Strike"],"picked":"SKIP","floor":27.0},{"not_picked":["Havoc"],"picked":"SKIP","floor":27.0},{"not_picked":["Uppercut"],"picked":"SKIP","floor":29.0},{"not_picked":["Headbutt"],"picked":"SKIP","floor":29.0},{"not_picked":[],"picked":"Offering","floor":33.0},{"not_picked":["Armaments"],"picked":"SKIP","floor":35.0},{"not_picked":["Sword Boomerang"],"picked":"SKIP","floor":35.0},{"not_picked":[],"picked":"Rampage+1","floor":38}],"player_experience":42523,"relics_obtained":[{"floor":9.0,"key":"Ancient Tea Set"},{"floor":14.0,"key":"Prayer Wheel"},{"floor":26.0,"key":"Toy Ornithopter"},{"floor":34.0,"key":"Lantern"},{"floor":34.0,"key":"Eternal Feather"},{"floor":34.0,"key":"Magic Flower"},{"floor":37,"key":"WingedGreaves"},{"floor":38,"key":"Mango"},{"floor":39,"key":"Smiling Mask"}],"event_choices":[{"cards_removed":["Defend_R"],"damage_healed":0.0,"max_hp_gain":0.0,"max_hp_loss":0.0,"gold_gain":0.0,"event_name":"Golden Wing","player_choice":"Card Removal","floor":2.0,"gold_loss":0.0,"damage_taken":7.0},{"damage_healed":0.0,"max_hp_gain":0.0,"max_hp_loss":0.0,"gold_gain":0.0,"event_name":"Living Wall","player_choice":"Grow","floor":3.0,"gold_loss":0.0,"damage_taken":0.0,"cards_upgraded":["Hemokinesis"]},{"damage_healed":0.0,"max_hp_gain":0.0,"max_hp_loss":0.0,"gold_gain":0.0,"event_name":"The Woman in Blue","player_choice":"Bought 0 Potions","floor":4.0,"gold_loss":0.0,"damage_taken":0.0},{"damage_healed":0.0,"max_hp_gain":0.0,"max_hp_loss":0.0,"gold_gain":100.0,"event_name":"The Joust","player_choice":"Bet on Murderer","floor":19.0,"gold_loss":50.0,"damage_taken":0.0},{"damage_healed":0.0,"max_hp_gain":0.0,"max_hp_loss":0.0,"gold_gain":0.0,"event_name":"Drug Dealer","player_choice":"Inject Mutagens","floor":25.0,"gold_loss":0.0,"damage_taken":0.0,"relics_obtained":["MutagenicStrength"]},{"damage_healed":0.0,"max_hp_gain":0.0,"max_hp_loss":0.0,"gold_gain":0.0,"event_name":"Vampires","player_choice":"Ignored","floor":30.0,"gold_loss":0.0,"damage_taken":0.0},{"damage_healed":0,"gold_gain":0,"player_choice":"Fight","damage_taken":0,"max_hp_gain":0,"max_hp_loss":0,"event_name":"MindBloom","floor":37,"gold_loss":0},{"damage_healed":0,"gold_gain":0,"player_choice":"Fight","damage_taken":0,"max_hp_gain":0,"max_hp_loss":0,"event_name":"Mysterious Sphere","floor":38,"gold_loss":0}],"is_beta":false,"boss_relics":[{"not_picked":["Cursed Key","Tiny House"],"picked":"Busted Crown"},{"not_picked":["Runic Cube","Coffee Dripper"],"picked":"Calling Bell"}],"items_purged_floors":[8,20,36],"is_endless":false,"potions_floor_spawned":[7,11,16,21,22,27,35],"killed_by":"Nemesis","ascension_level":0}}