{"host":"2d926qfvvz477zl6","time":1613281894,"event":{"mods":["Aspiration","BaseMod","Bossed Relics","Challenge The Spire","Conspire","Downfall","Energized Spire","GungeonMod","Halation","Hermit","Hubris","Infinite Spire","Marked Mod","Minty Spire (QoL Compilation)","Morshu Shopkeeper","Rare Cards Sparkle","Reliquary","Replay The Spire","Retaliation","Shedinja","Somnambulant","Spicy Shops","StSLib","Td1madao Mod","The Blue Laboratory","The Bug Knight","The Disciple","The Hierophant","The IronCluck","The Senshi","Wandering Minibosses","Wide Potions","everything is the same but u backflip on backflip","slay the spire mod where everything is the same but ironclad has a cowboy hat"],"gold_per_floor":[99,115,170,170,186,212,236,336,349,349,349,249,267,281,295,398,398,398,398,398],"floor_reached":19,"language":"ENG","playtime":708,"items_purged":[],"score":254,"play_id":"bc1e0d86-8645-498d-868b-946818eacfb1","local_time":"20210214005134","is_ascension_mode":true,"campfire_choices":[{"floor":1.0,"key":"RECALL"},{"data":"Shedinja:PowerBelt","floor":12,"key":"SMITH"},{"data":"Shedinja:PokeBall","floor":18,"key":"SMITH"}],"circlet_count":0,"master_deck":["Shedinja:Scratch","Shedinja:Scratch","Shedinja:Scratch","Shedinja:Scratch","Shedinja:Endure","Shedinja:Endure","Shedinja:Endure","Shedinja:Endure","Shedinja:Endure","Shedinja:FocusSash","Shedinja:FocusSash","Shedinja:StruggleBug","Shedinja:ShadowClaw","Shedinja:PowerBelt+1","Shedinja:SuckerPunch","Shedinja:StruggleBug","Shedinja:PowerBracer","Shedinja:Trick","Shedinja:PokeBall+1"],"relics":["Shedinja:WonderGuard","DemoMod:GlassGuonStoneRelic","reliquary:Stiletto","hubris:TenFootPole","hubris:ToyBattleship","halation:RedSoulGem","downfall:HeartBlessingRed","energizedSpire:RedRose"],"acts_visited":["Exordium","TheCity"],"potions_floor_usage":[14],"damage_taken":[{"damage":0.0,"enemies":"Cultist","floor":2.0,"turns":5.0},{"damage":0.0,"enemies":"Jaw Worm","floor":5.0,"turns":4.0},{"damage":0.0,"enemies":"Replay:BlueRogue","floor":6.0,"turns":8.0},{"damage":0.0,"enemies":"2 Louse","floor":9.0,"turns":3.0},{"damage":0,"enemies":"2 Fungi Beasts","floor":13,"turns":4},{"damage":0,"enemies":"Exordium Thugs","floor":14,"turns":4},{"damage":0,"enemies":"Blue Slaver","floor":15,"turns":4},{"damage":0,"enemies":"SI_SHIV_ARCHETYPE","floor":16,"turns":14},{"damage":9,"enemies":"3 Byrds","floor":19,"turns":2}],"seed_played":"2163069478552185","potions_obtained":[{"floor":2.0,"key":"AttackPotion"},{"floor":6.0,"key":"Block Potion"},{"floor":14,"key":"blueLaboratory:HeartbeatPotion"}],"is_trial":false,"path_per_floor":["R","M","T","?","M","E","T","?","M","?","?","R","M","M","M","B",null,"R","M"],"character_chosen":"THE_DEFAULT","items_purchased":[],"campfire_rested":0,"item_purchase_floors":[],"current_hp_per_floor":[1,1,1,1,1,1,1,1,1,1,1,1,1,1,1,1,1,1,0,0],"gold":398,"neow_bonus":"TEN_PERCENT_HP_BONUS","is_daily":false,"chose_seed":false,"campfire_upgraded":2,"win_rate":0.0,"timestamp":1613281894,"path_taken":["R","M","?","?","M","E","T","?","M","?","?","R","M","M","M","BOSS","R","M"],"items_purchased_type":[],"build_version":"2020-12-22","purchased_purges":0,"victory":false,"max_hp_per_floor":[1,1,1,1,1,1,1,1,1,1,1,1,1,1,1,1,1,1,1,1],"card_choices":[{"not_picked":["Shedinja:NightSlash","Shedinja:ShadowClaw"],"picked":"Shedinja:StruggleBug","floor":2.0},{"not_picked":["Shedinja:SafetyGoggles","Shedinja:MindReader"],"picked":"Shedinja:ShadowClaw","floor":5.0},{"not_picked":["Shedinja:FurySwipes","Shedinja:ShadowBall"],"picked":"Shedinja:PowerBelt","floor":6.0},{"not_picked":["Shedinja:MindReader","Shedinja:ArtifactCard"],"picked":"Shedinja:SuckerPunch","floor":9.0},{"not_picked":["Shedinja:PowerBelt","Shedinja:RockyHelmet"],"picked":"Shedinja:StruggleBug","floor":13},{"not_picked":["Shedinja:SuckerPunch","Shedinja:ArtifactCard"],"picked":"Shedinja:PowerBracer","floor":14},{"not_picked":["Shedinja:NightSlash","Shedinja:SuckerPunch"],"picked":"Shedinja:Trick","floor":15},{"not_picked":["Shedinja:Toxic","Shedinja:XScissor"],"picked":"Shedinja:PokeBall","floor":16}],"player_experience":415216,"relics_obtained":[{"floor":3.0,"key":"reliquary:Stiletto"},{"floor":6.0,"key":"hubris:TenFootPole"},{"floor":7.0,"key":"hubris:ToyBattleship"}],"event_choices":[{"damage_healed":0,"gold_gain":0,"player_choice":"Leave","damage_taken":0,"max_hp_gain":0,"max_hp_loss":0,"event_name":"FaceTrader","floor":11,"gold_loss":0}],"is_beta":false,"boss_relics":[{"not_picked":["halation:ForbiddenBikini","energizedSpire:OgreHead"],"picked":"energizedSpire:RedRose"}],"items_purged_floors":[],"is_endless":false,"potions_floor_spawned":[2,6,9,14],"killed_by":"3 Byrds","ascension_level":1}}