{"host":"178rghtqlvp3zue2","time":1613266928,"event":{"mods":["2.2 Compatiblity","AchievementEnabler","BaseMod","DeckTracker","Minty Spire (QoL Compilation)","Quick Restart","SuperFastMode","The Servant 0.9.4"],"gold_per_floor":[111,111,111,128,140,140,140,140,217,257,82,120,120,139,139,139,139],"floor_reached":16,"language":"KOR","playtime":524,"items_purged":[],"score":113,"play_id":"e768750d-8743-4ff6-be28-a055970b6c2a","local_time":"20210214104208","is_ascension_mode":true,"campfire_choices":[{"data":"Moondial","floor":6,"key":"SMITH"},{"data":"Spin","floor":8,"key":"SMITH"},{"floor":13,"key":"REST"},{"data":"Defy","floor":15,"key":"SMITH"}],"circlet_count":0,"master_deck":["Strike_S","Strike_S","Strike_S","Defend_S","Defend_S","Defend_S","Defend_S","KidneyShot","Exchange","Moondial+1","Spin+1","Manipulate","Potential","Revamp","Defy+1","Revamp"],"relics":["Uniform","NeowsBlessing","Golden Idol","StrikeDummy","Meat on the Bone","Strange Spoon","WingedGreaves"],"acts_visited":["Exordium"],"potions_floor_usage":[12,12,12],"damage_taken":[{"damage":0,"enemies":"Small Slimes","floor":1,"turns":1},{"damage":0,"enemies":"Cultist","floor":4,"turns":1},{"damage":0,"enemies":"2 Louse","floor":5,"turns":1},{"damage":13,"enemies":"3 Sentries","floor":10,"turns":5},{"damage":30,"enemies":"Gremlin Nob","floor":12,"turns":5},{"damage":12,"enemies":"Exordium Thugs","floor":14,"turns":3},{"damage":39,"enemies":"The Guardian","floor":16,"turns":11}],"seed_played":"5016567205176549906","potions_obtained":[{"floor":4,"key":"Energy Potion"},{"floor":5,"key":"SteroidPotion"},{"floor":10,"key":"LiquidMemories"}],"is_trial":false,"path_per_floor":["M","$","?","M","M","R","?","R","T","E","$","E","R","M","R","B"],"character_chosen":"THE_SERVANT","items_purchased":["Revamp","Strange Spoon"],"campfire_rested":1,"item_purchase_floors":[11,11],"current_hp_per_floor":[65,65,65,65,65,65,49,49,49,36,36,18,37,37,37,0,0],"gold":139,"neow_bonus":"THREE_ENEMY_KILL","is_daily":false,"chose_seed":false,"campfire_upgraded":3,"win_rate":0.0,"timestamp":1613266928,"path_taken":["M","$","?","M","?","R","?","R","T","E","?","E","R","M","R","BOSS"],"items_purchased_type":["Card","Relic"],"build_version":"2020-12-22","purchased_purges":0,"victory":false,"max_hp_per_floor":[65,65,65,65,65,65,65,65,65,65,65,65,65,65,65,65,65],"card_choices":[{"not_picked":["Rearm","Ricochet"],"picked":"Moondial","floor":1},{"not_picked":["Replace","Defy"],"picked":"Spin","floor":4},{"not_picked":["Ricochet","Hightail"],"picked":"Manipulate","floor":5},{"not_picked":["Rewind","ShatteredReality"],"picked":"Potential","floor":10},{"not_picked":["LightFlow","Potential"],"picked":"Defy","floor":12},{"not_picked":["Desolation","Collapse"],"picked":"Revamp","floor":14}],"player_experience":273203,"relics_obtained":[{"floor":9,"key":"StrikeDummy"},{"floor":10,"key":"Meat on the Bone"},{"floor":12,"key":"WingedGreaves"}],"event_choices":[{"cards_removed":["Strike_S"],"damage_healed":0,"gold_gain":0,"player_choice":"Purged","damage_taken":0,"max_hp_gain":0,"max_hp_loss":0,"event_name":"Purifier","floor":3,"gold_loss":0},{"damage_healed":0,"gold_gain":0,"player_choice":"Take Damage","damage_taken":16,"relics_obtained":["Golden Idol"],"max_hp_gain":0,"max_hp_loss":0,"event_name":"Golden Idol","floor":7,"gold_loss":0}],"is_beta":false,"boss_relics":[],"items_purged_floors":[],"is_endless":false,"potions_floor_spawned":[4,5,10],"killed_by":"The Guardian","ascension_level":1}}