{"host":"8e3sp1tozjyrh64l","time":1613266618,"event":{"mods":["BaseMod","Better Altar","Better Match","Better Note","Better Sensory Stone","Better Silent Start","Better Skull","Better Third Choice","BetterRewards","Curses Come First","Defuse TimeMaze Blight","Infinite Spire","Minty Spire (QoL Compilation)","Permanent Neow","Rare Cards Sparkle","Relic Sorter","Reliquary","Replay The Spire","Shop Mod","Spicy Shops","StSLib","SuperFastMode","Wandering Minibosses"],"gold_per_floor":[218,233,284,284,56,88,101,131,131,161,236,236,265,281,281,381,381,395,13,13,32,32,32,60,60,60,78,103,122,122,122],"floor_reached":30,"language":"ENG","playtime":840,"items_purged":[],"score":290,"play_id":"1312b430-d1be-45be-b1dc-5aba0c5975ed","local_time":"20210213183658","is_ascension_mode":true,"campfire_choices":[{"data":"Envenom","floor":12,"key":"SMITH"},{"data":"A Thousand Cuts","floor":15,"key":"SMITH"},{"data":"Neutralize","floor":23,"key":"SMITH"}],"circlet_count":0,"master_deck":["Strike_G","Strike_G","Strike_G","Strike_G+1","Defend_G","Defend_G","Defend_G","Defend_G","Survivor","Neutralize+1","Dash","Masterful Stab+1","Envenom+1","Dramatic Entrance","Blade Dance","Riddle With Holes","A Thousand Cuts+1","ReplayTheSpireMod:Scrap Shanks","Die Die Die","Infinite Blades","A Thousand Cuts+1","Infinite Blades"],"relics":["Ring of the Snake","MealTicket","Torii","Replay:Bottled Flurry","reliquary:Knoch","Calipers","Black Star","MerchantsRug","Lantern","Replay:WaspNest","Tiny Chest","TungstenRod","PreservedInsect"],"acts_visited":["Exordium","TheCity"],"potions_floor_usage":[6,16,21,24,29,30,30],"damage_taken":[{"damage":0,"enemies":"Small Slimes","floor":1,"turns":4},{"damage":0,"enemies":"Jaw Worm","floor":2,"turns":5},{"damage":8,"enemies":"Lagavulin","floor":6,"turns":7},{"damage":0,"enemies":"2 Louse","floor":7,"turns":2},{"damage":18,"enemies":"3 Sentries","floor":8,"turns":6},{"damage":2,"enemies":"Gremlin Nob","floor":10,"turns":4},{"damage":2,"enemies":"3 Sentries","floor":13,"turns":7},{"damage":0,"enemies":"Red Slaver","floor":14,"turns":3},{"damage":8,"enemies":"The Guardian","floor":16,"turns":9},{"damage":0,"enemies":"Spheric Guardian","floor":18,"turns":3},{"damage":24,"enemies":"Shell Parasite","floor":21,"turns":6},{"damage":53,"enemies":"Nightmare","floor":24,"turns":8},{"damage":11,"enemies":"Snecko","floor":27,"turns":4},{"damage":0,"enemies":"Sentry and Sphere","floor":29,"turns":3},{"damage":10,"enemies":"Gremlin Leader","floor":30,"turns":2}],"seed_played":"-2192344997566197262","potions_obtained":[{"floor":2,"key":"SteroidPotion"},{"floor":6,"key":"FairyPotion"},{"floor":7,"key":"SpeedPotion"},{"floor":13,"key":"LiquidMemories"},{"floor":22,"key":"Toxic Potion"},{"floor":22,"key":"FearPotion"},{"floor":27,"key":"Explosive Potion"},{"floor":29,"key":"Venom Potion"}],"is_trial":false,"path_per_floor":["M","M","?","?","$","E","M","E","T","E","?","R","E","M","R","B",null,"M","$","?","M","?","R","NM","?","T","M","T","M","E"],"character_chosen":"THE_SILENT","items_purchased":["Envenom","Dramatic Entrance","MerchantsRug","Lantern","Infinite Blades"],"campfire_rested":0,"item_purchase_floors":[5,5,19,19,19],"current_hp_per_floor":[70,70,70,56,56,48,48,30,30,28,21,21,19,19,19,11,70,70,70,70,46,46,46,21,21,21,10,10,10,0,0],"gold":122,"neow_bonus":"HUNDRED_GOLD","is_daily":false,"chose_seed":false,"campfire_upgraded":3,"win_rate":0.0,"timestamp":1613266618,"path_taken":["M","M","?","?","$","E","M","E","T","E","?","R","E","M","R","BOSS","M","$","?","M","?","R","NM","?","T","M","?","?","E"],"items_purchased_type":["Card","Card","Relic","Relic","Card"],"build_version":"2020-12-22","purchased_purges":0,"victory":false,"max_hp_per_floor":[70,70,70,70,70,70,70,70,70,70,70,70,70,70,70,70,70,70,70,70,70,70,70,70,70,70,70,70,70,70,70],"card_choices":[{"not_picked":["Dagger Throw","Bane"],"picked":"Dash","floor":1},{"not_picked":["Hidden Blade","Poisoned Stab"],"picked":"Masterful Stab","floor":2},{"not_picked":["Dodge and Roll","Slice"],"picked":"Blade Dance","floor":6},{"not_picked":["Bane","ReplayTheSpireMod:Scrap Shanks"],"picked":"Riddle With Holes","floor":7},{"not_picked":["Slice","Replay:Poison Smokescreen"],"picked":"A Thousand Cuts","floor":8},{"not_picked":["Flying Knee","Slice","Predator"],"picked":"SKIP","floor":10},{"not_picked":["Sucker Punch","Deflect"],"picked":"ReplayTheSpireMod:Scrap Shanks","floor":13},{"not_picked":["Backflip","ReplayTheSpireMod:Tripwire","Riddle With Holes"],"picked":"SKIP","floor":14},{"not_picked":["Doppelganger","Unload"],"picked":"Die Die Die","floor":16},{"not_picked":["Setup","Deflect+1","Outmaneuver"],"picked":"SKIP","floor":18},{"not_picked":["Choke","Sucker Punch","Poisoned Stab"],"picked":"SKIP","floor":21},{"not_picked":["Dodge and Roll","Poison Darts"],"picked":"Infinite Blades","floor":24},{"not_picked":["Prepared","Bane","Dagger Spray"],"picked":"SKIP","floor":27},{"not_picked":["Prepared","Underhanded Strike+1","Finisher"],"picked":"SKIP","floor":29}],"player_experience":931209,"relics_obtained":[{"floor":6,"key":"MealTicket"},{"floor":8,"key":"Torii"},{"floor":9,"key":"Replay:Bottled Flurry"},{"floor":10,"key":"reliquary:Knoch"},{"floor":13,"key":"Calipers"},{"floor":24,"key":"Replay:WaspNest"},{"floor":24,"key":"Tiny Chest"},{"floor":26,"key":"TungstenRod"},{"floor":28,"key":"PreservedInsect"}],"event_choices":[{"damage_healed":0,"gold_gain":51,"player_choice":"Gained Gold","damage_taken":0,"max_hp_gain":0,"max_hp_loss":0,"event_name":"Golden Wing","floor":3,"gold_loss":0},{"damage_healed":70,"gold_gain":0,"player_choice":"Upgrade","damage_taken":14,"max_hp_gain":0,"max_hp_loss":70,"event_name":"betterThird:BetterShining","floor":4,"gold_loss":0,"cards_upgraded":["Strike_G","Masterful Stab"]},{"damage_healed":0,"gold_gain":75,"player_choice":"Touch","damage_taken":7,"max_hp_gain":0,"max_hp_loss":0,"event_name":"FaceTrader","floor":11,"gold_loss":0},{"damage_healed":0,"gold_gain":0,"player_choice":"Copied","damage_taken":0,"max_hp_gain":0,"max_hp_loss":0,"event_name":"Duplicator","floor":20,"gold_loss":0,"cards_obtained":["A Thousand Cuts"]},{"damage_healed":0,"gold_gain":0,"player_choice":"Got Potions","damage_taken":0,"max_hp_gain":0,"max_hp_loss":0,"event_name":"Lab","floor":22,"gold_loss":0},{"damage_healed":0,"gold_gain":0,"player_choice":"Bought 0 Potions","damage_taken":0,"max_hp_gain":0,"max_hp_loss":0,"event_name":"The Woman in Blue","floor":25,"gold_loss":0}],"is_beta":false,"boss_relics":[{"not_picked":["Replay:Bronze Core","HoveringKite"],"picked":"Black Star"}],"items_purged_floors":[],"is_endless":true,"potions_floor_spawned":[2,6,7,13,27,29],"killed_by":"Gremlin Leader","ascension_level":1}}