{"host":"tpad8qsc9e0g0pa5","time":1613298903,"event":{"mods":["BaseMod","Downfall","Minty Spire (QoL Compilation)","Quick Restart","StSLib"],"gold_per_floor":[109,125,125,50,63,63,79,104,151,151,165,32,62,62,62,62,62],"floor_reached":16,"language":"ZHS","playtime":9189,"items_purged":["Defend_P"],"score":115,"play_id":"6314b072-42f1-4784-b277-bffeeef9bdfc","local_time":"20210214183503","is_ascension_mode":true,"campfire_choices":[{"data":"Crescendo","floor":6.0,"key":"SMITH"},{"data":"SandsOfTime","floor":10.0,"key":"SMITH"},{"floor":15,"key":"REST"}],"circlet_count":0,"master_deck":["Strike_P","Strike_P","Strike_P+1","Strike_P","Defend_P","Defend_P","Defend_P","Vigilance","Purity","Crescendo+1","SandsOfTime+1","Thinking Ahead+1"],"relics":["PureWater","The Courier","Ancient Tea Set"],"acts_visited":["Exordium"],"potions_floor_usage":[16],"damage_taken":[{"damage":0.0,"enemies":"2 Louse","floor":1.0,"turns":1.0},{"damage":0.0,"enemies":"Cultist","floor":2.0,"turns":2.0},{"damage":1.0,"enemies":"Small Slimes","floor":5.0,"turns":3.0},{"damage":3.0,"enemies":"3 Louse","floor":7.0,"turns":4.0},{"damage":7.0,"enemies":"3 Sentries","floor":8.0,"turns":6.0},{"damage":6.0,"enemies":"Looter","floor":11.0,"turns":3.0},{"damage":63,"enemies":"Hexaghost","floor":16,"turns":9}],"seed_played":"-618678372937021041","potions_obtained":[{"floor":1.0,"key":"Block Potion"},{"floor":2.0,"key":"LiquidMemories"},{"floor":11.0,"key":"DistilledChaos"}],"is_trial":false,"path_per_floor":["M","M","?","$","M","R","M","E","T","R","M","$","?","?","R","B"],"character_chosen":"WATCHER","items_purchased":["Thinking Ahead"],"campfire_rested":1,"item_purchase_floors":[12],"current_hp_per_floor":[72,72,72,72,71,71,68,61,61,61,55,55,55,41,62,0,0],"gold":62,"neow_bonus":"RANDOM_COLORLESS","is_daily":false,"chose_seed":false,"campfire_upgraded":2,"win_rate":0.0,"timestamp":1613298903,"path_taken":["M","M","?","$","?","R","M","E","T","R","M","$","?","?","R","BOSS"],"items_purchased_type":["Card"],"build_version":"2020-12-22","purchased_purges":1,"victory":false,"max_hp_per_floor":[72,72,72,72,72,72,72,72,72,72,72,72,72,72,72,72,72],"card_choices":[{"not_picked":["Panacea","Dark Shackles"],"picked":"Purity","floor":0.0},{"not_picked":["BattleHymn","DeceiveReality"],"picked":"Crescendo","floor":1.0},{"not_picked":["Weave","EmptyBody","Vengeance"],"picked":"SKIP","floor":2.0},{"not_picked":["EmptyBody","FlyingSleeves","EmptyFist"],"picked":"SKIP","floor":5.0},{"not_picked":["Tantrum","EmptyBody","EmptyFist"],"picked":"SKIP","floor":7.0},{"not_picked":["CutThroughFate","SashWhip","Consecrate"],"picked":"SKIP","floor":8.0},{"not_picked":["Worship","EmptyFist","CrushJoints"],"picked":"SKIP","floor":11.0},{"not_picked":["Worship","EmptyFist","CrushJoints"],"picked":"SKIP","floor":11.0}],"player_experience":379655,"relics_obtained":[{"floor":8.0,"key":"The Courier"},{"floor":9.0,"key":"Ancient Tea Set"}],"event_choices":[{"damage_healed":0.0,"max_hp_gain":0.0,"max_hp_loss":0.0,"gold_gain":0.0,"cards_transformed":["Eruption"],"event_name":"Transmorgrifier","player_choice":"Transformed","floor":3.0,"gold_loss":0.0,"damage_taken":0.0,"cards_obtained":["SandsOfTime"]},{"damage_healed":0,"gold_gain":30,"player_choice":"Searched \u00271\u0027 times","damage_taken":0,"max_hp_gain":0,"max_hp_loss":0,"event_name":"Dead Adventurer","floor":13,"gold_loss":0},{"damage_healed":0,"gold_gain":0,"player_choice":"Entered Light","damage_taken":14,"max_hp_gain":0,"max_hp_loss":0,"event_name":"Shining Light","floor":14,"gold_loss":0,"cards_upgraded":["Strike_P","Thinking Ahead"]}],"is_beta":false,"boss_relics":[],"items_purged_floors":[4],"is_endless":false,"potions_floor_spawned":[1,2,11],"killed_by":"Hexaghost","ascension_level":3}}