{"host":"m8y8nvvez5gwh4s7","time":1613340334,"event":{"mods":["AchievementEnabler","BaseMod","Bestiary","Colored Powertips","Minty Spire (QoL Compilation)","Relic Stats","StSLib","Together in Spire"],"gold_per_floor":[115,134,134,147,147,147,162,188,188,221,221,234,409,425,425,522,522,541,541,539,554,565,594,594,605,605,615,715,715,732,763,763,860,860,874,886,903,919,932,932,321,339,339,372,385,385,418,430,430,430],"floor_reached":51,"language":"ENG","playtime":3777,"items_purged":["Strike_R+1"],"score":667,"play_id":"d9f2b818-a72a-4c37-88eb-f7911118393d","local_time":"20210214160534","is_ascension_mode":false,"campfire_choices":[{"data":"Dropkick","floor":6.0,"key":"SMITH"},{"data":"Hemokinesis","floor":11.0,"key":"SMITH"},{"data":"Cleave","floor":15,"key":"SMITH"},{"data":"Barricade","floor":24,"key":"SMITH"},{"floor":32,"key":"REST"},{"floor":40,"key":"REST"},{"floor":46,"key":"REST"},{"floor":49,"key":"REST"}],"circlet_count":0,"master_deck":["Strike_R+1","Strike_R+1","Strike_R+1","Strike_R+1","Defend_R+1","Defend_R+1","Defend_R+1","Defend_R+1","Bash","Dropkick+1","Battle Trance+1","Heavy Blade+1","Hemokinesis+1","Sword Boomerang","Barricade+1","Combust","Cleave+1","Limit Break","Pommel Strike+1","Flex+1","Headbutt+1","Whirlwind+1","Body Slam","Body Slam+1","Perfected Strike","Metallicize","Flex+1","Barricade+1","Twin Strike+1","Reckless Charge","Bludgeon","Immolate","Evolve+1","Flex+1","Infernal Blade+1","Blood for Blood+1","Clothesline+1","Anger","Armaments+1","Burning Pact+1","Bloodletting+1","Burning Pact+1","Jack Of All Trades","Offering","Fire Breathing","Spot Weakness","Immolate","Writhe","Carnage+1","Battle Trance","Shockwave+1","Rampage+1","Parasite","Iron Wave+1","Ghostly Armor+1"],"relics":["Burning Blood","Nunchaku","Omamori","Bottled Flame","Cursed Key","Calipers","Prayer Wheel","CaptainsWheel","Matryoshka","Letter Opener","Mark of Pain","Membership Card","War Paint","Gambling Chip","Ornamental Fan","Bottled Tornado","Gremlin Horn","White Beast Statue"],"acts_visited":["TheCity","TheBeyond"],"potions_floor_usage":[16,22,28,28,31,42,44,48,50],"damage_taken":[{"damage":10.0,"enemies":"2 Louse","floor":1.0,"turns":3.0},{"damage":6.0,"enemies":"Jaw Worm","floor":2.0,"turns":2.0},{"damage":0.0,"enemies":"Small Slimes","floor":4.0,"turns":2.0},{"damage":5.0,"enemies":"3 Louse","floor":7.0,"turns":2.0},{"damage":20.0,"enemies":"3 Sentries","floor":8.0,"turns":4.0},{"damage":0.0,"enemies":"Gremlin Nob","floor":10.0,"turns":2.0},{"damage":0.0,"enemies":"Looter","floor":12.0,"turns":1.0},{"damage":14,"enemies":"Blue Slaver","floor":14,"turns":2},{"damage":26,"enemies":"Hexaghost","floor":16,"turns":5},{"damage":0,"enemies":"Spheric Guardian","floor":18,"turns":2},{"damage":9,"enemies":"2 Thieves","floor":20,"turns":2},{"damage":14,"enemies":"Centurion and Healer","floor":21,"turns":2},{"damage":18,"enemies":"Shelled Parasite and Fungi","floor":22,"turns":2},{"damage":18,"enemies":"Gremlin Leader","floor":23,"turns":3},{"damage":1,"enemies":"3 Cultists","floor":25,"turns":2},{"damage":0,"enemies":"Snake Plant","floor":27,"turns":2},{"damage":32,"enemies":"Colosseum Slavers","floor":28,"turns":5},{"damage":14,"enemies":"Colosseum Nobs","floor":28,"turns":4},{"damage":0,"enemies":"Snecko","floor":30,"turns":1},{"damage":17,"enemies":"Slavers","floor":31,"turns":2},{"damage":4,"enemies":"Champ","floor":33,"turns":4},{"damage":18,"enemies":"3 Shapes","floor":35,"turns":1},{"damage":0,"enemies":"Orb Walker","floor":36,"turns":1},{"damage":0,"enemies":"Spire Growth","floor":37,"turns":2},{"damage":39,"enemies":"4 Shapes","floor":38,"turns":2},{"damage":0,"enemies":"Sphere and 2 Shapes","floor":39,"turns":2},{"damage":4,"enemies":"Maw","floor":42,"turns":2},{"damage":8,"enemies":"Reptomancer","floor":44,"turns":3},{"damage":20,"enemies":"Spire Growth","floor":45,"turns":3},{"damage":39,"enemies":"Nemesis","floor":47,"turns":4},{"damage":7,"enemies":"Writhing Mass","floor":48,"turns":3},{"damage":52,"enemies":"Donu and Deca","floor":50,"turns":5}],"seed_played":"-5509669676086794839","potions_obtained":[{"floor":0.0,"key":"Explosive Potion"},{"floor":0.0,"key":"SmokeBomb"},{"floor":0.0,"key":"PowerPotion"},{"floor":4.0,"key":"BloodPotion"},{"floor":7.0,"key":"ColorlessPotion"},{"floor":8.0,"key":"SpeedPotion"},{"floor":12.0,"key":"Strength Potion"},{"floor":22,"key":"BloodPotion"},{"floor":23,"key":"ColorlessPotion"},{"floor":28,"key":"FearPotion"},{"floor":36,"key":"HeartOfIron"},{"floor":38,"key":"SpeedPotion"},{"floor":47,"key":"Regen Potion"},{"floor":48,"key":"SkillPotion"}],"is_trial":false,"path_per_floor":["M","M","?","M","?","R","M","E","T","E","R","M","?","M","R","B",null,"M","?","M","M","M","E","R","M","T","M","?","?","M","E","R","B",null,"M","M","M","M","M","R","$","M","T","E","M","R","E","M","R","B",null],"character_chosen":"IRONCLAD","items_purchased":["Membership Card","War Paint","Gambling Chip","Jack Of All Trades","Offering","Fire Breathing","Regen Potion"],"campfire_rested":4,"item_purchase_floors":[41,41,41,41,41,41,41],"current_hp_per_floor":[76,76,60,66,66,66,80,66,66,72,72,78,78,70,70,50,80,80,80,77,69,57,45,45,50,50,56,38,38,44,33,57,59,80,68,74,80,47,53,77,77,79,79,77,63,80,47,55,79,33],"gold":430,"neow_bonus":"THREE_SMALL_POTIONS","is_daily":false,"chose_seed":false,"campfire_upgraded":4,"win_rate":0.0,"timestamp":1613340334,"path_taken":["M","M","?","M","?","R","M","E","T","E","R","M","?","M","R","BOSS","M","?","M","M","M","E","R","M","T","M","?","?","M","E","R","BOSS","M","M","?","M","M","R","$","M","T","E","M","R","E","M","R","BOSS"],"items_purchased_type":["Relic","Relic","Relic","Card","Card","Card","Potion"],"build_version":"2020-12-22","purchased_purges":1,"victory":true,"max_hp_per_floor":[80,80,80,80,80,80,80,80,80,80,80,80,80,80,80,80,80,80,80,80,80,80,80,80,80,80,80,80,80,80,80,80,80,80,80,80,80,80,80,80,80,80,80,80,80,80,80,80,80,80],"relic_stats":{"Nunchaku":[12],"Gremlin Horn":[1,1],"counters":[25,66],"Ornamental Fan":[20],"Gambling Chip":[4],"Prayer Wheel":10,"Letter Opener":[10],"War Paint":["Flex","Battle Trance"],"Cursed Key":2,"obtain_stats":[{"Calipers":23,"Gremlin Horn":44,"Omamori":0,"Letter Opener":31,"War Paint":41,"Bottled Tornado":43,"Cursed Key":17,"Burning Blood":0,"White Beast Statue":47,"Nunchaku":0,"Bottled Flame":0,"CaptainsWheel":28,"Matryoshka":28,"Ornamental Fan":43,"Gambling Chip":41,"Prayer Wheel":26,"Mark of Pain":34,"Membership Card":41},{"Calipers":7,"Gremlin Horn":21,"Omamori":0,"Letter Opener":13,"War Paint":19,"Bottled Tornado":20,"Cursed Key":2,"Burning Blood":0,"White Beast Statue":23,"Nunchaku":0,"Bottled Flame":0,"CaptainsWheel":11,"Matryoshka":11,"Ornamental Fan":20,"Gambling Chip":19,"Prayer Wheel":8,"Mark of Pain":14,"Membership Card":19},{"Calipers":18,"Gremlin Horn":51,"Omamori":0,"Letter Opener":34,"War Paint":46,"Bottled Tornado":48,"Cursed Key":7,"Burning Blood":0,"White Beast Statue":58,"Nunchaku":0,"Bottled Flame":0,"CaptainsWheel":31,"Matryoshka":31,"Ornamental Fan":48,"Gambling Chip":46,"Prayer Wheel":20,"Mark of Pain":38,"Membership Card":46}],"Burning Blood":144},"card_choices":[{"not_picked":["Second Wind","Evolve"],"picked":"Dropkick","floor":1.0},{"not_picked":["Headbutt","Rampage"],"picked":"Battle Trance","floor":2.0},{"not_picked":["Clash","Pommel Strike"],"picked":"Heavy Blade","floor":4.0},{"not_picked":["Clothesline","Wild Strike"],"picked":"Hemokinesis","floor":7.0},{"not_picked":["Dark Embrace","Dual Wield"],"picked":"Sword Boomerang","floor":8.0},{"not_picked":["Flex","True Grit"],"picked":"Barricade","floor":10.0},{"not_picked":["Whirlwind","Pommel Strike"],"picked":"Combust","floor":12.0},{"not_picked":["Twin Strike","Anger"],"picked":"Cleave","floor":14},{"not_picked":["Berserk","Juggernaut"],"picked":"Limit Break","floor":16},{"not_picked":["Thunderclap","Hemokinesis"],"picked":"Pommel Strike+1","floor":18},{"not_picked":["Dark Embrace","Sword Boomerang+1"],"picked":"Flex","floor":20},{"not_picked":["Cleave","Sword Boomerang"],"picked":"Headbutt+1","floor":21},{"not_picked":["Pommel Strike","Metallicize"],"picked":"Whirlwind+1","floor":22},{"not_picked":["Anger+1","Fiend Fire"],"picked":"Body Slam","floor":23},{"not_picked":["Dual Wield","Whirlwind"],"picked":"Body Slam+1","floor":25},{"not_picked":["True Grit","Dropkick"],"picked":"Perfected Strike","floor":27},{"not_picked":["Searing Blow","Power Through"],"picked":"Metallicize","floor":27},{"not_picked":["Shockwave","Anger+1"],"picked":"Flex+1","floor":28},{"not_picked":["Rupture","Reckless Charge"],"picked":"Twin Strike+1","floor":30},{"not_picked":["Sword Boomerang","Feel No Pain+1"],"picked":"Reckless Charge","floor":30},{"not_picked":["Evolve+1","Shrug It Off+1"],"picked":"Bludgeon","floor":31},{"not_picked":["Double Tap","Barricade"],"picked":"Immolate","floor":33},{"not_picked":["Clothesline","Sword Boomerang"],"picked":"Evolve+1","floor":35},{"not_picked":["Flex+1","Sword Boomerang+1","Twin Strike"],"picked":"SKIP","floor":35},{"not_picked":["Sword Boomerang+1","Twin Strike"],"picked":"Flex+1","floor":35},{"not_picked":["Pommel Strike","Armaments"],"picked":"Infernal Blade+1","floor":36},{"not_picked":["Infernal Blade","Rage+1"],"picked":"Blood for Blood+1","floor":36},{"not_picked":["Entrench","Fire Breathing+1"],"picked":"Clothesline+1","floor":37},{"not_picked":["Second Wind","Sword Boomerang"],"picked":"Anger","floor":37},{"not_picked":["Burning Pact+1","Twin Strike+1"],"picked":"Armaments+1","floor":38},{"not_picked":["Heavy Blade","Wild Strike+1"],"picked":"Burning Pact+1","floor":38},{"not_picked":["Shrug It Off+1","Metallicize"],"picked":"Bloodletting+1","floor":39},{"not_picked":["Pommel Strike","Armaments"],"picked":"Burning Pact+1","floor":39},{"not_picked":["Pommel Strike+1","Rampage+1"],"picked":"Spot Weakness","floor":42},{"not_picked":["Clothesline+1","Heavy Blade+1"],"picked":"Immolate","floor":42},{"not_picked":["Armaments","Pommel Strike+1"],"picked":"Carnage+1","floor":44},{"not_picked":["Body Slam","True Grit"],"picked":"Battle Trance","floor":45},{"not_picked":["Dual Wield+1","Disarm+1"],"picked":"Shockwave+1","floor":45},{"not_picked":["Body Slam","Wild Strike"],"picked":"Rampage+1","floor":47},{"not_picked":["Perfected Strike+1","Disarm"],"picked":"Iron Wave+1","floor":48},{"not_picked":["Shrug It Off+1","Offering"],"picked":"Ghostly Armor+1","floor":48}],"player_experience":13479,"relics_obtained":[{"floor":8.0,"key":"Nunchaku"},{"floor":9.0,"key":"Omamori"},{"floor":10.0,"key":"Bottled Flame"},{"floor":23,"key":"Calipers"},{"floor":26,"key":"Prayer Wheel"},{"floor":28,"key":"CaptainsWheel"},{"floor":28,"key":"Matryoshka"},{"floor":31,"key":"Letter Opener"},{"floor":43,"key":"Ornamental Fan"},{"floor":43,"key":"Bottled Tornado"},{"floor":44,"key":"Gremlin Horn"},{"floor":47,"key":"White Beast Statue"}],"event_choices":[{"damage_healed":0.0,"max_hp_gain":0.0,"max_hp_loss":0.0,"gold_gain":0.0,"event_name":"Shining Light","player_choice":"Entered Light","floor":3.0,"gold_loss":0.0,"damage_taken":16.0,"cards_upgraded":["Defend_R","Strike_R"]},{"damage_healed":0.0,"max_hp_gain":0.0,"max_hp_loss":0.0,"gold_gain":0.0,"event_name":"Living Wall","player_choice":"Grow","floor":5.0,"gold_loss":0.0,"damage_taken":0.0,"cards_upgraded":["Heavy Blade"]},{"damage_healed":0.0,"max_hp_gain":0.0,"max_hp_loss":0.0,"gold_gain":175.0,"event_name":"Liars Game","player_choice":"AGREE","floor":13.0,"gold_loss":0.0,"damage_taken":0.0,"cards_obtained":["Doubt"]},{"damage_healed":0,"gold_gain":0,"player_choice":"Simplicity","damage_taken":0,"max_hp_gain":0,"max_hp_loss":0,"event_name":"Back to Basics","floor":19,"gold_loss":0,"cards_upgraded":["Strike_R","Strike_R","Strike_R","Strike_R","Defend_R","Defend_R","Defend_R"]},{"damage_healed":0,"gold_gain":0,"player_choice":"Fight","damage_taken":0,"max_hp_gain":0,"max_hp_loss":0,"event_name":"Colosseum","floor":28,"gold_loss":0},{"damage_healed":0,"gold_gain":0,"player_choice":"Fought Nobs","damage_taken":0,"max_hp_gain":0,"max_hp_loss":0,"event_name":"Colosseum","floor":28,"gold_loss":0},{"damage_healed":0,"gold_gain":0,"player_choice":"Copied","damage_taken":0,"max_hp_gain":0,"max_hp_loss":0,"event_name":"Duplicator","floor":29,"gold_loss":0,"cards_obtained":["Barricade"]}],"is_beta":false,"boss_relics":[{"not_picked":["Black Star","Calling Bell"],"picked":"Cursed Key"},{"not_picked":["Sozu","Astrolabe"],"picked":"Mark of Pain"}],"items_purged_floors":[41],"is_endless":false,"potions_floor_spawned":[4,7,8,12,22,23,25,28,28,36,38,47,48],"ascension_level":0}}