{"host":"mi0eibewekhugwl1","time":1613317351,"event":{"mods":["AchievementEnabler","BaseMod","Colored Map","Colored Powertips","DeckTracker","Keyboard Shortcuts","Minty Spire (QoL Compilation)","Quick Restart","Rare Cards Sparkle","Relic Stats","StSLib","SuperFastMode","everything is the same but u backflip on backflip"],"gold_per_floor":[119,134,59,1,1,1,52,82,82,100,100,100],"floor_reached":11,"language":"KOR","playtime":92,"items_purged":[],"score":192,"play_id":"d864adda-7193-4e29-b128-f2102b280d2d","local_time":"20210215004231","is_ascension_mode":true,"campfire_choices":[{"data":"Eruption","floor":6,"key":"SMITH"}],"circlet_count":0,"master_deck":["AscendersBane","Strike_P","Strike_P","Strike_P","Strike_P","Defend_P","Defend_P+1","Defend_P","Eruption+1","Vigilance","EmptyFist+1","Perseverance","FollowUp"],"relics":["PureWater","NeowsBlessing","Orichalcum","Toy Ornithopter","Ornamental Fan"],"acts_visited":["Exordium"],"potions_floor_usage":[],"damage_taken":[{"damage":0,"enemies":"Small Slimes","floor":1,"turns":1},{"damage":0,"enemies":"Jaw Worm","floor":2,"turns":1},{"damage":0,"enemies":"3 Sentries","floor":8,"turns":1},{"damage":1,"enemies":"2 Louse","floor":10,"turns":4},{"damage":46,"enemies":"Gremlin Nob","floor":11,"turns":3}],"seed_played":"430882352088255076","potions_obtained":[{"floor":2,"key":"BlessingOfTheForge"},{"floor":10,"key":"CultistPotion"}],"is_trial":false,"path_per_floor":["M","M","?","$","?","R","T","E","T","M","E"],"character_chosen":"WATCHER","items_purchased":["EmptyFist"],"campfire_rested":0,"item_purchase_floors":[4],"current_hp_per_floor":[61,61,61,61,41,41,41,41,41,40,0,0],"gold":100,"neow_bonus":"THREE_ENEMY_KILL","is_daily":false,"chose_seed":false,"campfire_upgraded":1,"win_rate":0.0,"timestamp":1613317351,"path_taken":["M","M","?","$","?","R","?","E","T","?","E"],"items_purchased_type":["Card"],"build_version":"2020-12-22","purchased_purges":0,"victory":false,"max_hp_per_floor":[68,68,68,68,68,68,68,68,68,68,68,68],"relic_stats":{"counters":[5,10],"Ornamental Fan":[8],"Orichalcum":[6],"obtain_stats":[{"NeowsBlessing":0,"Ornamental Fan":9,"PureWater":0,"Orichalcum":7,"Toy Ornithopter":8},{"NeowsBlessing":0,"Ornamental Fan":3,"PureWater":0,"Orichalcum":2,"Toy Ornithopter":3},{"NeowsBlessing":0,"Ornamental Fan":3,"PureWater":0,"Orichalcum":2,"Toy Ornithopter":3}],"Toy Ornithopter":0},"card_choices":[{"not_picked":["ClearTheMind","CutThroughFate","FlyingSleeves"],"picked":"SKIP","floor":1},{"not_picked":["CutThroughFate","Protect","JustLucky"],"picked":"SKIP","floor":2},{"not_picked":["ThirdEye","JustLucky"],"picked":"Perseverance","floor":8},{"not_picked":["Prostrate","Evaluate"],"picked":"FollowUp","floor":10}],"player_experience":1805374,"relics_obtained":[{"floor":7,"key":"Orichalcum"},{"floor":8,"key":"Toy Ornithopter"},{"floor":9,"key":"Ornamental Fan"}],"event_choices":[{"cards_removed":["Defend_P"],"damage_healed":0,"gold_gain":0,"player_choice":"Card Removal","damage_taken":0,"max_hp_gain":0,"max_hp_loss":0,"event_name":"The Cleric","floor":3,"gold_loss":75},{"damage_healed":0,"gold_gain":0,"player_choice":"Entered Light","damage_taken":20,"max_hp_gain":0,"max_hp_loss":0,"event_name":"Shining Light","floor":5,"gold_loss":0,"cards_upgraded":["Defend_P","EmptyFist"]}],"is_beta":false,"boss_relics":[],"items_purged_floors":[],"is_endless":false,"potions_floor_spawned":[2,10],"killed_by":"Gremlin Nob","ascension_level":20}}