{"host":"jvrojcijqdlksu05","time":1613334351,"event":{"mods":["BaseMod","Highlight Path","Minty Spire (QoL Compilation)","Relic Stats","StSLib"],"gold_per_floor":[109,109,127,144,162,162,196,371,371,396,178,178,210,228,228,326,326,345,361,36,47,47,47,76,76,129,155,70,70,24,37,37,141,141,152,170,0,0,19,47,57,90,90,90,119,39,1,1,1,1,1,1,1,36,36],"floor_reached":56,"language":"ENG","playtime":2687,"items_purged":["Doubt","Writhe"],"score":1525,"play_id":"f0e89147-0b12-4817-8342-74a16b2713df","local_time":"20210214122551","is_ascension_mode":true,"campfire_choices":[{"data":"All Out Attack","floor":6,"key":"SMITH"},{"data":"Glass Knife","floor":12,"key":"SMITH"},{"data":"Terror","floor":15,"key":"SMITH"},{"data":"Phantasmal Killer","floor":23,"key":"SMITH"},{"data":"Footwork","floor":25,"key":"SMITH"},{"data":"Leg Sweep","floor":32,"key":"SMITH"},{"floor":44,"key":"RECALL"},{"data":"Predator","floor":49,"key":"SMITH"},{"data":"Neutralize","floor":52,"key":"SMITH"}],"circlet_count":0,"master_deck":["Survivor","Neutralize+1","Deadly Poison+1","Endless Agony","Slice","All Out Attack+1","Backstab","Leg Sweep+1","Terror+1","Glass Knife+1","Phantasmal Killer+1","Backstab+1","Backflip+1","Footwork+1","Adrenaline+1","Deflect+1","Acrobatics+1","Predator+1","Night Terror+1","Bullet Time+1","Footwork","Bouncing Flask+1","Poisoned Stab","Unload","Corpse Explosion+1","Caltrops","Calculated Gamble+1","Catalyst+1","Prepared+1","Night Terror+1","Backflip+1","Phantasmal Killer+1","PiercingWail+1","Backflip+1","Adrenaline+1"],"relics":["Ring of the Snake","Toy Ornithopter","Bag of Preparation","Matryoshka","Vajra","Pantograph","Coffee Dripper","Toxic Egg 2","Happy Flower","Bronze Scales","War Paint","Strawberry","Centennial Puzzle","Pandora\u0027s Box","Red Mask","Oddly Smooth Stone","Paper Crane","Akabeko","Bottled Flame","The Courier","Pen Nib"],"acts_visited":["Exordium","TheCity","TheBeyond","TheEnding"],"potions_floor_usage":[10,21,24,41,45,55,55],"damage_taken":[{"damage":0,"enemies":"2 Louse","floor":1,"turns":3},{"damage":0,"enemies":"Jaw Worm","floor":3,"turns":3},{"damage":0,"enemies":"Cultist","floor":4,"turns":3},{"damage":1,"enemies":"Looter","floor":5,"turns":2},{"damage":11,"enemies":"Lagavulin","floor":7,"turns":8},{"damage":4,"enemies":"Gremlin Nob","floor":10,"turns":3},{"damage":9,"enemies":"3 Sentries","floor":13,"turns":3},{"damage":0,"enemies":"2 Fungi Beasts","floor":14,"turns":1},{"damage":34,"enemies":"Hexaghost","floor":16,"turns":6},{"damage":2,"enemies":"Chosen","floor":18,"turns":2},{"damage":0,"enemies":"Spheric Guardian","floor":19,"turns":1},{"damage":5,"enemies":"Snecko","floor":21,"turns":3},{"damage":0,"enemies":"Slavers","floor":24,"turns":3},{"damage":2,"enemies":"Gremlin Leader","floor":27,"turns":3},{"damage":0,"enemies":"Chosen and Byrds","floor":31,"turns":1},{"damage":2,"enemies":"Collector","floor":33,"turns":3},{"damage":0,"enemies":"3 Darklings","floor":35,"turns":1},{"damage":0,"enemies":"Orb Walker","floor":36,"turns":1},{"damage":4,"enemies":"Spire Growth","floor":39,"turns":2},{"damage":0,"enemies":"Giant Head","floor":40,"turns":4},{"damage":0,"enemies":"3 Darklings","floor":41,"turns":2},{"damage":0,"enemies":"Reptomancer","floor":42,"turns":3},{"damage":0,"enemies":"Giant Head","floor":45,"turns":3},{"damage":24,"enemies":"Time Eater","floor":50,"turns":5},{"damage":3,"enemies":"Shield and Spear","floor":54,"turns":3},{"damage":57,"enemies":"The Heart","floor":55,"turns":8}],"seed_played":"557747247375482391","potions_obtained":[{"floor":3,"key":"Strength Potion"},{"floor":5,"key":"Fire Potion"},{"floor":7,"key":"Explosive Potion"},{"floor":19,"key":"Dexterity Potion"},{"floor":21,"key":"Block Potion"},{"floor":36,"key":"Weak Potion"},{"floor":40,"key":"AttackPotion"},{"floor":42,"key":"DistilledChaos"}],"is_trial":false,"path_per_floor":["M","?","M","M","M","R","E","?","T","E","$","R","E","M","R","B",null,"M","M","$","M","?","R","E","R","T","E","?","?","$","M","R","B",null,"M","M","?","?","M","E","M","E","T","R","E","$","$","?","R","B",null,"R","$","E","B",null],"character_chosen":"THE_SILENT","items_purchased":["Vajra","Toxic Egg 2","Footwork","Acrobatics+1","Backflip+1"],"campfire_rested":0,"item_purchase_floors":[11,20,20,30,47],"current_hp_per_floor":[63,68,68,68,67,67,56,56,56,57,57,57,48,48,48,34,68,66,66,66,66,66,66,68,68,68,73,73,57,57,57,57,73,75,75,75,75,75,71,71,75,75,75,75,75,75,75,75,75,51,75,75,75,72,28],"gold":36,"neow_bonus":"TRANSFORM_TWO_CARDS","is_daily":false,"chose_seed":false,"campfire_upgraded":8,"win_rate":0.0,"timestamp":1613334351,"path_taken":["M","?","M","M","M","R","E","?","T","E","$","R","E","M","R","BOSS","M","M","$","M","?","R","E","R","T","E","?","?","?","?","R","BOSS","M","M","?","?","M","E","M","E","T","R","E","?","$","?","R","BOSS","R","$","E","BOSS"],"items_purchased_type":["Relic","Relic","Card","Card","Card"],"build_version":"2020-12-22","purchased_purges":2,"victory":true,"max_hp_per_floor":[63,68,68,68,68,68,68,68,68,68,68,68,68,68,68,68,68,68,68,68,68,68,68,68,68,68,75,75,75,75,75,75,75,75,75,75,75,75,75,75,75,75,75,75,75,75,75,75,75,75,75,75,75,75,75],"relic_stats":{"Centennial Puzzle":[15],"Happy Flower":[14],"counters":[26,80],"Pantograph":41,"Bronze Scales":[141],"Pandora\u0027s Box":["Bullet Time","Footwork","Choke","Bouncing Flask","Poisoned Stab","Unload","Corpse Explosion","Caltrops"],"Pen Nib":[2],"Bag of Preparation":[43],"War Paint":["Defend_G","Deadly Poison"],"obtain_stats":[{"Happy Flower":22,"Vajra":11,"Oddly Smooth Stone":40,"The Courier":45,"Pen Nib":54,"Bag of Preparation":9,"War Paint":26,"Paper Crane":42,"Akabeko":43,"Centennial Puzzle":28,"Bottled Flame":43,"Matryoshka":10,"Pantograph":13,"Bronze Scales":24,"Strawberry":27,"Pandora\u0027s Box":34,"Coffee Dripper":17,"Red Mask":37,"Toxic Egg 2":20,"Toy Ornithopter":7,"Ring of the Snake":0},{"Happy Flower":12,"Vajra":6,"Oddly Smooth Stone":20,"The Courier":23,"Pen Nib":25,"Bag of Preparation":5,"War Paint":13,"Paper Crane":22,"Akabeko":22,"Centennial Puzzle":14,"Bottled Flame":22,"Matryoshka":6,"Pantograph":7,"Bronze Scales":13,"Strawberry":14,"Pandora\u0027s Box":16,"Coffee Dripper":9,"Red Mask":18,"Toxic Egg 2":11,"Toy Ornithopter":5,"Ring of the Snake":0},{"Happy Flower":38,"Vajra":22,"Oddly Smooth Stone":56,"The Courier":64,"Pen Nib":72,"Bag of Preparation":19,"War Paint":41,"Paper Crane":61,"Akabeko":61,"Centennial Puzzle":44,"Bottled Flame":61,"Matryoshka":22,"Pantograph":25,"Bronze Scales":41,"Strawberry":44,"Pandora\u0027s Box":48,"Coffee Dripper":32,"Red Mask":50,"Toxic Egg 2":35,"Toy Ornithopter":19,"Ring of the Snake":0}],"Toy Ornithopter":26,"Ring of the Snake":[54]},"card_choices":[{"not_picked":["Underhanded Strike","Outmaneuver"],"picked":"Slice","floor":1},{"not_picked":["Bane","Setup"],"picked":"All Out Attack","floor":3},{"not_picked":["Cloak And Dagger","Deflect"],"picked":"Backstab","floor":4},{"not_picked":["Prepared","Glass Knife"],"picked":"Leg Sweep","floor":5},{"not_picked":["Underhanded Strike","Flying Knee"],"picked":"Terror","floor":7},{"not_picked":["Storm of Steel","Backflip"],"picked":"Glass Knife","floor":10},{"not_picked":["Underhanded Strike","Flechettes","Bane"],"picked":"SKIP","floor":13},{"not_picked":["Caltrops","Quick Slash","Flying Knee"],"picked":"SKIP","floor":14},{"not_picked":["Storm of Steel","Burst"],"picked":"Phantasmal Killer","floor":16},{"not_picked":["Bane","Expertise"],"picked":"Backstab+1","floor":18},{"not_picked":["Deadly Poison","Sucker Punch+1"],"picked":"Backflip+1","floor":19},{"not_picked":["Catalyst+1","Bane+1","Choke"],"picked":"SKIP","floor":21},{"not_picked":["Underhanded Strike","Blur+1"],"picked":"Adrenaline+1","floor":24},{"not_picked":["Accuracy","Sucker Punch"],"picked":"Deflect+1","floor":27},{"not_picked":["Underhanded Strike","Dash"],"picked":"Predator","floor":31},{"not_picked":["Glass Knife","After Image"],"picked":"Night Terror+1","floor":33},{"not_picked":["Acrobatics+1","Noxious Fumes+1"],"picked":"Calculated Gamble+1","floor":35},{"not_picked":["Quick Slash+1","Bane"],"picked":"Catalyst+1","floor":36},{"not_picked":["Dagger Spray+1","Blade Dance+1"],"picked":"Prepared+1","floor":39},{"not_picked":["Leg Sweep+1","Endless Agony+1"],"picked":"Night Terror+1","floor":40},{"not_picked":["Flying Knee+1","Cloak And Dagger+1"],"picked":"Backflip+1","floor":41},{"not_picked":["Deadly Poison+1","Predator+1"],"picked":"Phantasmal Killer+1","floor":42},{"not_picked":["Endless Agony","Slice"],"picked":"PiercingWail+1","floor":45},{"not_picked":["Noxious Fumes+1","Riddle With Holes","Deadly Poison+1"],"picked":"SKIP","floor":54}],"player_experience":1325944,"relics_obtained":[{"floor":7,"key":"Toy Ornithopter"},{"floor":9,"key":"Bag of Preparation"},{"floor":10,"key":"Matryoshka"},{"floor":13,"key":"Pantograph"},{"floor":24,"key":"Bronze Scales"},{"floor":26,"key":"War Paint"},{"floor":27,"key":"Strawberry"},{"floor":40,"key":"Oddly Smooth Stone"},{"floor":42,"key":"Paper Crane"},{"floor":43,"key":"Akabeko"},{"floor":43,"key":"Bottled Flame"},{"floor":45,"key":"The Courier"},{"floor":54,"key":"Pen Nib"}],"event_choices":[{"damage_healed":0,"gold_gain":0,"player_choice":"Donut","damage_taken":0,"max_hp_gain":5,"max_hp_loss":0,"event_name":"Big Fish","floor":2,"gold_loss":0},{"damage_healed":0,"gold_gain":175,"player_choice":"AGREE","damage_taken":0,"max_hp_gain":0,"max_hp_loss":0,"event_name":"Liars Game","floor":8,"gold_loss":0,"cards_obtained":["Doubt"]},{"damage_healed":0,"gold_gain":0,"player_choice":"Opened","damage_taken":0,"relics_obtained":["Happy Flower"],"max_hp_gain":0,"max_hp_loss":0,"event_name":"The Mausoleum","floor":22,"gold_loss":0,"cards_obtained":["Writhe"]},{"damage_healed":0,"gold_gain":0,"player_choice":"Obtained Relic","damage_taken":0,"relics_obtained":["Centennial Puzzle"],"max_hp_gain":0,"max_hp_loss":0,"event_name":"Addict","floor":28,"gold_loss":85},{"damage_healed":0,"gold_gain":0,"player_choice":"Obtained Book","damage_taken":16,"max_hp_gain":0,"max_hp_loss":0,"event_name":"Cursed Tome","floor":29,"gold_loss":0},{"damage_healed":0,"gold_gain":0,"player_choice":"Paid","damage_taken":0,"relics_obtained":["Red Mask"],"max_hp_gain":0,"max_hp_loss":0,"event_name":"Tomb of Lord Red Mask","floor":37,"gold_loss":170},{"cards_removed":["Choke"],"damage_healed":0,"gold_gain":0,"player_choice":"Removed Attack","damage_taken":0,"max_hp_gain":0,"max_hp_loss":0,"event_name":"Falling","floor":38,"gold_loss":0},{"damage_healed":0,"gold_gain":0,"player_choice":"Copied","damage_taken":0,"max_hp_gain":0,"max_hp_loss":0,"event_name":"Duplicator","floor":48,"gold_loss":0,"cards_obtained":["Adrenaline"]}],"is_beta":false,"boss_relics":[{"not_picked":["Runic Dome","Sozu"],"picked":"Coffee Dripper"},{"not_picked":["Black Star","Fusion Hammer"],"picked":"Pandora\u0027s Box"}],"items_purged_floors":[11,46],"is_endless":false,"potions_floor_spawned":[3,5,7,19,21,36,40,42],"ascension_level":2}}