{"host":"pdq28s6637cpsst2","time":1613273208,"event":{"mods":["BaseMod","Colored Map","Highlight Path","Minty Spire (QoL Compilation)","Permanent Neow","Quick Restart"],"gold_per_floor":[116,135,135,153,153,153,28,47,101,101,121,121,221,244,244,374,374,389,146,170,184,184,184,184,184],"floor_reached":24,"language":"ENG","playtime":1551,"items_purged":["Defend_G","Strike_G"],"score":244,"play_id":"8fe2066a-eb90-4b7c-9a40-93dca3e5813f","local_time":"20210213222648","is_ascension_mode":true,"campfire_choices":[{"data":"Neutralize","floor":6,"key":"SMITH"},{"data":"Backflip","floor":10,"key":"SMITH"},{"data":"Skewer","floor":12,"key":"SMITH"},{"floor":15,"key":"REST"},{"data":"Dash","floor":23,"key":"SMITH"}],"circlet_count":0,"master_deck":["Defend_G","Defend_G","Defend_G","Survivor","Neutralize+1","Masterful Stab","Dagger Spray","Skewer+1","Backflip+1","Dash+1","Crippling Poison","Die Die Die","Die Die Die+1","A Thousand Cuts+1","Well Laid Plans+1","Writhe"],"relics":["Ring of the Snake","Golden Idol","MealTicket","Astrolabe","Oddly Smooth Stone","Ancient Tea Set"],"acts_visited":["Exordium","TheCity"],"potions_floor_usage":[16,24],"damage_taken":[{"damage":0,"enemies":"2 Louse","floor":1,"turns":2},{"damage":0,"enemies":"Jaw Worm","floor":2,"turns":3},{"damage":1,"enemies":"Cultist","floor":4,"turns":3},{"damage":0,"enemies":"Looter","floor":8,"turns":2},{"damage":4,"enemies":"Lots of Slimes","floor":11,"turns":2},{"damage":1,"enemies":"2 Fungi Beasts","floor":14,"turns":3},{"damage":22,"enemies":"Slime Boss","floor":16,"turns":9},{"damage":0,"enemies":"3 Byrds","floor":18,"turns":3},{"damage":0,"enemies":"Chosen","floor":20,"turns":4},{"damage":0,"enemies":"3 Cultists","floor":21,"turns":3},{"damage":70,"enemies":"Book of Stabbing","floor":24,"turns":11}],"seed_played":"-7871209690906388261","potions_obtained":[{"floor":8,"key":"SpeedPotion"},{"floor":11,"key":"FearPotion"}],"is_trial":false,"path_per_floor":["M","M","?","M","?","R","$","M","T","R","M","R","?","M","R","B",null,"M","$","M","M","?","R","E"],"character_chosen":"THE_SILENT","items_purchased":["Backflip","Oddly Smooth Stone"],"campfire_rested":1,"item_purchase_floors":[7,19],"current_hp_per_floor":[63,63,46,45,45,45,45,45,45,45,41,41,41,40,61,39,62,62,70,70,70,70,70,0,0],"gold":184,"neow_bonus":"TRANSFORM_CARD","is_daily":false,"chose_seed":false,"campfire_upgraded":4,"win_rate":0.0,"timestamp":1613273208,"path_taken":["M","M","?","M","?","R","$","M","T","R","?","R","?","M","R","BOSS","M","$","?","M","?","R","E"],"items_purchased_type":["Card","Relic"],"build_version":"2020-12-22","purchased_purges":2,"victory":false,"max_hp_per_floor":[70,70,70,70,70,70,70,70,70,70,70,70,70,70,70,70,70,70,70,70,70,70,70,70,70],"card_choices":[{"not_picked":["PiercingWail","Quick Slash"],"picked":"Dagger Spray","floor":1},{"not_picked":["Sucker Punch","Accuracy","Dodge and Roll"],"picked":"SKIP","floor":2},{"not_picked":["Sucker Punch","Poisoned Stab"],"picked":"Skewer","floor":4},{"not_picked":["Bane","Deflect"],"picked":"Dash","floor":8},{"not_picked":["Blade Dance","Finisher"],"picked":"Crippling Poison","floor":11},{"not_picked":["Underhanded Strike","Expertise","Eviscerate"],"picked":"SKIP","floor":14},{"not_picked":["Grand Finale","Venomology"],"picked":"Die Die Die","floor":16},{"not_picked":["Quick Slash","Dash+1","Prepared"],"picked":"SKIP","floor":18},{"not_picked":["Deadly Poison","Cloak And Dagger","Dagger Spray"],"picked":"SKIP","floor":20},{"not_picked":["Bane","Dagger Throw","Crippling Poison"],"picked":"SKIP","floor":21}],"player_experience":194491,"relics_obtained":[{"floor":9,"key":"MealTicket"}],"event_choices":[{"damage_healed":0,"gold_gain":0,"player_choice":"Take Damage","damage_taken":17,"relics_obtained":["Golden Idol"],"max_hp_gain":0,"max_hp_loss":0,"event_name":"Golden Idol","floor":3,"gold_loss":0},{"cards_removed":["Strike_G"],"damage_healed":0,"gold_gain":0,"player_choice":"Purged","damage_taken":0,"max_hp_gain":0,"max_hp_loss":0,"event_name":"Purifier","floor":5,"gold_loss":0},{"damage_healed":0,"gold_gain":100,"player_choice":"Pray","damage_taken":0,"max_hp_gain":0,"max_hp_loss":0,"event_name":"Golden Shrine","floor":13,"gold_loss":0},{"damage_healed":0,"gold_gain":0,"player_choice":"Opened","damage_taken":0,"relics_obtained":["Ancient Tea Set"],"max_hp_gain":0,"max_hp_loss":0,"event_name":"The Mausoleum","floor":22,"gold_loss":0,"cards_obtained":["Writhe"]}],"is_beta":false,"boss_relics":[{"not_picked":["Tiny House","WristBlade"],"picked":"Astrolabe"}],"items_purged_floors":[7,19],"is_endless":false,"potions_floor_spawned":[8,11],"killed_by":"Book of Stabbing","ascension_level":6}}