{"host":"ul3z8ex5o8l5j7mh","time":1613321223,"event":{"mods":["AchievementEnabler","BaseMod","Bestiary","Colored Map","Colored Powertips","DeckTracker","Keyboard Shortcuts","Minty Spire (QoL Compilation)","Relic Sorter","Relic Stats","SuperFastMode"],"gold_per_floor":[367,69,87,100,25,25,25,25,25,39,39,72,72,92,92,92,92],"floor_reached":16,"language":"ENG","playtime":477,"items_purged":["Strike_R"],"score":125,"play_id":"ac81e46c-6120-44e5-b2a2-23b9f71654d7","local_time":"20210214174703","is_ascension_mode":true,"campfire_choices":[{"data":"Carnage","floor":6.0,"key":"SMITH"},{"data":"Shrug It Off","floor":8.0,"key":"SMITH"},{"data":"Searing Blow","floor":13.0,"key":"SMITH"},{"data":"Searing Blow+1","floor":15.0,"key":"SMITH"}],"circlet_count":0,"master_deck":["Strike_R","Strike_R","Strike_R","Defend_R","Defend_R","Defend_R","Defend_R","Bash","Shrug It Off+1","Carnage+1","Searing Blow+2"],"relics":["Burning Blood","Brimstone","MealTicket","The Courier","Blue Candle","Eternal Feather"],"acts_visited":["Exordium"],"potions_floor_usage":[16],"damage_taken":[{"damage":17.0,"enemies":"Small Slimes","floor":1.0,"turns":4.0},{"damage":7.0,"enemies":"2 Louse","floor":3.0,"turns":2.0},{"damage":5.0,"enemies":"Jaw Worm","floor":4.0,"turns":2.0},{"damage":0.0,"enemies":"2 Fungi Beasts","floor":10.0,"turns":2.0},{"damage":12.0,"enemies":"3 Sentries","floor":12.0,"turns":4.0},{"damage":9.0,"enemies":"Blue Slaver","floor":14.0,"turns":2.0},{"damage":71,"enemies":"Hexaghost","floor":16,"turns":7}],"seed_played":"-7534040380586851017","potions_obtained":[{"floor":1.0,"key":"PowerPotion"},{"floor":10.0,"key":"SkillPotion"},{"floor":14.0,"key":"BlessingOfTheForge"}],"is_trial":false,"path_per_floor":["M","$","M","M","$","R","?","R","T","M","?","E","R","M","R","B"],"character_chosen":"IRONCLAD","items_purchased":["Brimstone","MealTicket"],"campfire_rested":0,"item_purchase_floors":[2,2],"current_hp_per_floor":[61,61,60,61,72,72,72,72,72,72,65,59,65,62,68,0,0],"gold":92,"neow_bonus":"TWO_FIFTY_GOLD","is_daily":false,"chose_seed":false,"campfire_upgraded":4,"win_rate":0.0,"timestamp":1613321223,"path_taken":["M","$","M","M","$","R","?","R","T","M","?","E","R","M","R","BOSS"],"items_purchased_type":["Relic","Relic"],"build_version":"2020-12-22","purchased_purges":1,"victory":false,"max_hp_per_floor":[72,72,72,72,72,72,72,72,72,72,72,72,72,72,72,72,72],"relic_stats":{"counters":[7,23],"Blue Candle":[0],"MealTicket":11,"Eternal Feather":12,"obtain_stats":[{"Brimstone":2,"Blue Candle":11,"MealTicket":2,"Eternal Feather":12,"The Courier":9,"Burning Blood":0},{"Brimstone":1,"Blue Candle":4,"MealTicket":1,"Eternal Feather":5,"The Courier":3,"Burning Blood":0},{"Brimstone":4,"Blue Candle":10,"MealTicket":4,"Eternal Feather":14,"The Courier":8,"Burning Blood":0}],"Burning Blood":30},"card_choices":[{"not_picked":["Clash","Armaments"],"picked":"Shrug It Off","floor":1.0},{"not_picked":["Spot Weakness","Immolate","Shrug It Off"],"picked":"SKIP","floor":3.0},{"not_picked":["Havoc","Second Wind"],"picked":"Carnage","floor":4.0},{"not_picked":["Spot Weakness","Perfected Strike","Power Through"],"picked":"SKIP","floor":10.0},{"not_picked":["Flex","Battle Trance"],"picked":"Searing Blow","floor":12.0},{"not_picked":["Pummel","Thunderclap","True Grit"],"picked":"SKIP","floor":14.0}],"player_experience":376514,"relics_obtained":[{"floor":9.0,"key":"The Courier"},{"floor":12.0,"key":"Eternal Feather"}],"event_choices":[{"cards_removed":["Strike_R"],"damage_healed":0.0,"max_hp_gain":0.0,"max_hp_loss":0.0,"gold_gain":0.0,"event_name":"Living Wall","player_choice":"Forget","floor":7.0,"gold_loss":0.0,"damage_taken":0.0},{"damage_healed":0.0,"max_hp_gain":0.0,"max_hp_loss":0.0,"gold_gain":0.0,"event_name":"Scrap Ooze","player_choice":"Success","floor":11.0,"gold_loss":0.0,"damage_taken":7.0,"relics_obtained":["Blue Candle"]}],"is_beta":false,"boss_relics":[],"items_purged_floors":[5],"is_endless":false,"potions_floor_spawned":[1,10,14],"killed_by":"Hexaghost","ascension_level":5}}