{"host":"121m0oxswv9tg9hk","time":1613314104,"event":{"mods":["AchievementEnabler","BaseMod","Better Third Choice","Hermit","Hubris","Minty Spire (QoL Compilation)","Replay The Spire","Shade Mod","StSLib","The Construct"],"gold_per_floor":[109,193,203,34,34,34,60,60,60,60,70,95,95,114,114,217,217,236,236,248,248,21,47,47,77,102,132,148,166,183,108,108,209,209,222,222,222,27,27,27,58,58,58,78,111,131,131,35,35,35,35,35,35,67,67],"floor_reached":56,"language":"ENG","playtime":3520,"items_purged":["Shade:Defend_Shade","Shade:Defend_Shade"],"score":1829,"play_id":"74945760-0e32-45dc-b269-74ed7a1047a4","local_time":"20210214154824","is_ascension_mode":true,"campfire_choices":[{"data":"Shade:AnimateDead","floor":6,"key":"SMITH"},{"floor":8,"key":"REST"},{"floor":15,"key":"REST"},{"data":"Shade:SpectralStrikes","floor":24,"key":"SMITH"},{"floor":32,"key":"REST"},{"data":"Shade:Brains","floor":40,"key":"SMITH"},{"data":"Shade:Carnophage","floor":42,"key":"SMITH"},{"floor":47,"key":"RECALL"},{"data":"Shade:Coordination","floor":49,"key":"SMITH"},{"data":"Shade:FleshToFlesh","floor":52,"key":"SMITH"}],"circlet_count":0,"master_deck":["AscendersBane","Shade:Strike_Shade","Shade:Strike_Shade","Shade:Strike_Shade","Shade:Strike_Shade","Shade:Defend_Shade","Shade:AnimateDead+1","Shade:CarefulCut","Shade:Bonestorm","ReplayTheSpireMod:Splinters","Shade:SoulToxin","Shade:BoneShards","Shade:LichForm+1","Poisoned Strike","Shade:Brains+1","Shade:Coordination+1","Shade:SpectralStrikes+1","Shade:BoneShards","Shade:AnimateDead+1","Shade:OpenGraves+1","Shade:Carnophage+1","Shade:FeralStrike","Shade:LoseControl","Shade:Brains","Shade:Carnophage+1","Shade:BoneShards+1","Regret","Shade:FleshToFlesh+1","Shade:OpenGraves","Shade:Brains","Shade:Brains+1"],"relics":["Ring of Chaos","Bronze Scales","Bag of Marbles","Dream Catcher","Ring of Misfortune","construct:ClawGrip","Quantum Egg","DollysMirror","hubris:TinFlute","Blue Candle","Tiny Chest","Pantograph","Sozu","hubris:EmptyBottle","MealTicket","Pocketwatch","Centennial Puzzle","ReplayTheSpireMod:Lightbulb","ReplayTheSpireMod:CursedCoin","Anchor"],"acts_visited":["Exordium","TheCity","TheBeyond","TheEnding"],"potions_floor_usage":[14,20,23,25,33,50,55,55,55],"damage_taken":[{"damage":1,"enemies":"Jaw Worm","floor":1,"turns":5},{"damage":0,"enemies":"Small Slimes","floor":3,"turns":2},{"damage":32,"enemies":"Gremlin Nob","floor":7,"turns":5},{"damage":4,"enemies":"2 Louse","floor":11,"turns":2},{"damage":3,"enemies":"Lagavulin","floor":12,"turns":4},{"damage":0,"enemies":"Large Slime","floor":14,"turns":3},{"damage":9,"enemies":"The Guardian","floor":16,"turns":7},{"damage":7,"enemies":"Chosen","floor":18,"turns":4},{"damage":0,"enemies":"Spheric Guardian","floor":20,"turns":3},{"damage":11,"enemies":"Book of Stabbing","floor":23,"turns":4},{"damage":0,"enemies":"Gremlin Leader","floor":25,"turns":5},{"damage":16,"enemies":"Book of Stabbing","floor":27,"turns":5},{"damage":8,"enemies":"Cultist and Chosen","floor":28,"turns":7},{"damage":2,"enemies":"Snecko","floor":29,"turns":3},{"damage":6,"enemies":"3 Cultists","floor":30,"turns":5},{"damage":4,"enemies":"Collector","floor":33,"turns":5},{"damage":17,"enemies":"Orb Walker","floor":35,"turns":3},{"damage":0,"enemies":"Nemesis","floor":41,"turns":5},{"damage":21,"enemies":"3 Darklings","floor":44,"turns":3},{"damage":0,"enemies":"R_Hoarder","floor":45,"turns":6},{"damage":0,"enemies":"Transient","floor":46,"turns":5},{"damage":37,"enemies":"Time Eater","floor":50,"turns":8},{"damage":31,"enemies":"Shield and Spear","floor":54,"turns":5},{"damage":39,"enemies":"The Heart","floor":55,"turns":7}],"seed_played":"4668284010147099106","potions_obtained":[{"floor":7,"key":"Milkshake"},{"floor":11,"key":"Adrenaline Potion"},{"floor":16,"key":"BlessingOfTheForge"},{"floor":19,"key":"CultistPotion"},{"floor":19,"key":"Strength Potion"},{"floor":19,"key":"Doom Potion"},{"floor":20,"key":"ColorlessPotion"},{"floor":23,"key":"AttackPotion"},{"floor":27,"key":"Doom Potion"}],"is_trial":false,"path_per_floor":["M","?","M","$","?","R","E","R","T","$","M","E","?","M","R","B",null,"M","?","M","T","$","E","R","E","T","E","M","M","M","?","R","B",null,"M","?","?","$","T","R","E","R","T","M","E","M","R","$","R","B",null,"R","$","E","B",null],"character_chosen":"SHADE","items_purchased":["Poisoned Strike","DollysMirror","hubris:EmptyBottle","Shade:Brains","ReplayTheSpireMod:CursedCoin","Shade:FleshToFlesh","Shade:OpenGraves","Shade:Brains"],"campfire_rested":3,"item_purchase_floors":[4,22,38,38,48,48,48,48],"current_hp_per_floor":[58,58,58,58,58,58,26,45,45,45,41,38,38,38,57,48,61,54,54,54,54,54,43,43,43,43,27,19,17,11,11,30,51,62,45,45,45,45,45,45,45,45,45,24,24,24,24,39,39,27,56,56,65,34,20],"gold":67,"neow_bonus":"BOSS_RELIC","is_daily":false,"chose_seed":false,"campfire_upgraded":6,"win_rate":0.0,"timestamp":1613314104,"path_taken":["M","?","M","$","?","R","E","R","T","$","M","E","?","M","R","BOSS","M","?","?","?","$","E","R","E","T","E","M","M","M","?","R","BOSS","M","?","?","$","?","R","E","R","T","M","E","?","R","$","R","BOSS","R","$","E","BOSS"],"items_purchased_type":["Card","Relic","Relic","Card","Relic","Card","Card","Card"],"build_version":"2020-12-22","purchased_purges":2,"victory":true,"max_hp_per_floor":[65,65,65,65,65,65,65,65,65,65,65,65,65,65,65,65,65,65,65,65,65,65,65,65,65,65,65,65,65,65,65,65,65,65,65,65,65,65,65,65,65,65,65,65,65,65,65,65,65,65,65,65,65,65,65],"card_choices":[{"not_picked":["Shade:FuneraryArmor","Shade:WallOfFlesh"],"picked":"Shade:Bonestorm","floor":1},{"not_picked":["Shade:CommandSoldier","Shade:Premonition"],"picked":"Shade:SoulToxin","floor":2},{"not_picked":["Shade:FleshToFlesh","Shade:GraveStillness"],"picked":"Shade:BoneShards","floor":2},{"not_picked":["Shade:ExtraLimbs","Shade:CoffinDance"],"picked":"Shade:LichForm","floor":3},{"not_picked":["Shade:WallOfFlesh","Shade:AblativeArmor"],"picked":"Shade:Brains","floor":7},{"not_picked":["Shade:ScuttlingHand","Shade:Frenzy","Shade:FleshLikeOak"],"picked":"SKIP","floor":11},{"not_picked":["Shade:Trample","Shade:SkeletonHug"],"picked":"Shade:Coordination","floor":12},{"not_picked":["Shade:PoundOfFlesh","Shade:TouchOfTheGrave","Shade:ClawBack"],"picked":"SKIP","floor":14},{"not_picked":["Shade:GraveStillness","Shade:Frenzy"],"picked":"Shade:SpectralStrikes","floor":15},{"not_picked":["Shade:PressTheAttack","Shade:LyeBath"],"picked":"Shade:BoneShards","floor":18},{"not_picked":["Shade:Doomsay+1","Shade:CommandSoldier+1","Shade:PotionOfRestlessness"],"picked":"SKIP","floor":20},{"not_picked":["Shade:FeralStrike","Shade:Patience"],"picked":"Shade:OpenGraves+1","floor":23},{"not_picked":["Shade:OminousRitual","Shade:LyeBath","Shade:FuneraryArmor"],"picked":"SKIP","floor":25},{"not_picked":["Shade:SpontaneousRitual","Shade:GraveStillness+1"],"picked":"Shade:Carnophage","floor":27},{"not_picked":["Shade:Trample","Shade:AncientSpear"],"picked":"Shade:FeralStrike","floor":28},{"not_picked":["Shade:ClawBack+1","Shade:FleshLikeOak","Shade:LyeBath"],"picked":"SKIP","floor":29},{"not_picked":["Shade:ClawBack","Shade:GreyBargain","Shade:TouchOfTheGrave+1"],"picked":"SKIP","floor":30},{"not_picked":["Shade:AuraOfUnlife","Shade:PressTheAttack"],"picked":"Shade:LoseControl","floor":32},{"not_picked":["Shade:ClawBack","Shade:FuneraryArmor+1","Shade:AuraOfUnlife"],"picked":"SKIP","floor":35},{"not_picked":["Shade:AncientSpear","Shade:FingerOfDeath"],"picked":"Shade:Carnophage+1","floor":41},{"not_picked":["Shade:GreyBargain","Shade:Brains","Shade:FingerOfDeath+1"],"picked":"SKIP","floor":44},{"not_picked":["Shade:UnbarTheGrave","Shade:DangerousRitual+1"],"picked":"Shade:BoneShards+1","floor":45},{"not_picked":["Shade:LyeBath+1","Shade:FuneraryArmor+1","Shade:BoneShards"],"picked":"SKIP","floor":46},{"not_picked":["Shade:SkeletonArmy+1","Shade:Frenzy+1"],"picked":"Shade:Brains+1","floor":54}],"player_experience":2445979,"relics_obtained":[{"floor":2,"key":"Bronze Scales"},{"floor":7,"key":"Bag of Marbles"},{"floor":12,"key":"Dream Catcher"},{"floor":13,"key":"Ring of Misfortune"},{"floor":21,"key":"Quantum Egg"},{"floor":23,"key":"hubris:TinFlute"},{"floor":25,"key":"Blue Candle"},{"floor":26,"key":"Tiny Chest"},{"floor":27,"key":"Pantograph"},{"floor":39,"key":"MealTicket"},{"floor":41,"key":"Pocketwatch"},{"floor":43,"key":"Centennial Puzzle"},{"floor":45,"key":"ReplayTheSpireMod:Lightbulb"},{"floor":54,"key":"Anchor"}],"event_choices":[{"damage_healed":0,"gold_gain":0,"player_choice":"Grow","damage_taken":0,"max_hp_gain":0,"max_hp_loss":0,"event_name":"Living Wall","floor":5,"gold_loss":0,"cards_upgraded":["Shade:LichForm"]},{"damage_healed":0,"gold_gain":0,"player_choice":"Got Potions","damage_taken":0,"max_hp_gain":0,"max_hp_loss":0,"event_name":"Lab","floor":19,"gold_loss":0},{"cards_removed":["Shade:Defend_Shade"],"damage_healed":0,"gold_gain":0,"player_choice":"Gave Gold","damage_taken":0,"max_hp_gain":0,"max_hp_loss":0,"event_name":"Beggar","floor":31,"gold_loss":75},{"damage_healed":0,"gold_gain":0,"player_choice":"Ignored","damage_taken":0,"max_hp_gain":0,"max_hp_loss":0,"event_name":"Mysterious Sphere","floor":36,"gold_loss":0},{"damage_healed":0,"gold_gain":0,"player_choice":"Ignored","damage_taken":0,"max_hp_gain":0,"max_hp_loss":0,"event_name":"Purifier","floor":37,"gold_loss":0}],"is_beta":false,"boss_relics":[{"not_picked":["hubris:TerracottaHorce","Velvet Choker"],"picked":"construct:ClawGrip"},{"not_picked":["hubris:Backtick","Painkiller Herb"],"picked":"Sozu"}],"items_purged_floors":[22,48],"is_endless":false,"potions_floor_spawned":[7,11,16,20,23,27,30,35,54],"ascension_level":10}}