{"host":"hb254truj5uxpodn","time":1613264908,"event":{"mods":["2.2 Compatiblity","AchievementEnabler","Aspiration","BaseMod","Bestiary","Better Altar","Better Match","Better Note","Better Sensory Stone","Better Skull","Better Third Choice","Better Vampires","BetterRewards","CapriCore","Colored Map","Colored Powertips","Conspire","Downfall","Energized Spire","Fiend Mod","Friendly Minions","GifTheSpireLib","Highlight Path","Hubris","Infinite Spire","Minty Spire (QoL Compilation)","Permanent Neow","Practice Mode","Quick Restart","Relic Stats","Replay The Spire","Shop Mod","Spicy Shops","StSLib","SuperFastMode","Uncapped"],"gold_per_floor":[110,129,54,54,54,67,80,80,80,180,180,201,217,117,138,13,27,48,48,48,67,101,120,194,212,212,212,236,260,260,275,275,275,275,300,300,325,341,357,357,377,377,506,506,520,520,534,534,552,552,565,579,579,579,579,599,599,599,718,718,718],"floor_reached":61,"language":"ENG","playtime":7641,"items_purged":["Defend_G","Strike_G","Defend_G","Defend_G"],"score":642,"play_id":"bfb9346d-2089-4de1-accc-ac4893a80f26","local_time":"20210213170828","is_ascension_mode":false,"campfire_choices":[{"floor":8,"key":"RECALL"},{"data":"conspire:DoublingDagger","floor":19,"key":"SMITH"},{"floor":26,"key":"REST"},{"data":"Survivor","floor":33,"key":"SMITH"},{"floor":40,"key":"REST"},{"data":"Strike_G","floor":42,"key":"SMITH"},{"data":"conspire:DoublingDagger","floor":50,"key":"SMITH"},{"floor":54,"key":"REST"},{"floor":59,"key":"REST"}],"circlet_count":0,"master_deck":["Strike_G+2","Defend_G+1","Survivor+1","Neutralize+1","conspire:DoublingDagger+1","Malaise+1","conspire:DoublingDagger+1","Replay:Fractal Strike+1"],"relics":["Ring of the Snake","Golden Idol","infinitespire:Lucky Rock","hubris:Teleporter","conspire:TopHat","Meat on the Bone","Replay:Drink Me","Replay:Ringing Soul","Bag of Preparation","Simple Rune","infinitespire:Cupcake"],"acts_visited":["Exordium","Exordium","Exordium","TheCity","TheBeyond"],"potions_floor_usage":[38],"damage_taken":[{"damage":4,"enemies":"Jaw Worm","floor":1,"turns":5},{"damage":0,"enemies":"conspire:RoseBush","floor":2,"turns":5},{"damage":7,"enemies":"Cultist","floor":6,"turns":4},{"damage":5,"enemies":"Red Slaver","floor":7,"turns":4},{"damage":0,"enemies":"2 Louse","floor":12,"turns":3},{"damage":0,"enemies":"Cultist","floor":13,"turns":3},{"damage":1,"enemies":"Jaw Worm","floor":15,"turns":6},{"damage":12,"enemies":"Looter","floor":17,"turns":3},{"damage":2,"enemies":"3 Louse","floor":18,"turns":4},{"damage":0,"enemies":"Blue Slaver","floor":21,"turns":3},{"damage":37,"enemies":"Gremlin Nob","floor":22,"turns":5},{"damage":8,"enemies":"2 Fungi Beasts","floor":23,"turns":5},{"damage":5,"enemies":"Large Slime","floor":25,"turns":5},{"damage":0,"enemies":"Small Slimes","floor":28,"turns":3},{"damage":0,"enemies":"Cultist","floor":29,"turns":3},{"damage":0,"enemies":"Jaw Worm","floor":31,"turns":2},{"damage":10,"enemies":"Large Slime","floor":35,"turns":8},{"damage":10,"enemies":"Looter","floor":37,"turns":3},{"damage":15,"enemies":"Exordium Wildlife","floor":38,"turns":7},{"damage":8,"enemies":"Lots of Slimes","floor":39,"turns":4},{"damage":8,"enemies":"Looter","floor":41,"turns":3},{"damage":22,"enemies":"The Guardian","floor":43,"turns":13},{"damage":2,"enemies":"2 Thieves","floor":45,"turns":4},{"damage":0,"enemies":"Spheric Guardian","floor":47,"turns":3},{"damage":6,"enemies":"Cultist and Chosen","floor":49,"turns":3},{"damage":35,"enemies":"Snecko","floor":51,"turns":5},{"damage":5,"enemies":"Centurion and Healer","floor":52,"turns":2},{"damage":6,"enemies":"Chosen and Byrds","floor":56,"turns":2},{"damage":0,"enemies":"Champ","floor":60,"turns":2}],"seed_played":"5237871717725204088","potions_obtained":[{"floor":6,"key":"Explosive Potion"},{"floor":15,"key":"Adrenaline Potion"},{"floor":22,"key":"Weak Potion"},{"floor":38,"key":"Fruit Juice"},{"floor":45,"key":"SpeedPotion"},{"floor":56,"key":"Reflective Coating"}],"is_trial":false,"path_per_floor":["M","M","$","?","?","M","M","R","T","?","E","M","M","$","M","$","M","M","R","T","M","E","M","?","M","R","B","M","M","?","M","?","R","?","M","T","M","M","M","R","M","R_BF","B",null,"M","AVR","M","?","M","R","M","M","T","R","?","M","?","R","B",null],"character_chosen":"THE_SILENT","items_purchased":[],"campfire_rested":4,"item_purchase_floors":[],"current_hp_per_floor":[73,73,73,54,54,47,42,42,42,42,84,84,84,84,83,83,71,69,69,69,69,32,24,24,19,44,92,92,92,92,92,92,92,92,82,82,72,62,54,83,75,75,53,73,71,74,74,74,68,68,45,40,40,62,62,56,56,76,76,76,76],"gold":718,"neow_bonus":"TEN_PERCENT_HP_BONUS","is_daily":false,"chose_seed":false,"campfire_upgraded":4,"win_rate":0.0,"timestamp":1613264908,"path_taken":["M","M","$","?","?","M","M","R","T","?","E","M","M","$","?","?","M","M","R","T","?","E","M","?","M","R","BOSS","M","M","?","M","?","R","?","M","T","M","M","M","R","M","R_BF","BOSS","M","AVR","M","?","?","R","M","M","T","R","?","M","?","R","BOSS"],"items_purchased_type":[],"build_version":"2020-12-22","purchased_purges":4,"victory":false,"max_hp_per_floor":[77,77,77,77,77,77,77,77,77,77,84,84,84,84,84,84,84,84,84,84,84,84,84,84,84,84,92,92,92,92,92,92,92,92,92,92,92,97,97,97,97,97,97,73,73,76,76,76,76,76,76,76,76,76,76,76,76,76,76,76,76],"relic_stats":{"counters":[31,137],"Golden Idol":161,"Bag of Preparation":[0],"obtain_stats":[{"Replay:Ringing Soul":46,"hubris:Teleporter":22,"Golden Idol":4,"Simple Rune":55,"Bag of Preparation":53,"infinitespire:Lucky Rock":9,"Replay:Drink Me":44,"conspire:TopHat":24,"Ring of the Snake":0,"Meat on the Bone":36,"infinitespire:Cupcake":61},{"Replay:Ringing Soul":25,"hubris:Teleporter":12,"Golden Idol":2,"Simple Rune":29,"Bag of Preparation":29,"infinitespire:Lucky Rock":4,"Replay:Drink Me":24,"conspire:TopHat":13,"Ring of the Snake":0,"Meat on the Bone":19,"infinitespire:Cupcake":31},{"Replay:Ringing Soul":120,"hubris:Teleporter":51,"Golden Idol":10,"Simple Rune":133,"Bag of Preparation":133,"infinitespire:Lucky Rock":18,"Replay:Drink Me":116,"conspire:TopHat":56,"Ring of the Snake":0,"Meat on the Bone":86,"infinitespire:Cupcake":137}],"Ring of the Snake":[54],"Meat on the Bone":12},"card_choices":[{"not_picked":["Skewer","Setup","Slice"],"picked":"SKIP","floor":1},{"not_picked":["Concentrate","Flying Knee","Prepared"],"picked":"SKIP","floor":2},{"not_picked":["Riddle With Holes","Quick Slash","Deflect"],"picked":"SKIP","floor":6},{"not_picked":["Flying Knee","aspiration:Lunge","Cloak And Dagger"],"picked":"SKIP","floor":7},{"not_picked":["conspire:DoublingDagger","Slice","Draining Mist"],"picked":"SKIP","floor":12},{"not_picked":["Dodge and Roll","Acrobatics","hubris:SlightOfHand"],"picked":"SKIP","floor":13},{"not_picked":["ReplayTheSpireMod:The Works","Calculated Gamble","Quick Slash"],"picked":"SKIP","floor":15},{"not_picked":["Blade Dance","Cloak And Dagger"],"picked":"conspire:DoublingDagger","floor":17},{"not_picked":["ReplayTheSpireMod:From All Sides","Deadly Poison","Outmaneuver"],"picked":"SKIP","floor":18},{"not_picked":["Acrobatics","Dodge and Roll","Bane"],"picked":"SKIP","floor":21},{"not_picked":["Deadly Poison","PiercingWail","Fluid Movement"],"picked":"SKIP","floor":22},{"not_picked":["aspiration:Lunge","Slice","Masterful Stab"],"picked":"SKIP","floor":23},{"not_picked":["Dagger Spray","Bouncing Flask","Dagger Throw"],"picked":"SKIP","floor":25},{"not_picked":["Dagger Spray","Flying Knee","Caltrops"],"picked":"SKIP","floor":28},{"not_picked":["Dagger Spray","Sucker Punch","Endless Agony"],"picked":"SKIP","floor":29},{"not_picked":["Blur","Bullet Time","Backflip"],"picked":"SKIP","floor":31},{"not_picked":["Footwork","Cloak And Dagger","Calculated Gamble"],"picked":"SKIP","floor":35},{"not_picked":["Bouncing Flask","Cloak And Dagger","Hidden Blade"],"picked":"SKIP","floor":37},{"not_picked":["Backflip","Malaise","Slice"],"picked":"SKIP","floor":38},{"not_picked":["Outmaneuver","hubris:SlightOfHand","Dagger Throw"],"picked":"SKIP","floor":39},{"not_picked":["Acrobatics","PiercingWail","Finisher"],"picked":"SKIP","floor":41},{"not_picked":["hubris:SlightOfHand","ReplayTheSpireMod:Exploit Weakness"],"picked":"conspire:DoublingDagger","floor":45},{"not_picked":["Dodge and Roll","Slice+1","Dagger Throw"],"picked":"SKIP","floor":47},{"not_picked":["Sucker Punch","PiercingWail","Flying Knee"],"picked":"SKIP","floor":49},{"not_picked":["Draining Mist","Setup","Dagger Throw"],"picked":"SKIP","floor":51},{"not_picked":["Riddle With Holes","hubris:TrickCloak+1","Acrobatics"],"picked":"SKIP","floor":52},{"not_picked":["After Image","Expertise","ReplayTheSpireMod:Scrap Shanks"],"picked":"SKIP","floor":56},{"not_picked":["After Image","Expertise","ReplayTheSpireMod:Scrap Shanks"],"picked":"SKIP","floor":56}],"player_experience":1105100,"relics_obtained":[{"floor":9,"key":"infinitespire:Lucky Rock"},{"floor":22,"key":"hubris:Teleporter"},{"floor":24,"key":"conspire:TopHat"},{"floor":36,"key":"Meat on the Bone"},{"floor":53,"key":"Bag of Preparation"}],"event_choices":[{"damage_healed":0,"gold_gain":0,"player_choice":"Take Damage","damage_taken":19,"relics_obtained":["Golden Idol"],"max_hp_gain":0,"max_hp_loss":0,"event_name":"Golden Idol","floor":4,"gold_loss":0},{"damage_healed":0,"gold_gain":0,"player_choice":"Ignored","damage_taken":54,"max_hp_gain":0,"max_hp_loss":0,"event_name":"betterThird:BetterSerpent","floor":5,"gold_loss":0},{"damage_healed":0,"gold_gain":100,"player_choice":"Pray","damage_taken":0,"max_hp_gain":0,"max_hp_loss":0,"event_name":"Golden Shrine","floor":10,"gold_loss":0},{"damage_healed":0,"gold_gain":0,"player_choice":"Leave","damage_taken":0,"max_hp_gain":0,"max_hp_loss":0,"event_name":"conspire:Investor","floor":30,"gold_loss":0},{"damage_healed":0,"gold_gain":0,"player_choice":"Upgraded","damage_taken":0,"max_hp_gain":0,"max_hp_loss":0,"event_name":"Upgrade Shrine","floor":48,"gold_loss":0,"cards_upgraded":["Replay:Fractal Strike"]},{"damage_healed":0,"gold_gain":0,"player_choice":"Gave Potion","damage_taken":0,"relics_obtained":["Simple Rune"],"max_hp_gain":0,"max_hp_loss":0,"event_name":"WeMeetAgain","floor":55,"gold_loss":0},{"damage_healed":0,"gold_gain":0,"player_choice":"Bought 0 Potions","damage_taken":0,"max_hp_gain":0,"max_hp_loss":0,"event_name":"The Woman in Blue","floor":57,"gold_loss":0}],"is_beta":false,"boss_relics":[{"not_picked":["Velvet Choker","hubris:Stopwatch"],"picked":"Replay:Drink Me"},{"not_picked":["Astrolabe","Snecko Eye"],"picked":"infinitespire:Cupcake"}],"items_purged_floors":[3,14,16,46],"is_endless":false,"potions_floor_spawned":[6,15,17,22,25,28,31,38,45,47,56],"ascension_level":0}}