{"host":"0mhttqdumuceah7q","time":1613311107,"event":{"mods":["AchievementEnabler","BaseMod","Colored Map","DeckTracker","Minty Spire (QoL Compilation)","Permanent Neow"],"gold_per_floor":[109,119,139,150,150,150,175,175,198,225,244,244,319,652,652,750,750,766,784,796,711,711,746,746,300,300,300,316,113,141,91,91,195,195,205,225,175,202,2,2,19,19,45,45,45,45,63,0,0,0,0,0,0,31,31,31],"floor_reached":55,"language":"KOR","playtime":2720,"items_purged":["Defend_G","Defend_G","Defend_G","Defend_G","Leg Sweep"],"score":755,"play_id":"0169dcdc-9420-49db-8d1d-7d959788f3a0","local_time":"20210214225827","is_ascension_mode":true,"campfire_choices":[{"data":"Quick Slash","floor":6.0,"key":"SMITH"},{"floor":12.0,"key":"REST"},{"data":"Terror","floor":15.0,"key":"SMITH"},{"data":"Phantasmal Killer","floor":24.0,"key":"SMITH"},{"data":"Bite","floor":27.0,"key":"SMITH"},{"data":"Eviscerate","floor":32.0,"key":"SMITH"},{"data":"A Thousand Cuts","floor":40.0,"key":"SMITH"},{"data":"Bite","floor":42.0,"key":"SMITH"},{"data":"Bite","floor":44.0,"key":"SMITH"},{"data":"Apotheosis","floor":46.0,"key":"SMITH"},{"floor":49.0,"key":"RECALL"},{"data":"Madness","floor":52.0,"key":"SMITH"}],"circlet_count":0,"master_deck":["Survivor","Neutralize","Prepared","Dagger Throw","Flying Knee","Quick Slash+1","Eviscerate+1","Terror+1","Unload","Phantasmal Killer+1","Heel Hook","Underhanded Strike","Dagger Throw+1","Bite+1","Bite+1","Bite","Bite","Bite+1","Finesse","Backflip+1","Quick Slash+1","A Thousand Cuts+1","Acrobatics+1","Slice+1","Escape Plan","Apotheosis+1","Madness+1","Finesse","Reflex+1","Flechettes+1"],"relics":["Ring of the Serpent","Bag of Marbles","Akabeko","Happy Flower","Smiling Mask","Old Coin","Mango","Ornamental Fan","WingedGreaves","TungstenRod","MealTicket","Strawberry","SlaversCollar","HandDrill","Nunchaku","Red Mask","Sundial"],"acts_visited":["Exordium","TheCity","TheBeyond","TheEnding"],"potions_floor_usage":[],"damage_taken":[{"damage":0.0,"enemies":"2 Louse","floor":1.0,"turns":2.0},{"damage":2.0,"enemies":"Jaw Worm","floor":2.0,"turns":5.0},{"damage":0.0,"enemies":"Cultist","floor":3.0,"turns":3.0},{"damage":3.0,"enemies":"Red Slaver","floor":4.0,"turns":5.0},{"damage":31.0,"enemies":"Lagavulin","floor":7.0,"turns":5.0},{"damage":12.0,"enemies":"3 Sentries","floor":10.0,"turns":7.0},{"damage":0.0,"enemies":"Large Slime","floor":11.0,"turns":3.0},{"damage":5.0,"enemies":"Lagavulin","floor":14.0,"turns":5.0},{"damage":44.0,"enemies":"The Guardian","floor":16.0,"turns":9.0},{"damage":5.0,"enemies":"Spheric Guardian","floor":18.0,"turns":3.0},{"damage":22.0,"enemies":"2 Thieves","floor":19.0,"turns":4.0},{"damage":17.0,"enemies":"3 Cultists","floor":20.0,"turns":4.0},{"damage":27.0,"enemies":"Gremlin Leader","floor":23.0,"turns":4.0},{"damage":0.0,"enemies":"Chosen and Byrds","floor":28.0,"turns":3.0},{"damage":17.0,"enemies":"Slavers","floor":30.0,"turns":4.0},{"damage":35.0,"enemies":"Champ","floor":33.0,"turns":6.0},{"damage":0.0,"enemies":"Orb Walker","floor":35.0,"turns":2.0},{"damage":13.0,"enemies":"3 Shapes","floor":36.0,"turns":3.0},{"damage":22.0,"enemies":"Writhing Mass","floor":41.0,"turns":5.0},{"damage":0.0,"enemies":"Transient","floor":47.0,"turns":5.0},{"damage":22.0,"enemies":"Donu and Deca","floor":50.0,"turns":4.0},{"damage":8.0,"enemies":"Shield and Spear","floor":54.0,"turns":3.0},{"damage":72,"enemies":"The Heart","floor":55,"turns":3}],"seed_played":"-6765897671628735486","potions_obtained":[{"floor":4.0,"key":"BlessingOfTheForge"},{"floor":7.0,"key":"FairyPotion"},{"floor":11.0,"key":"LiquidBronze"},{"floor":20.0,"key":"EntropicBrew"},{"floor":33.0,"key":"SteroidPotion"},{"floor":36.0,"key":"Strength Potion"}],"is_trial":false,"path_per_floor":["M","M","M","M","?","R","E","?","T","E","M","R","?","E","R","B",null,"M","M","M","?","?","E","R","$","T","R","M","$","E","$","R","B",null,"M","M","$","T","$","R","M","R","T","R","?","R","M","?","R","B",null,"R","$","E","B"],"character_chosen":"THE_SILENT","items_purchased":["Finesse","WingedGreaves","MealTicket","HandDrill"],"campfire_rested":1,"item_purchase_floors":[25,25,29,39],"current_hp_per_floor":[70,68,68,65,65,65,34,27,27,15,15,36,25,20,20,1,70,65,43,26,40,40,25,25,25,25,25,36,36,35,50,50,31,65,65,60,65,65,65,65,49,49,49,49,40,40,57,57,57,49,65,65,65,65,0,0],"gold":31,"neow_bonus":"RANDOM_COMMON_RELIC","is_daily":false,"chose_seed":false,"campfire_upgraded":10,"win_rate":0.0,"timestamp":1613311107,"path_taken":["M","M","M","M","?","R","E","?","T","E","M","R","?","E","R","BOSS","M","M","M","?","?","E","R","$","T","R","M","?","E","$","R","BOSS","M","?","$","?","$","R","M","R","T","R","?","R","M","?","R","BOSS","R","$","E","BOSS"],"items_purchased_type":["Card","Relic","Relic","Relic"],"build_version":"2020-12-22","purchased_purges":5,"victory":false,"max_hp_per_floor":[70,70,70,70,70,70,70,70,70,70,70,70,70,70,70,70,70,70,70,70,84,58,58,58,58,58,58,58,58,65,65,65,65,65,65,65,65,65,65,65,65,65,65,65,65,65,65,65,65,65,65,65,65,65,65,65],"card_choices":[{"not_picked":["Blade Dance","Blur"],"picked":"Prepared","floor":1.0},{"not_picked":["Acrobatics","Terror"],"picked":"Dagger Throw","floor":2.0},{"not_picked":["Masterful Stab","All Out Attack"],"picked":"Flying Knee","floor":3.0},{"not_picked":["Footwork","Bane"],"picked":"Quick Slash","floor":4.0},{"not_picked":["Dash","Underhanded Strike"],"picked":"Leg Sweep","floor":7.0},{"not_picked":["Flying Knee","Choke"],"picked":"Eviscerate","floor":10.0},{"not_picked":["Dash","Deadly Poison"],"picked":"Terror","floor":11.0},{"not_picked":["Blade Dance","Escape Plan"],"picked":"Unload","floor":14.0},{"not_picked":["A Thousand Cuts","Tools of the Trade"],"picked":"Phantasmal Killer","floor":16.0},{"not_picked":["Bane","Riddle With Holes"],"picked":"Heel Hook","floor":18.0},{"not_picked":["Dodge and Roll","Sucker Punch"],"picked":"Underhanded Strike","floor":19.0},{"not_picked":["Blade Dance+1","Leg Sweep"],"picked":"Dagger Throw+1","floor":20.0},{"not_picked":["Well Laid Plans+1","Blade Dance","Terror"],"picked":"SKIP","floor":23.0},{"not_picked":["Sucker Punch","Bane"],"picked":"Backflip+1","floor":28.0},{"not_picked":["Blade Dance","Riddle With Holes"],"picked":"Quick Slash+1","floor":30.0},{"not_picked":["Corpse Explosion","Burst"],"picked":"A Thousand Cuts","floor":33.0},{"not_picked":["Terror+1","Dagger Spray"],"picked":"Acrobatics+1","floor":35.0},{"not_picked":["Poisoned Stab","Backflip+1"],"picked":"Slice+1","floor":36.0},{"not_picked":["Acrobatics","Blade Dance+1"],"picked":"Escape Plan","floor":41.0},{"not_picked":["Purity","Swift Strike"],"picked":"Apotheosis","floor":45.0},{"not_picked":["Trip","Metamorphosis"],"picked":"Madness","floor":45.0},{"not_picked":["Magnetism","Sadistic Nature"],"picked":"Finesse","floor":45.0},{"not_picked":["Choke+1","Outmaneuver+1"],"picked":"Reflex+1","floor":47.0},{"not_picked":["Heel Hook","Blur+1"],"picked":"Flechettes+1","floor":54.0}],"player_experience":84345,"relics_obtained":[{"floor":7.0,"key":"Akabeko"},{"floor":9.0,"key":"Happy Flower"},{"floor":10.0,"key":"Smiling Mask"},{"floor":14.0,"key":"Old Coin"},{"floor":23.0,"key":"Ornamental Fan"},{"floor":26.0,"key":"TungstenRod"},{"floor":30.0,"key":"Strawberry"},{"floor":43.0,"key":"Nunchaku"},{"floor":54.0,"key":"Sundial"}],"event_choices":[{"damage_healed":0.0,"max_hp_gain":0.0,"max_hp_loss":0.0,"gold_gain":0.0,"event_name":"Liars Game","player_choice":"Ignored","floor":5.0,"gold_loss":0.0,"damage_taken":0.0},{"cards_removed":["Defend_G"],"damage_healed":0.0,"max_hp_gain":0.0,"max_hp_loss":0.0,"gold_gain":0.0,"event_name":"Golden Wing","player_choice":"Card Removal","floor":8.0,"gold_loss":0.0,"damage_taken":7.0},{"damage_healed":0.0,"max_hp_gain":0.0,"max_hp_loss":0.0,"gold_gain":75.0,"event_name":"World of Goop","player_choice":"Gather Gold","floor":13.0,"gold_loss":0.0,"damage_taken":11.0},{"damage_healed":0.0,"max_hp_gain":0.0,"max_hp_loss":0.0,"gold_gain":0.0,"event_name":"Addict","player_choice":"Obtained Relic","floor":21.0,"gold_loss":85.0,"damage_taken":0.0,"relics_obtained":["Mango"]},{"damage_healed":0.0,"max_hp_gain":0.0,"max_hp_loss":26.0,"gold_gain":0.0,"event_name":"Vampires","player_choice":"Became a vampire","floor":22.0,"gold_loss":0.0,"damage_taken":0.0,"cards_obtained":["Bite","Bite","Bite","Bite","Bite"]},{"damage_healed":0.0,"max_hp_gain":0.0,"max_hp_loss":0.0,"gold_gain":0.0,"event_name":"SensoryStone","player_choice":"Memory 3","floor":45.0,"gold_loss":0.0,"damage_taken":10.0},{"damage_healed":0.0,"max_hp_gain":0.0,"max_hp_loss":0.0,"gold_gain":0.0,"event_name":"Tomb of Lord Red Mask","player_choice":"Paid","floor":48.0,"gold_loss":63.0,"damage_taken":0.0,"relics_obtained":["Red Mask"]}],"is_beta":false,"boss_relics":[{"not_picked":["Runic Pyramid","Velvet Choker"],"picked":"Ring of the Serpent"},{"not_picked":["SacredBark","Sozu"],"picked":"SlaversCollar"}],"items_purged_floors":[25,29,31,37,39],"is_endless":false,"potions_floor_spawned":[4,7,11,20,30,33,36,47],"killed_by":"The Heart","ascension_level":1}}