{"host":"o88u0awh8mkwl1l8","time":1613282529,"event":{"mods":["BaseMod","Colored Map","Colored Powertips","Highlight Path","Minty Spire (QoL Compilation)"],"gold_per_floor":[116,135,135,155,175,175,207,207,207,232,4,33,33,53,53,129,129,141,141,159,159,170,170,199,199,223,10,39,53,70,104,104,177,177,195,195,95,107,122,155,155,482,482,494,510,540,553,563,563,563,563],"floor_reached":52,"language":"JPN","playtime":5021,"items_purged":["Defend_P","Strike_P","Defend_P"],"score":2323,"play_id":"b8d13045-374c-40f1-abc3-81f14ce938ee","local_time":"20210214150209","is_ascension_mode":true,"campfire_choices":[{"data":"Tantrum","floor":6.0,"key":"SMITH"},{"data":"Eruption","floor":13.0,"key":"SMITH"},{"data":"MentalFortress","floor":15.0,"key":"SMITH"},{"floor":23.0,"key":"REST"},{"data":"Adaptation","floor":25.0,"key":"SMITH"},{"data":"CutThroughFate","floor":32.0,"key":"SMITH"},{"data":"MentalFortress","floor":41,"key":"SMITH"},{"data":"FlurryOfBlows","floor":49,"key":"SMITH"}],"circlet_count":0,"master_deck":["AscendersBane","Strike_P","Strike_P","Strike_P","Defend_P","Defend_P","Eruption+1","Vigilance","Flash of Steel","MentalFortress+1","ClearTheMind","Tantrum+1","Adaptation","CutThroughFate+1","Master of Strategy","Adaptation+1","Vault","InnerPeace","FearNoEvil","FlurryOfBlows+1","MentalFortress+1","DeusExMachina","CrushJoints"],"relics":["PureWater","Akabeko","Regal Pillow","The Courier","StrikeDummy","Philosopher\u0027s Stone","White Beast Statue","Potion Belt","Toy Ornithopter","Lantern","Prayer Wheel","VioletLotus","TungstenRod","Old Coin","Centennial Puzzle"],"acts_visited":["Exordium","TheCity","TheBeyond"],"potions_floor_usage":[42,44,45,46,48,48,50,50],"damage_taken":[{"damage":0.0,"enemies":"2 Louse","floor":1.0,"turns":3.0},{"damage":0.0,"enemies":"Jaw Worm","floor":2.0,"turns":5.0},{"damage":2.0,"enemies":"Cultist","floor":4.0,"turns":3.0},{"damage":8.0,"enemies":"3 Louse","floor":5.0,"turns":3.0},{"damage":3.0,"enemies":"Lagavulin","floor":7.0,"turns":5.0},{"damage":1.0,"enemies":"3 Sentries","floor":10.0,"turns":4.0},{"damage":0.0,"enemies":"Lagavulin","floor":12.0,"turns":3.0},{"damage":7.0,"enemies":"Gremlin Gang","floor":14.0,"turns":3.0},{"damage":15.0,"enemies":"Hexaghost","floor":16.0,"turns":6.0},{"damage":17.0,"enemies":"Shell Parasite","floor":18.0,"turns":3.0},{"damage":12.0,"enemies":"2 Thieves","floor":20.0,"turns":3.0},{"damage":0.0,"enemies":"Cultist and Chosen","floor":22.0,"turns":3.0},{"damage":14.0,"enemies":"Slavers","floor":24.0,"turns":4.0},{"damage":2.0,"enemies":"Book of Stabbing","floor":28.0,"turns":3.0},{"damage":0.0,"enemies":"Centurion and Healer","floor":29.0,"turns":3.0},{"damage":0.0,"enemies":"Snecko","floor":30.0,"turns":2.0},{"damage":0.0,"enemies":"Gremlin Leader","floor":31.0,"turns":4.0},{"damage":0.0,"enemies":"Champ","floor":33.0,"turns":4.0},{"damage":11.0,"enemies":"3 Shapes","floor":35.0,"turns":3.0},{"damage":0.0,"enemies":"Orb Walker","floor":38.0,"turns":2.0},{"damage":0,"enemies":"Writhing Mass","floor":39,"turns":5},{"damage":0,"enemies":"Giant Head","floor":40,"turns":2},{"damage":29,"enemies":"Reptomancer","floor":42,"turns":4},{"damage":0,"enemies":"Jaw Worm Horde","floor":44,"turns":2},{"damage":0,"enemies":"Transient","floor":45,"turns":4},{"damage":0,"enemies":"Giant Head","floor":46,"turns":3},{"damage":6,"enemies":"Sphere and 2 Shapes","floor":47,"turns":2},{"damage":14,"enemies":"4 Shapes","floor":48,"turns":2},{"damage":20,"enemies":"Time Eater","floor":50,"turns":5},{"damage":20,"enemies":"Awakened One","floor":51,"turns":3}],"seed_played":"4491930434264374416","potions_obtained":[{"floor":2.0,"key":"Fire Potion"},{"floor":4.0,"key":"GamblersBrew"},{"floor":7.0,"key":"SmokeBomb"},{"floor":20.0,"key":"SteroidPotion"},{"floor":24.0,"key":"Swift Potion"},{"floor":28.0,"key":"Dexterity Potion"},{"floor":29.0,"key":"SkillPotion"},{"floor":30.0,"key":"Ancient Potion"},{"floor":31.0,"key":"FairyPotion"},{"floor":33.0,"key":"Dexterity Potion"},{"floor":35.0,"key":"StancePotion"},{"floor":36.0,"key":"Regen Potion"},{"floor":38,"key":"BlessingOfTheForge"},{"floor":39,"key":"LiquidMemories"},{"floor":42,"key":"PowerPotion"},{"floor":44,"key":"AttackPotion"},{"floor":45,"key":"ColorlessPotion"},{"floor":46,"key":"Swift Potion"},{"floor":48,"key":"SkillPotion"}],"is_trial":false,"path_per_floor":["M","M","?","M","M","R","E","?","T","E","$","E","R","M","R","B",null,"M","?","M","?","M","R","E","R","T","$","E","M","M","E","R","B",null,"M","?","$","M","M","E","R","E","T","M","M","E","M","M","R","B","B",null],"character_chosen":"WATCHER","items_purchased":["Master of Strategy","Toy Ornithopter"],"campfire_rested":1,"item_purchase_floors":[11,27],"current_hp_per_floor":[61,61,66,64,56,56,53,53,53,52,52,52,52,45,45,30,62,45,45,33,33,33,69,55,55,55,55,58,58,58,58,58,63,71,62,62,62,67,67,67,67,48,48,53,58,63,57,53,53,43,23],"gold":563,"neow_bonus":"RANDOM_COLORLESS","is_daily":false,"chose_seed":false,"campfire_upgraded":7,"win_rate":0.0,"timestamp":1613282529,"path_taken":["M","M","?","M","M","R","E","?","T","E","?","E","R","M","R","BOSS","M","?","M","?","?","R","E","R","T","$","E","M","M","E","R","BOSS","M","?","$","M","M","E","R","E","T","M","M","E","M","?","R","BOSS","BOSS"],"items_purchased_type":["Card","Relic"],"build_version":"2020-12-22","purchased_purges":3,"victory":true,"max_hp_per_floor":[68,68,73,73,73,73,73,73,73,73,73,73,73,73,73,73,73,73,73,73,73,73,73,73,73,73,73,73,73,73,73,73,73,73,73,73,73,73,73,73,73,73,73,73,73,73,73,73,73,73,73],"card_choices":[{"not_picked":["Blind","Madness"],"picked":"Flash of Steel","floor":0.0},{"not_picked":["EmptyFist","FollowUp"],"picked":"MentalFortress","floor":1.0},{"not_picked":["CrushJoints","Wireheading","PathToVictory"],"picked":"SKIP","floor":2.0},{"not_picked":["CrushJoints","Protect"],"picked":"ClearTheMind","floor":4.0},{"not_picked":["Crescendo","ThirdEye"],"picked":"Tantrum","floor":5.0},{"not_picked":["InnerPeace","FlyingSleeves"],"picked":"Adaptation","floor":7.0},{"not_picked":["InnerPeace","FlyingSleeves"],"picked":"CutThroughFate","floor":10.0},{"not_picked":["DevaForm","CrushJoints","InnerPeace"],"picked":"SKIP","floor":12.0},{"not_picked":["Evaluate","Halt"],"picked":"Adaptation","floor":14.0},{"not_picked":["Judgement","Ragnarok"],"picked":"Vault","floor":16.0},{"not_picked":["CutThroughFate","FlyingSleeves"],"picked":"InnerPeace","floor":18.0},{"not_picked":["Halt","BowlingBash+1"],"picked":"FearNoEvil","floor":20.0},{"not_picked":["ReachHeaven","Protect","Evaluate"],"picked":"SKIP","floor":22.0},{"not_picked":["JustLucky","BattleHymn"],"picked":"FlurryOfBlows","floor":24.0},{"not_picked":["WindmillStrike","EmptyBody","Blasphemy"],"picked":"SKIP","floor":28.0},{"not_picked":["DeceiveReality+1","CarveReality","ThirdEye"],"picked":"SKIP","floor":29.0},{"not_picked":["Halt","WreathOfFlame"],"picked":"MentalFortress","floor":30.0},{"not_picked":["DevaForm","EmptyFist","JustLucky"],"picked":"SKIP","floor":31.0},{"not_picked":["ConjureBlade","MasterReality"],"picked":"DeusExMachina","floor":33.0},{"not_picked":["EmptyFist","MentalFortress","WaveOfTheHand"],"picked":"SKIP","floor":35.0},{"not_picked":["FlyingSleeves","FollowUp","Adaptation"],"picked":"SKIP","floor":35.0},{"not_picked":["JustLucky","BowlingBash","WreathOfFlame"],"picked":"SKIP","floor":38},{"not_picked":["ClearTheMind","Evaluate+1","ForeignInfluence+1"],"picked":"SKIP","floor":38},{"not_picked":["JustLucky","EmptyBody","FlyingSleeves"],"picked":"SKIP","floor":39},{"not_picked":["CutThroughFate","FlyingSleeves","Sanctity"],"picked":"SKIP","floor":39},{"not_picked":["Crescendo","Ragnarok","Indignation"],"picked":"SKIP","floor":40},{"not_picked":["Crescendo","Ragnarok","Indignation"],"picked":"SKIP","floor":40},{"not_picked":["Blasphemy","MasterReality","PathToVictory"],"picked":"SKIP","floor":42},{"not_picked":["Evaluate+1","ThirdEye","SashWhip+1"],"picked":"SKIP","floor":44},{"not_picked":["ThirdEye","CutThroughFate+1","Worship"],"picked":"SKIP","floor":44},{"not_picked":["JustLucky","Pray","Study"],"picked":"SKIP","floor":45},{"not_picked":["LessonLearned","Swivel+1","Evaluate"],"picked":"SKIP","floor":45},{"not_picked":["ForeignInfluence","Prostrate","EmptyBody"],"picked":"SKIP","floor":46},{"not_picked":["ThirdEye+1","InnerPeace","CutThroughFate"],"picked":"SKIP","floor":47},{"not_picked":["FlurryOfBlows","EmptyBody","CarveReality"],"picked":"SKIP","floor":47},{"not_picked":["ThirdEye+1","InnerPeace","CutThroughFate"],"picked":"SKIP","floor":47},{"not_picked":["FlurryOfBlows","EmptyBody","CarveReality"],"picked":"SKIP","floor":47},{"not_picked":["CutThroughFate","Meditate"],"picked":"CrushJoints","floor":48},{"not_picked":["Protect+1","Study+1","FollowUp"],"picked":"SKIP","floor":48}],"player_experience":1200667,"relics_obtained":[{"floor":7.0,"key":"Akabeko"},{"floor":9.0,"key":"Regal Pillow"},{"floor":10.0,"key":"The Courier"},{"floor":12.0,"key":"StrikeDummy"},{"floor":24.0,"key":"White Beast Statue"},{"floor":26.0,"key":"Potion Belt"},{"floor":28.0,"key":"Lantern"},{"floor":31.0,"key":"Prayer Wheel"},{"floor":40,"key":"TungstenRod"},{"floor":42,"key":"Old Coin"},{"floor":46,"key":"Centennial Puzzle"}],"event_choices":[{"damage_healed":0.0,"max_hp_gain":5.0,"max_hp_loss":0.0,"gold_gain":0.0,"event_name":"Big Fish","player_choice":"Donut","floor":3.0,"gold_loss":0.0,"damage_taken":0.0},{"damage_healed":0.0,"max_hp_gain":0.0,"max_hp_loss":0.0,"gold_gain":0.0,"event_name":"Scrap Ooze","player_choice":"Fled","floor":8.0,"gold_loss":0.0,"damage_taken":0.0},{"damage_healed":0.0,"max_hp_gain":0.0,"max_hp_loss":0.0,"gold_gain":0.0,"event_name":"Cursed Tome","player_choice":"Ignored","floor":19.0,"gold_loss":0.0,"damage_taken":0.0},{"damage_healed":0.0,"max_hp_gain":0.0,"max_hp_loss":0.0,"gold_gain":0.0,"event_name":"N\u0027loth","player_choice":"Ignored","floor":21.0,"gold_loss":0.0,"damage_taken":0.0},{"damage_healed":0.0,"max_hp_gain":0.0,"max_hp_loss":0.0,"gold_gain":0.0,"event_name":"Lab","player_choice":"Got Potions","floor":36.0,"gold_loss":0.0,"damage_taken":0.0}],"is_beta":false,"boss_relics":[{"not_picked":["Runic Pyramid","SlaversCollar"],"picked":"Philosopher\u0027s Stone"},{"not_picked":["Runic Dome","Pandora\u0027s Box"],"picked":"VioletLotus"}],"items_purged_floors":[11,27,37],"is_endless":false,"potions_floor_spawned":[2,4,7,20,24,28,29,30,31,33,35,38,39,40,42,44,45,46,47,48],"ascension_level":20}}