{"host":"82qk6ob05uum3zoi","time":1613293375,"event":{"mods":["BaseMod","BetterRewards","Minty Spire (QoL Compilation)","Reliquary","StSLib","The Cursed"],"gold_per_floor":[113,113,113,113,129,129,148,176,176,19,19,19,37,55,55,150,150,165,165,185,204,221,221,221,221,221,5,38,58,58,58,58],"floor_reached":31,"language":"ENG","playtime":1215,"items_purged":[],"score":318,"play_id":"f72b1f42-3064-4c4b-8c6a-7af6f464227b","local_time":"20210214220255","is_ascension_mode":true,"campfire_choices":[{"floor":6,"key":"RECALL"},{"floor":12,"key":"REST"},{"floor":15,"key":"REST"},{"floor":23,"key":"REST"}],"circlet_count":0,"master_deck":["Defend_G","Defend_G+1","Defend_G","Defend_G","Defend_G","Survivor","Neutralize","Dagger Spray","Enlightenment","Caltrops","Expertise","Dagger Spray+1","Deadly Poison","Dagger Throw+1","Adrenaline","PiercingWail","Bouncing Flask","Deadly Poison+1","Blur","Bite+1","Bite+1","Bite+1","Bite+1","Bite+1","Adrenaline","Terror","Deadly Poison","Sucker Punch+1"],"relics":["Ring of the Snake","Molten Egg 2","Anchor","Regal Pillow","reliquary:WritOfMandamus","MutagenicStrength","Lee\u0027s Waffle","Omamori"],"acts_visited":["Exordium","TheCity"],"potions_floor_usage":[8,13,16,16,21,28,29,29],"damage_taken":[{"damage":0,"enemies":"2 Louse","floor":1,"turns":4},{"damage":0,"enemies":"Small Slimes","floor":5,"turns":3},{"damage":0,"enemies":"Cultist","floor":7,"turns":4},{"damage":39,"enemies":"Gremlin Nob","floor":8,"turns":5},{"damage":4,"enemies":"Lots of Slimes","floor":13,"turns":3},{"damage":5,"enemies":"Blue Slaver","floor":14,"turns":4},{"damage":36,"enemies":"The Guardian","floor":16,"turns":9},{"damage":6,"enemies":"3 Byrds","floor":18,"turns":3},{"damage":15,"enemies":"Shell Parasite","floor":20,"turns":4},{"damage":6,"enemies":"3 Cultists","floor":21,"turns":3},{"damage":37,"enemies":"Sentry and Sphere","floor":22,"turns":5},{"damage":75,"enemies":"Book of Stabbing","floor":28,"turns":6},{"damage":0,"enemies":"Snake Plant","floor":29,"turns":2},{"damage":22,"enemies":"Colosseum Slavers","floor":30,"turns":4},{"damage":18,"enemies":"Snecko","floor":31,"turns":3}],"seed_played":"-8451878178312030166","potions_obtained":[{"floor":7,"key":"BlessingOfTheForge"},{"floor":8,"key":"SteroidPotion"},{"floor":13,"key":"ColorlessPotion"},{"floor":14,"key":"BlessingOfTheForge"},{"floor":20,"key":"Explosive Potion"},{"floor":21,"key":"Regen Potion"},{"floor":22,"key":"DuplicationPotion"},{"floor":28,"key":"BlessingOfTheForge"}],"is_trial":false,"path_per_floor":["M","?","?","?","M","R","M","E","T","$","?","R","M","M","R","B",null,"M","?","M","M","M","R","?","?","T","$","E","M","?","M"],"character_chosen":"THE_SILENT","items_purchased":["Regal Pillow","Lee\u0027s Waffle","Terror"],"campfire_rested":3,"item_purchase_floors":[10,27,27],"current_hp_per_floor":[77,62,67,67,67,67,67,28,28,28,28,67,63,58,82,46,82,76,76,61,55,18,57,57,57,57,64,1,19,12,0,0],"gold":58,"neow_bonus":"TEN_PERCENT_HP_BONUS","is_daily":false,"chose_seed":false,"campfire_upgraded":0,"win_rate":0.0,"timestamp":1613293375,"path_taken":["M","?","?","?","?","R","M","E","T","?","?","R","M","M","R","BOSS","M","?","M","M","M","R","?","?","T","$","E","?","?","M"],"items_purchased_type":["Relic","Relic","Card"],"build_version":"2020-12-22","purchased_purges":0,"victory":false,"max_hp_per_floor":[77,77,82,82,82,82,82,82,82,82,82,82,82,82,82,82,82,82,82,82,82,82,82,57,57,57,64,64,64,64,64,64],"card_choices":[{"not_picked":["Acrobatics","Expertise"],"picked":"Dagger Spray","floor":1},{"not_picked":["Slice","Underhanded Strike"],"picked":"Caltrops","floor":5},{"not_picked":["Well Laid Plans","Escape Plan"],"picked":"Expertise","floor":7},{"not_picked":["Well Laid Plans","Dodge and Roll"],"picked":"Dagger Spray+1","floor":8},{"not_picked":["Accuracy","Backstab+1"],"picked":"Deadly Poison","floor":13},{"not_picked":["Tactician","Backflip"],"picked":"Dagger Throw+1","floor":14},{"not_picked":["A Thousand Cuts","Night Terror"],"picked":"Adrenaline","floor":16},{"not_picked":["Flying Knee+1","Backflip"],"picked":"PiercingWail","floor":18},{"not_picked":["Choke+1","Outmaneuver"],"picked":"Bouncing Flask","floor":20},{"not_picked":["Dagger Spray+1","PiercingWail"],"picked":"Deadly Poison+1","floor":21},{"not_picked":["Dagger Spray+1","Dodge and Roll"],"picked":"Blur","floor":22},{"not_picked":["Bane+1","Slice+1"],"picked":"Deadly Poison","floor":28},{"not_picked":["Slice+1","Outmaneuver"],"picked":"Sucker Punch+1","floor":29}],"player_experience":427019,"relics_obtained":[{"floor":8,"key":"Molten Egg 2"},{"floor":9,"key":"Anchor"},{"floor":28,"key":"Omamori"}],"event_choices":[{"damage_healed":0,"gold_gain":0,"player_choice":"Entered Light","damage_taken":15,"max_hp_gain":0,"max_hp_loss":0,"event_name":"Shining Light","floor":2,"gold_loss":0,"cards_upgraded":["Defend_G","Strike_G"]},{"damage_healed":0,"gold_gain":0,"player_choice":"Donut","damage_taken":0,"max_hp_gain":5,"max_hp_loss":0,"event_name":"Big Fish","floor":3,"gold_loss":0},{"damage_healed":0,"gold_gain":0,"player_choice":"1 cards matched","damage_taken":0,"max_hp_gain":0,"max_hp_loss":0,"event_name":"Match and Keep!","floor":4,"gold_loss":0,"cards_obtained":["Enlightenment"]},{"damage_healed":0,"gold_gain":0,"player_choice":"Ignored","damage_taken":0,"max_hp_gain":0,"max_hp_loss":0,"event_name":"Golden Wing","floor":11,"gold_loss":0},{"damage_healed":0,"gold_gain":0,"player_choice":"Inject Mutagens","damage_taken":0,"relics_obtained":["MutagenicStrength"],"max_hp_gain":0,"max_hp_loss":0,"event_name":"Drug Dealer","floor":19,"gold_loss":0},{"damage_healed":0,"gold_gain":0,"player_choice":"Became a vampire","damage_taken":0,"max_hp_gain":0,"max_hp_loss":25,"event_name":"Vampires","floor":24,"gold_loss":0,"cards_obtained":["Bite","Bite","Bite","Bite","Bite"]},{"damage_healed":0,"gold_gain":0,"player_choice":"Copied","damage_taken":0,"max_hp_gain":0,"max_hp_loss":0,"event_name":"Duplicator","floor":25,"gold_loss":0,"cards_obtained":["Adrenaline"]},{"damage_healed":0,"gold_gain":0,"player_choice":"Fight","damage_taken":0,"max_hp_gain":0,"max_hp_loss":0,"event_name":"Colosseum","floor":30,"gold_loss":0},{"damage_healed":0,"gold_gain":0,"player_choice":"Fled From Nobs","damage_taken":0,"max_hp_gain":0,"max_hp_loss":0,"event_name":"Colosseum","floor":30,"gold_loss":0}],"is_beta":false,"boss_relics":[{"not_picked":["Runic Dome","Runic Pyramid"],"picked":"reliquary:WritOfMandamus"}],"items_purged_floors":[],"is_endless":false,"potions_floor_spawned":[7,8,13,14,20,21,22,28],"killed_by":"Snecko","ascension_level":3}}