{"host":"c83fcgyuu74iknko","time":1613303465,"event":{"mods":["BaseMod","BetterRewards","Colored Map","Colored Powertips","Minty Spire (QoL Compilation)","Quick Restart","StSLib","The Animator","The Senshi"],"gold_per_floor":[117,66,78,78,91,118,118,137,164,182,195,210,230,22,22,117,117,105,55,72,84,84,84,95,107,107,107,107,107,120,131,131,229,229,243,243,193,243,38,73,73,73],"floor_reached":41,"language":"ENG","playtime":2956,"items_purged":["Strike_P","Strike_P","Defend_P","Defend_P"],"score":527,"play_id":"86e788e2-7d11-4ff5-8a64-2be6c1227b2e","local_time":"20210214035105","is_ascension_mode":false,"campfire_choices":[{"data":"DevaForm","floor":7,"key":"SMITH"},{"data":"WreathOfFlame","floor":15,"key":"SMITH"},{"data":"Ragnarok","floor":23,"key":"SMITH"},{"data":"Vigilance","floor":27,"key":"SMITH"},{"data":"Protect","floor":32,"key":"SMITH"}],"circlet_count":0,"master_deck":["Defend_P","Defend_P","Eruption","Vigilance+1","DevaForm+1","Protect","CutThroughFate","Ragnarok+1","WheelKick","WreathOfFlame+1","InnerPeace","Protect+1","Evaluate","Finesse","Fasting2","Scrawl","DevaForm","Study","Scrawl","DeusExMachina","JustLucky","LikeWater+1"],"relics":["HolyWater","Toy Ornithopter","Smiling Mask","Coffee Dripper","Nilry\u0027s Codex","Bronze Scales","Gambling Chip","Lee\u0027s Waffle","Potion Belt"],"acts_visited":["Exordium","TheCity","TheBeyond"],"potions_floor_usage":[11,16,30,33,33,40,41],"damage_taken":[{"damage":6,"enemies":"Jaw Worm","floor":1,"turns":5},{"damage":6,"enemies":"2 Louse","floor":3,"turns":4},{"damage":2,"enemies":"Small Slimes","floor":5,"turns":3},{"damage":0,"enemies":"Gremlin Nob","floor":6,"turns":2},{"damage":23,"enemies":"Exordium Thugs","floor":8,"turns":5},{"damage":24,"enemies":"Large Slime","floor":10,"turns":5},{"damage":2,"enemies":"Blue Slaver","floor":11,"turns":6},{"damage":6,"enemies":"2 Fungi Beasts","floor":12,"turns":6},{"damage":6,"enemies":"Large Slime","floor":13,"turns":7},{"damage":0,"enemies":"Hexaghost","floor":16,"turns":11},{"damage":12,"enemies":"2 Thieves","floor":18,"turns":4},{"damage":0,"enemies":"Chosen","floor":20,"turns":5},{"damage":3,"enemies":"Centurion and Healer","floor":21,"turns":6},{"damage":1,"enemies":"Chosen and Byrds","floor":24,"turns":4},{"damage":21,"enemies":"Snake Plant","floor":25,"turns":4},{"damage":6,"enemies":"Sentry and Sphere","floor":30,"turns":5},{"damage":0,"enemies":"Centurion and Healer","floor":31,"turns":6},{"damage":6,"enemies":"Champ","floor":33,"turns":12},{"damage":17,"enemies":"3 Darklings","floor":35,"turns":7},{"damage":0,"enemies":"Mind Bloom Boss Battle","floor":38,"turns":6},{"damage":67,"enemies":"Reptomancer","floor":40,"turns":8},{"damage":55,"enemies":"2 Orb Walkers","floor":41,"turns":4}],"seed_played":"-728088039240392198","potions_obtained":[{"floor":6,"key":"SmokeBomb"},{"floor":8,"key":"Swift Potion"},{"floor":10,"key":"SmokeBomb"},{"floor":13,"key":"PowerPotion"},{"floor":16,"key":"CultistPotion"},{"floor":20,"key":"SteroidPotion"},{"floor":25,"key":"Dexterity Potion"},{"floor":38,"key":"BottledMiracle"},{"floor":40,"key":"SkillPotion"}],"is_trial":false,"path_per_floor":["M","$","M","?","M","E","R","M","T","M","M","M","M","$","R","B",null,"M","$","M","M","?","R","M","M","T","R","?","?","M","M","R","B",null,"M","?","$","?","$","E","?"],"character_chosen":"WATCHER","items_purchased":["CutThroughFate","Finesse","Fasting2","Lee\u0027s Waffle"],"campfire_rested":0,"item_purchase_floors":[2,14,14,39],"current_hp_per_floor":[66,66,60,60,58,58,58,35,35,11,14,8,2,2,2,7,72,60,60,60,57,41,41,40,19,19,19,19,6,5,5,5,9,77,60,60,60,60,84,22,0,0],"gold":73,"neow_bonus":"ONE_RANDOM_RARE_CARD","is_daily":false,"chose_seed":false,"campfire_upgraded":5,"win_rate":0.0,"timestamp":1613303465,"path_taken":["M","$","M","?","M","E","R","M","T","M","M","M","M","$","R","BOSS","M","$","M","M","?","R","M","M","T","R","?","?","?","M","R","BOSS","M","?","$","?","$","E","?"],"items_purchased_type":["Card","Card","Card","Relic"],"build_version":"2020-12-22","purchased_purges":4,"victory":false,"max_hp_per_floor":[72,72,72,72,72,72,72,72,72,72,72,72,72,72,72,72,72,72,72,72,72,72,72,72,72,72,72,72,77,77,77,77,77,77,77,77,77,77,84,84,84,84],"card_choices":[{"not_picked":["EmptyBody","ClearTheMind"],"picked":"Protect","floor":1},{"not_picked":["CrushJoints","Evaluate"],"picked":"Ragnarok","floor":3},{"not_picked":["ClearTheMind","SashWhip"],"picked":"WheelKick","floor":5},{"not_picked":["FlyingSleeves","Vengeance"],"picked":"WreathOfFlame","floor":6},{"not_picked":["Crescendo","SashWhip","Halt"],"picked":"SKIP","floor":8},{"not_picked":["Tantrum","FlurryOfBlows"],"picked":"InnerPeace","floor":10},{"not_picked":["Halt","PathToVictory"],"picked":"Protect","floor":11},{"not_picked":["FlyingSleeves","FlurryOfBlows","FollowUp"],"picked":"SKIP","floor":12},{"not_picked":["Crescendo","Weave"],"picked":"Evaluate","floor":13},{"not_picked":["DevaForm","Ragnarok"],"picked":"Scrawl","floor":16},{"not_picked":["ClearTheMind","Halt+1","Meditate"],"picked":"SKIP","floor":18},{"not_picked":["Weave+1","Swivel","ClearTheMind"],"picked":"SKIP","floor":20},{"not_picked":["EmptyBody","ClearTheMind"],"picked":"SignatureMove","floor":21},{"not_picked":["SashWhip","FlurryOfBlows+1","Meditate"],"picked":"SKIP","floor":24},{"not_picked":["WaveOfTheHand+1","FlyingSleeves"],"picked":"DevaForm","floor":25},{"not_picked":["ClearTheMind+1","Wallop+1","SashWhip"],"picked":"SKIP","floor":30},{"not_picked":["JustLucky","Collect+1","FollowUp"],"picked":"SKIP","floor":31},{"not_picked":["DevaForm","Judgement"],"picked":"DeusExMachina","floor":33},{"not_picked":["Sanctity","ClearTheMind+1"],"picked":"JustLucky","floor":35},{"not_picked":["CarveReality","SandsOfTime"],"picked":"LikeWater+1","floor":40}],"player_experience":273686,"relics_obtained":[{"floor":6,"key":"Toy Ornithopter"},{"floor":9,"key":"Smiling Mask"},{"floor":22,"key":"Nilry\u0027s Codex"},{"floor":26,"key":"Bronze Scales"},{"floor":38,"key":"Gambling Chip"},{"floor":40,"key":"Potion Belt"}],"event_choices":[{"damage_healed":0,"gold_gain":0,"player_choice":"Ignored","damage_taken":0,"max_hp_gain":0,"max_hp_loss":0,"event_name":"Liars Game","floor":4,"gold_loss":0},{"damage_healed":0,"gold_gain":0,"player_choice":"Obtained Book","damage_taken":16,"max_hp_gain":0,"max_hp_loss":0,"event_name":"Cursed Tome","floor":22,"gold_loss":0},{"damage_healed":0,"gold_gain":0,"cards_transformed":["Strike_P","Strike_P"],"player_choice":"Became Test Subject","damage_taken":0,"max_hp_gain":0,"max_hp_loss":0,"event_name":"Drug Dealer","floor":28,"gold_loss":0,"cards_obtained":["Study","Scrawl"]},{"damage_healed":0,"gold_gain":0,"player_choice":"Shed Blood","damage_taken":18,"max_hp_gain":5,"max_hp_loss":0,"event_name":"Forgotten Altar","floor":29,"gold_loss":0},{"cards_removed":["SignatureMove"],"damage_healed":0,"gold_gain":0,"player_choice":"Removed Attack","damage_taken":0,"max_hp_gain":0,"max_hp_loss":0,"event_name":"Falling","floor":36,"gold_loss":0},{"damage_healed":0,"gold_gain":0,"player_choice":"Fight","damage_taken":0,"max_hp_gain":0,"max_hp_loss":0,"event_name":"MindBloom","floor":38,"gold_loss":0},{"damage_healed":0,"gold_gain":0,"player_choice":"Fight","damage_taken":0,"max_hp_gain":0,"max_hp_loss":0,"event_name":"Mysterious Sphere","floor":41,"gold_loss":0}],"is_beta":false,"boss_relics":[{"not_picked":["Runic Pyramid","Ectoplasm"],"picked":"Coffee Dripper"},{"not_picked":["Black Star","Runic Dome"],"picked":"HolyWater"}],"items_purged_floors":[14,19,37,39],"is_endless":false,"potions_floor_spawned":[6,8,10,13,16,20,25,38,40],"killed_by":"2 Orb Walkers","ascension_level":0}}