{"host":"fiyb7gvx7tok3jeh","time":1613261338,"event":{"mods":["BaseMod","Colored Map","Colored Powertips","DeckTracker","Googly Eyes","Highlight Path","Minty Spire (QoL Compilation)"],"gold_per_floor":[116,126,126,142,155,155,167,167,167,198,123,179,196,23,23,23,23],"floor_reached":16,"language":"ENG","playtime":989,"items_purged":["Defend_B","Defend_B"],"score":128,"play_id":"8c04b3af-f492-4ed0-862a-130a13a1e3b4","local_time":"20210214020858","is_ascension_mode":true,"campfire_choices":[{"data":"Dualcast","floor":6,"key":"SMITH"},{"data":"Defragment","floor":8,"key":"SMITH"},{"data":"Hologram","floor":15,"key":"SMITH"}],"circlet_count":0,"master_deck":["Strike_B","Strike_B","Strike_B","Strike_B","Defend_B","Defend_B","Zap","Dualcast+1","Reinforced Body","Hologram+1","Good Instincts","Defragment+1","Steam","Steam","Rainbow","Turbo","Ball Lightning","Static Discharge"],"relics":["Cracked Core","CaptainsWheel","Incense Burner","Girya"],"acts_visited":["Exordium"],"potions_floor_usage":[5],"damage_taken":[{"damage":0,"enemies":"2 Louse","floor":1,"turns":1},{"damage":1,"enemies":"Cultist","floor":2,"turns":3},{"damage":7,"enemies":"Jaw Worm","floor":4,"turns":5},{"damage":25,"enemies":"Exordium Thugs","floor":5,"turns":4},{"damage":2,"enemies":"Exordium Wildlife","floor":7,"turns":3},{"damage":19,"enemies":"Lagavulin","floor":10,"turns":9},{"damage":20,"enemies":"3 Sentries","floor":12,"turns":8},{"damage":0,"enemies":"2 Fungi Beasts","floor":13,"turns":3},{"damage":10,"enemies":"Hexaghost","floor":16,"turns":8}],"seed_played":"-2676866682991316884","potions_obtained":[{"floor":1,"key":"Explosive Potion"},{"floor":10,"key":"PowerPotion"},{"floor":13,"key":"SkillPotion"}],"is_trial":false,"path_per_floor":["M","M","?","M","M","R","M","R","T","E","$","?","M","$","R","B"],"character_chosen":"DEFECT","items_purchased":["Static Discharge"],"campfire_rested":0,"item_purchase_floors":[14],"current_hp_per_floor":[82,81,81,74,49,49,47,47,47,28,28,8,8,8,8,0,0],"gold":23,"neow_bonus":"TEN_PERCENT_HP_BONUS","is_daily":false,"chose_seed":false,"campfire_upgraded":3,"win_rate":0.0,"timestamp":1613261338,"path_taken":["M","M","?","?","M","R","M","R","T","E","$","?","M","?","R","BOSS"],"items_purchased_type":["Card"],"build_version":"2020-12-22","purchased_purges":2,"victory":false,"max_hp_per_floor":[82,82,82,82,82,82,82,82,82,82,82,82,82,82,82,82,82],"card_choices":[{"not_picked":["Turbo","Compile Driver"],"picked":"Reinforced Body","floor":1},{"not_picked":["Go for the Eyes","Reprogram"],"picked":"Hologram","floor":2},{"not_picked":["Ball Lightning","Reinforced Body"],"picked":"Defragment","floor":4},{"not_picked":["Reprogram","Cold Snap"],"picked":"Steam","floor":5},{"not_picked":["Beam Cell","Ball Lightning"],"picked":"Steam","floor":7},{"not_picked":["Barrage","Conserve Battery"],"picked":"Rainbow","floor":10},{"not_picked":["Doom and Gloom","Gash"],"picked":"Turbo","floor":12},{"not_picked":["Auto Shields","Skim"],"picked":"Ball Lightning","floor":13}],"player_experience":300537,"relics_obtained":[{"floor":9,"key":"CaptainsWheel"},{"floor":10,"key":"Incense Burner"},{"floor":12,"key":"Girya"}],"event_choices":[{"damage_healed":0,"gold_gain":0,"player_choice":"1 cards matched","damage_taken":0,"max_hp_gain":0,"max_hp_loss":0,"event_name":"Match and Keep!","floor":3,"gold_loss":0,"cards_obtained":["Good Instincts"]},{"damage_healed":0,"gold_gain":0,"player_choice":"Searched \u00271\u0027 times","damage_taken":0,"max_hp_gain":0,"max_hp_loss":0,"event_name":"Dead Adventurer","floor":12,"gold_loss":0}],"is_beta":false,"boss_relics":[],"items_purged_floors":[11,14],"is_endless":false,"potions_floor_spawned":[1,10,13],"killed_by":"Hexaghost","ascension_level":5}}