{"host":"2d926qfvvz477zl6","time":1613338094,"event":{"mods":["Aspiration","BaseMod","Bossed Relics","Challenge The Spire","Conspire","Downfall","Energized Spire","GungeonMod","Halation","Hermit","Hubris","Infinite Spire","Marked Mod","Minty Spire (QoL Compilation)","Morshu Shopkeeper","Rare Cards Sparkle","Reliquary","Replay The Spire","Retaliation","Shedinja","Somnambulant","Spicy Shops","StSLib","Td1madao Mod","The Blue Laboratory","The Bug Knight","The Disciple","The Hierophant","The IronCluck","The Senshi","Wandering Minibosses","Wide Potions","everything is the same but u backflip on backflip","slay the spire mod where everything is the same but ironclad has a cowboy hat"],"gold_per_floor":[99,112,72,88,103,103,103],"floor_reached":6,"language":"ENG","playtime":233,"items_purged":[],"score":38,"play_id":"c88330de-fa7c-4460-b6ab-5ad6cae8344f","local_time":"20210214162814","is_ascension_mode":true,"campfire_choices":[{"floor":1,"key":"RECALL"}],"circlet_count":0,"master_deck":["Shedinja:Scratch","Shedinja:Scratch","Shedinja:Scratch","Shedinja:Scratch","Shedinja:Scratch","Shedinja:Endure","Shedinja:Endure","Shedinja:Endure","Shedinja:Endure","Shedinja:Endure","Shedinja:FocusSash","Shedinja:FocusSash","Shedinja:NightSlash","Shedinja:ShadowSneak","Shedinja:StruggleBug","Shedinja:ShadowBall","Shedinja:MetalClaw"],"relics":["Shedinja:WonderGuard","DemoMod:GlassGuonStoneRelic"],"acts_visited":["Exordium"],"potions_floor_usage":[6],"damage_taken":[{"damage":0,"enemies":"Cultist","floor":2,"turns":6},{"damage":0,"enemies":"downfall:FleeingMerchant","floor":3,"turns":4},{"damage":0,"enemies":"Jaw Worm","floor":4,"turns":3},{"damage":0,"enemies":"2 Louse","floor":5,"turns":3},{"damage":9,"enemies":"Replay:BlueRogue","floor":6,"turns":3}],"seed_played":"-1690306705979584990","potions_obtained":[{"floor":4,"key":"bronze:BurnAndBuffPotion"},{"floor":5,"key":"Fire Potion"}],"is_trial":false,"path_per_floor":["R","M","$","M","M","E"],"character_chosen":"THE_DEFAULT","items_purchased":["Shedinja:StruggleBug"],"campfire_rested":0,"item_purchase_floors":[3],"current_hp_per_floor":[1,1,1,1,1,0,0],"gold":103,"neow_bonus":"TEN_PERCENT_HP_BONUS","is_daily":false,"chose_seed":false,"campfire_upgraded":0,"win_rate":0.0,"timestamp":1613338094,"path_taken":["R","M","$","?","M","E"],"items_purchased_type":["Card"],"build_version":"2020-12-22","purchased_purges":0,"victory":false,"max_hp_per_floor":[1,1,1,1,1,1,1],"card_choices":[{"not_picked":["Shedinja:Facade","Shedinja:Absorb"],"picked":"Shedinja:NightSlash","floor":2},{"not_picked":["Shedinja:WillOWisp","Shedinja:BugBuzz"],"picked":"Shedinja:ShadowSneak","floor":3},{"not_picked":["Shedinja:NightSlash","Shedinja:Ether"],"picked":"Shedinja:ShadowBall","floor":4},{"not_picked":["Shedinja:PowerBelt","Shedinja:ArtifactCard"],"picked":"Shedinja:MetalClaw","floor":5}],"player_experience":416971,"relics_obtained":[],"event_choices":[],"is_beta":false,"boss_relics":[],"items_purged_floors":[],"is_endless":false,"potions_floor_spawned":[4,5],"killed_by":"Replay:BlueRogue","ascension_level":1}}