{"host":"u1dfzl6o6mfmauc3","time":1613275600,"event":{"mods":["2.2 Compatiblity","AchievementEnabler","BaseMod","Bestiary","Block Reminder","Challenge The Spire","Colored Map","Dark Map","Hermit","Highlight Path","Marisa????????","Minty Spire (QoL Compilation)","Random Character Button","Rare Cards Sparkle","Relic Stats","Robot Space Explorer","StSLib","The Disciple"],"gold_per_floor":[112,212,137,157,168,195,210,229,229,253,267,267,280,315,390,390,490,540,523,534,459,475,26,53,53,78,149,349,15,31,64,79,79,79,176,176,192,246,346,365,380,408,428,388,413,413,423,453,472,492,98,98,98,98],"floor_reached":55,"language":"ENG","playtime":2705,"items_purged":["Writhe","Strike_R","Strike_R","Twin Strike"],"score":1099,"play_id":"986658f3-a13a-470b-aa80-1270a32739d6","local_time":"20210213230640","is_ascension_mode":true,"campfire_choices":[{"data":"True Grit","floor":12,"key":"SMITH"},{"data":"Offering","floor":16,"key":"SMITH"},{"data":"Corruption","floor":25,"key":"SMITH"},{"floor":33,"key":"REST"},{"data":"Shockwave","floor":34,"key":"SMITH"},{"floor":52,"key":"REST"},{"data":"Dark Embrace","floor":53,"key":"SMITH"}],"circlet_count":0,"master_deck":["Defend_R+1","Defend_R","Defend_R","Defend_R","Bash","True Grit+1","Feel No Pain","Headbutt","Carnage","Offering+1","Sentinel","Corruption+1","Rampage","Shockwave+1","Shrug It Off+1","Master of Strategy","Battle Trance","Offering","Blind","Impervious","Cleave+1","Juggernaut","Pommel Strike","Berserk","Metallicize+1","Body Slam+1","Dual Wield","Dark Embrace+1","Exhume"],"relics":["Burning Blood","Turnip","Bag of Marbles","Shuriken","Oddly Smooth Stone","Ornamental Fan","Tiny House","Membership Card","Calipers","Question Card","Boot","Pear","Bronze Scales","Sling","Regal Pillow","Empty Cage","CaptainsWheel","Juzu Bracelet","Letter Opener","Pen Nib","Centennial Puzzle","Sundial"],"acts_visited":["Exordium","TheCity","TheBeyond"],"potions_floor_usage":[11,14,17,20,22,24,24,32,32,42,54,54],"damage_taken":[{"damage":8,"enemies":"2 Louse","floor":1,"turns":3},{"damage":5,"enemies":"Cultist","floor":4,"turns":4},{"damage":9,"enemies":"Jaw Worm","floor":5,"turns":5},{"damage":29,"enemies":"3 Sentries","floor":6,"turns":14},{"damage":0,"enemies":"Large Slime","floor":7,"turns":6},{"damage":0,"enemies":"Exordium Wildlife","floor":8,"turns":2},{"damage":6,"enemies":"Lots of Slimes","floor":11,"turns":3},{"damage":1,"enemies":"Looter","floor":13,"turns":2},{"damage":28,"enemies":"Lagavulin","floor":14,"turns":4},{"damage":33,"enemies":"The Guardian","floor":17,"turns":14},{"damage":15,"enemies":"2 Thieves","floor":19,"turns":4},{"damage":8,"enemies":"Chosen","floor":20,"turns":6},{"damage":14,"enemies":"Snecko","floor":22,"turns":4},{"damage":30,"enemies":"Gremlin Leader","floor":24,"turns":8},{"damage":6,"enemies":"Book of Stabbing","floor":26,"turns":6},{"damage":14,"enemies":"Snake Plant","floor":30,"turns":2},{"damage":12,"enemies":"Gremlin Leader","floor":31,"turns":6},{"damage":16,"enemies":"Centurion and Healer","floor":32,"turns":6},{"damage":28,"enemies":"Collector","floor":35,"turns":9},{"damage":6,"enemies":"3 Shapes","floor":37,"turns":2},{"damage":18,"enemies":"2 Orb Walkers","floor":38,"turns":4},{"damage":12,"enemies":"3 Darklings","floor":40,"turns":4},{"damage":20,"enemies":"Writhing Mass","floor":41,"turns":4},{"damage":12,"enemies":"Giant Head","floor":42,"turns":7},{"damage":6,"enemies":"Jaw Worm Horde","floor":43,"turns":4},{"damage":14,"enemies":"4 Shapes","floor":47,"turns":4},{"damage":12,"enemies":"Nemesis","floor":48,"turns":6},{"damage":12,"enemies":"Sphere and 2 Shapes","floor":49,"turns":1},{"damage":27,"enemies":"3 Darklings","floor":50,"turns":4},{"damage":28,"enemies":"Time Eater","floor":54,"turns":10}],"seed_played":"-9218695359375823996","potions_obtained":[{"floor":4,"key":"Dexterity Potion"},{"floor":6,"key":"Explosive Potion"},{"floor":8,"key":"Ancient Potion"},{"floor":11,"key":"Energy Potion"},{"floor":17,"key":"Block Potion"},{"floor":18,"key":"Regen Potion"},{"floor":19,"key":"Weak Potion"},{"floor":22,"key":"BlessingOfTheForge"},{"floor":26,"key":"DistilledChaos"},{"floor":30,"key":"HeartOfIron"},{"floor":35,"key":"Explosive Potion"},{"floor":40,"key":"Block Potion"},{"floor":44,"key":"HeartOfIron"},{"floor":44,"key":"Dexterity Potion"}],"is_trial":false,"path_per_floor":["M","?","$","M","M","E","M","M","T","T","M","R","M","E","?","R","B",null,"M","M","?","M","$","E","R","E","T","?","$","M","E","M","R","R","B",null,"M","?","?","M","M","E","M","?","T","T","M","E","M","M","$","R","R","B",null],"character_chosen":"IRONCLAD","items_purchased":["Membership Card","Calipers","Master of Strategy","Offering","Bronze Scales","Sling","Blind","Dark Embrace","Exhume","Centennial Puzzle","Sundial"],"campfire_rested":2,"item_purchase_floors":[23,23,23,29,29,29,29,51,51,51,51],"current_hp_per_floor":[78,78,78,79,76,53,59,65,65,65,65,65,70,48,37,37,10,85,76,74,74,66,66,51,51,51,61,61,61,53,47,37,80,80,58,95,95,83,83,77,63,57,57,57,57,57,49,43,37,16,16,59,59,37],"gold":98,"neow_bonus":"ONE_RARE_RELIC","is_daily":false,"chose_seed":false,"campfire_upgraded":5,"win_rate":0.0,"timestamp":1613275600,"path_taken":["M","?","$","M","M","E","M","?","T","T","M","R","M","E","?","R","BOSS","M","M","?","M","$","E","R","E","T","?","$","M","E","?","R","R","BOSS","M","?","?","M","M","E","M","?","T","T","M","E","M","M","$","R","R","BOSS"],"items_purchased_type":["Relic","Relic","Card","Card","Relic","Relic","Card","Card","Card","Relic","Relic"],"build_version":"2020-12-22","purchased_purges":4,"victory":true,"max_hp_per_floor":[80,80,80,80,80,80,80,80,80,80,80,80,80,80,80,80,80,85,85,85,85,85,85,85,85,85,95,95,95,95,95,95,95,95,95,95,95,95,95,95,95,95,95,95,95,95,95,95,95,95,95,95,95,95],"relic_stats":{"Regal Pillow":30,"counters":[30,158],"Pen Nib":[2],"Juzu Bracelet":1,"Letter Opener":[111],"Question Card":15,"Boot":[34],"Burning Blood":180,"Centennial Puzzle":[3],"Shuriken":[30],"Ornamental Fan":[112],"Sundial":[2],"Bronze Scales":[237],"Turnip":[16],"obtain_stats":[{"Regal Pillow":31,"Tiny House":18,"Calipers":23,"Pear":27,"Oddly Smooth Stone":10,"Pen Nib":48,"Juzu Bracelet":42,"Letter Opener":46,"Question Card":24,"Boot":26,"Sling":29,"Empty Cage":36,"Burning Blood":0,"CaptainsWheel":38,"Centennial Puzzle":51,"Shuriken":9,"Ornamental Fan":14,"Sundial":51,"Bronze Scales":29,"Turnip":0,"Bag of Marbles":6,"Membership Card":23},{"Regal Pillow":17,"Tiny House":10,"Calipers":13,"Pear":15,"Oddly Smooth Stone":6,"Pen Nib":27,"Juzu Bracelet":24,"Letter Opener":25,"Question Card":14,"Boot":15,"Sling":15,"Empty Cage":19,"Burning Blood":0,"CaptainsWheel":21,"Centennial Puzzle":29,"Shuriken":6,"Ornamental Fan":9,"Sundial":29,"Bronze Scales":15,"Turnip":0,"Bag of Marbles":4,"Membership Card":13},{"Regal Pillow":93,"Tiny House":57,"Calipers":71,"Pear":85,"Oddly Smooth Stone":34,"Pen Nib":143,"Juzu Bracelet":129,"Letter Opener":133,"Question Card":79,"Boot":85,"Sling":85,"Empty Cage":108,"Burning Blood":0,"CaptainsWheel":114,"Centennial Puzzle":148,"Shuriken":34,"Ornamental Fan":43,"Sundial":148,"Bronze Scales":85,"Turnip":0,"Bag of Marbles":26,"Membership Card":71}]},"card_choices":[{"not_picked":["Perfected Strike","Dual Wield"],"picked":"True Grit","floor":1},{"not_picked":["Infernal Blade","Wild Strike","True Grit"],"picked":"SKIP","floor":4},{"not_picked":["Rampage","Body Slam"],"picked":"Feel No Pain","floor":5},{"not_picked":["Dual Wield","Flame Barrier"],"picked":"Headbutt","floor":6},{"not_picked":["Headbutt","Cleave"],"picked":"Carnage","floor":7},{"not_picked":["True Grit","Thunderclap","Flex"],"picked":"SKIP","floor":8},{"not_picked":["Pummel","Wild Strike"],"picked":"Twin Strike","floor":11},{"not_picked":["Warcry","Sever Soul"],"picked":"Offering","floor":13},{"not_picked":["Dual Wield","Dark Embrace"],"picked":"Sentinel","floor":14},{"not_picked":["Impervious","Berserk"],"picked":"Corruption","floor":17},{"not_picked":["Flex+1","Havoc"],"picked":"Rampage","floor":19},{"not_picked":["Clash","Thunderclap"],"picked":"Shockwave","floor":20},{"not_picked":["Searing Blow+1","Iron Wave"],"picked":"Shrug It Off+1","floor":22},{"not_picked":["Headbutt","Thunderclap","Blood for Blood"],"picked":"SKIP","floor":24},{"not_picked":["Rage+1","Clash+1","Shrug It Off+1"],"picked":"Battle Trance","floor":26},{"not_picked":["Infernal Blade+1","Sever Soul","Warcry+1","Wild Strike"],"picked":"SKIP","floor":30},{"not_picked":["Seeing Red","Havoc+1","Combust"],"picked":"Impervious","floor":31},{"not_picked":["Body Slam","Thunderclap","Clash"],"picked":"Cleave+1","floor":32},{"not_picked":["Offering","Barricade","Demon Form"],"picked":"Juggernaut","floor":35},{"not_picked":["Anger+1","Cleave+1","Sword Boomerang"],"picked":"Pommel Strike","floor":37},{"not_picked":["Shockwave","Intimidate+1","Cleave"],"picked":"Berserk","floor":40},{"not_picked":["Pommel Strike+1","Armaments+1","Intimidate+1"],"picked":"Metallicize+1","floor":41},{"not_picked":["Combust","Evolve","Infernal Blade+1","Thunderclap"],"picked":"SKIP","floor":42},{"not_picked":["Flex+1","Headbutt+1","Heavy Blade"],"picked":"Body Slam+1","floor":43},{"not_picked":["Heavy Blade","Combust","Sword Boomerang+1","Evolve+1"],"picked":"SKIP","floor":47},{"not_picked":["Rampage+1","Fire Breathing","Thunderclap+1","Armaments"],"picked":"SKIP","floor":48},{"not_picked":["True Grit","Clothesline+1","Headbutt+1","Iron Wave+1"],"picked":"SKIP","floor":49},{"not_picked":["Headbutt","Infernal Blade","Combust+1"],"picked":"Dual Wield","floor":50}],"player_experience":247061,"relics_obtained":[{"floor":6,"key":"Bag of Marbles"},{"floor":9,"key":"Shuriken"},{"floor":10,"key":"Oddly Smooth Stone"},{"floor":14,"key":"Ornamental Fan"},{"floor":24,"key":"Question Card"},{"floor":26,"key":"Boot"},{"floor":27,"key":"Pear"},{"floor":31,"key":"Regal Pillow"},{"floor":38,"key":"CaptainsWheel"},{"floor":42,"key":"Juzu Bracelet"},{"floor":46,"key":"Letter Opener"},{"floor":48,"key":"Pen Nib"}],"event_choices":[{"damage_healed":0,"gold_gain":100,"player_choice":"Pray","damage_taken":0,"max_hp_gain":0,"max_hp_loss":0,"event_name":"Golden Shrine","floor":2,"gold_loss":0},{"damage_healed":0,"gold_gain":75,"player_choice":"Gather Gold","damage_taken":11,"max_hp_gain":0,"max_hp_loss":0,"event_name":"World of Goop","floor":15,"gold_loss":0},{"cards_removed":["Strike_R"],"damage_healed":0,"gold_gain":0,"player_choice":"Gave Gold","damage_taken":0,"max_hp_gain":0,"max_hp_loss":0,"event_name":"Beggar","floor":21,"gold_loss":75},{"damage_healed":0,"gold_gain":250,"player_choice":"Bet on Owner","damage_taken":0,"max_hp_gain":0,"max_hp_loss":0,"event_name":"The Joust","floor":28,"gold_loss":50},{"damage_healed":0,"gold_gain":0,"player_choice":"Fight","damage_taken":0,"max_hp_gain":0,"max_hp_loss":0,"event_name":"Mysterious Sphere","floor":38,"gold_loss":0},{"damage_healed":0,"gold_gain":100,"player_choice":"Pray","damage_taken":0,"max_hp_gain":0,"max_hp_loss":0,"event_name":"Golden Shrine","floor":39,"gold_loss":0},{"damage_healed":0,"gold_gain":0,"player_choice":"Bought 3 Potions","damage_taken":0,"max_hp_gain":0,"max_hp_loss":0,"event_name":"The Woman in Blue","floor":44,"gold_loss":0}],"is_beta":false,"boss_relics":[{"not_picked":["Runic Dome","Fusion Hammer"],"picked":"Tiny House"},{"not_picked":["Astrolabe","Snecko Eye"],"picked":"Empty Cage"}],"items_purged_floors":[3,23,29,51],"is_endless":false,"potions_floor_spawned":[4,6,8,11,17,19,22,26,30,35,40,47,48,49],"ascension_level":4}}