{"host":"fbdlh90rovbiajun","time":1613344677,"event":{"mods":["AchievementEnabler","BaseMod","Colored Map","Keyboard Shortcuts","Minty Spire (QoL Compilation)","SuperFastMode"],"gold_per_floor":[119,131,144,69,84,84,101,176,201,230,242,267,290,327,339,450,462,462],"floor_reached":17,"language":"KOR","playtime":628,"items_purged":["Strike_G"],"score":151,"play_id":"58be4821-1876-479b-84be-bd50f5de2462","local_time":"20210215081757","is_ascension_mode":false,"campfire_choices":[{"data":"Neutralize","floor":6,"key":"SMITH"},{"data":"Dagger Throw","floor":11,"key":"SMITH"},{"data":"Quick Slash","floor":15,"key":"SMITH"}],"circlet_count":0,"master_deck":["Strike_G","Defend_G","Defend_G","Defend_G","Defend_G","Defend_G","Survivor","Neutralize+1","Deflect","PiercingWail","Dagger Throw+1","Backflip","Adrenaline","Quick Slash+1","Dash+1","After Image+1","Wraith Form v2+1"],"relics":["Ring of the Snake","NeowsBlessing","MawBank","Anchor","Astrolabe"],"acts_visited":["Exordium","TheCity"],"potions_floor_usage":[16],"damage_taken":[{"damage":0,"enemies":"Cultist","floor":1,"turns":1},{"damage":0,"enemies":"Small Slimes","floor":2,"turns":1},{"damage":0,"enemies":"Jaw Worm","floor":3,"turns":1},{"damage":4,"enemies":"Blue Slaver","floor":5,"turns":6},{"damage":0,"enemies":"Red Slaver","floor":7,"turns":5},{"damage":10,"enemies":"Looter","floor":10,"turns":3},{"damage":0,"enemies":"Exordium Thugs","floor":12,"turns":8},{"damage":0,"enemies":"Blue Slaver","floor":13,"turns":4},{"damage":12,"enemies":"Hexaghost","floor":16,"turns":12}],"seed_played":"3686654952780422385","potions_obtained":[{"floor":1,"key":"CultistPotion"},{"floor":3,"key":"Swift Potion"},{"floor":7,"key":"Explosive Potion"},{"floor":16,"key":"ColorlessPotion"}],"is_trial":false,"path_per_floor":["M","M","M","$","M","R","M","?","T","M","R","M","M","T","R","B",null],"character_chosen":"THE_SILENT","items_purchased":[],"campfire_rested":0,"item_purchase_floors":[],"current_hp_per_floor":[70,70,70,70,66,66,66,55,55,45,45,45,45,45,45,33,70,70],"gold":462,"neow_bonus":"THREE_ENEMY_KILL","is_daily":false,"chose_seed":false,"campfire_upgraded":3,"win_rate":0.0,"timestamp":1613344677,"path_taken":["M","?","M","$","M","R","M","?","T","M","R","M","M","?","R","BOSS"],"items_purchased_type":[],"build_version":"2020-12-22","purchased_purges":1,"victory":false,"max_hp_per_floor":[70,70,70,70,70,70,70,70,70,70,70,70,70,70,70,70,70,70],"card_choices":[{"not_picked":["Distraction","Acrobatics"],"picked":"Deflect","floor":1},{"not_picked":["Deflect","Skewer"],"picked":"PiercingWail","floor":2},{"not_picked":["Quick Slash","Caltrops"],"picked":"Dagger Throw","floor":3},{"not_picked":["Endless Agony","Sucker Punch"],"picked":"Backflip","floor":5},{"not_picked":["Sucker Punch","Eviscerate","Accuracy"],"picked":"SKIP","floor":7},{"not_picked":["Sucker Punch","Masterful Stab"],"picked":"Adrenaline","floor":10},{"not_picked":["Acrobatics","Tactician"],"picked":"Quick Slash","floor":12},{"not_picked":["Bane","Bouncing Flask","PiercingWail"],"picked":"SKIP","floor":13}],"player_experience":48033,"relics_obtained":[{"floor":9,"key":"MawBank"},{"floor":14,"key":"Anchor"}],"event_choices":[{"damage_healed":0,"gold_gain":75,"player_choice":"Gather Gold","damage_taken":11,"max_hp_gain":0,"max_hp_loss":0,"event_name":"World of Goop","floor":8,"gold_loss":0}],"is_beta":false,"boss_relics":[{"not_picked":["HoveringKite","Tiny House"],"picked":"Astrolabe"}],"items_purged_floors":[4],"is_endless":false,"potions_floor_spawned":[1,3,7,12,16],"ascension_level":0}}