{"host":"z8k0b1oqxoiri7b9","time":1613295404,"event":{"mods":["AchievementEnabler","BaseMod","Downfall","Minty Spire (QoL Compilation)","Quick Restart","StSLib"],"gold_per_floor":[99,116,132,132,42,57,108,120,120,143,143,3,3,21,40,142,142,142,157,157,157,157,175,201,224,242,242,258,118,118,136,153,258,258,258,268,320,335,385,385,385,385,295,320,320,333,7,7,17,17],"floor_reached":51,"language":"ENG","playtime":8403,"items_purged":["sneckomod:Strike","sneckomod:Defend","sneckomod:Strike","sneckomod:Strike","sneckomod:UnlimitedRolls"],"score":992,"play_id":"fbc56daf-0aee-4a75-86a6-cacdc1b26f22","local_time":"20210214173644","is_ascension_mode":false,"campfire_choices":[{"data":"sneckomod:TailWhip","floor":1.0,"key":"SMITH"},{"data":"sneckomod:Restock","floor":18.0,"key":"SMITH"},{"floor":27.0,"key":"REST"},{"data":"sneckomod:SoulRoll","floor":30.0,"key":"SMITH"},{"data":"Acrobatics","floor":35,"key":"SMITH"},{"data":"Scrawl","floor":40,"key":"SMITH"},{"data":"Adrenaline","floor":42,"key":"SMITH"}],"circlet_count":0,"master_deck":["sneckomod:Defend","sneckomod:Defend","sneckomod:TailWhip+1","sneckomod:SnekBite","sneckomod:SoulRoll+1","sneckomod:SoulRoll","Double Energy","WheelKick","sneckomod:Restock+1","Scrawl+1","Adrenaline+1","Acrobatics+1","sneckomod:SoulDraw+1","Acrobatics+1"],"relics":["sneckomod:SneckoSoul","Regal Pillow","Matryoshka","Oddly Smooth Stone","Omamori","Calling Bell","Happy Flower","StrikeDummy","Lizard Tail","Letter Opener","Strawberry","Dream Catcher","Philosopher\u0027s Stone","sneckomod:UnknownEgg","Calipers","Thread and Needle","Bottled Lightning","Juzu Bracelet","Lantern"],"acts_visited":["Exordium","TheCity","TheBeyond"],"potions_floor_usage":[],"damage_taken":[{"damage":0.0,"enemies":"Cultist","floor":2.0,"turns":3.0},{"damage":5.0,"enemies":"Small Slimes","floor":3.0,"turns":3.0},{"damage":0.0,"enemies":"downfall:FleeingMerchant","floor":5.0,"turns":4.0},{"damage":8.0,"enemies":"Jaw Worm","floor":6.0,"turns":3.0},{"damage":5.0,"enemies":"downfall:LooterAlt","floor":8.0,"turns":2.0},{"damage":8.0,"enemies":"downfall:FleeingMerchant","floor":12.0,"turns":4.0},{"damage":12.0,"enemies":"Blue Slaver","floor":14.0,"turns":2.0},{"damage":4.0,"enemies":"2 Fungi Beasts","floor":15.0,"turns":2.0},{"damage":29.0,"enemies":"IC_STATUS_ARCHETYPE","floor":16.0,"turns":6.0},{"damage":20.0,"enemies":"Spheric Guardian","floor":19.0,"turns":4.0},{"damage":12.0,"enemies":"3 Byrds","floor":23.0,"turns":4.0},{"damage":33.0,"enemies":"Shelled Parasite and Fungi","floor":26.0,"turns":4.0},{"damage":0.0,"enemies":"Snecko","floor":28.0,"turns":2.0},{"damage":3.0,"enemies":"downfall:FleeingMerchant","floor":29.0,"turns":4.0},{"damage":0.0,"enemies":"Snake Plant","floor":31.0,"turns":1.0},{"damage":0.0,"enemies":"3 Cultists","floor":32.0,"turns":1.0},{"damage":0.0,"enemies":"SI_MIRROR_ARCHETYPE","floor":33.0,"turns":1.0},{"damage":0,"enemies":"3 Shapes","floor":36,"turns":1},{"damage":20,"enemies":"2 Orb Walkers","floor":37,"turns":2},{"damage":0,"enemies":"3 Darklings","floor":38,"turns":1},{"damage":0,"enemies":"3 Darklings","floor":39,"turns":2},{"damage":0,"enemies":"downfall:FleeingMerchant","floor":43,"turns":1},{"damage":0,"enemies":"Reptomancer","floor":44,"turns":1},{"damage":0,"enemies":"4 Shapes","floor":46,"turns":1},{"damage":0,"enemies":"Transient","floor":49,"turns":1},{"damage":0,"enemies":"DF_ARCHETYPE_ORBS","floor":50,"turns":1}],"seed_played":"2160033910979387457","potions_obtained":[{"floor":2.0,"key":"GamblersBrew"},{"floor":3.0,"key":"FearPotion"},{"floor":8.0,"key":"Guardian:BlockOnCardUsePotion"}],"is_trial":false,"path_per_floor":["R","M","M","?","$","M","T","M","?","T","R","$","R","M","M","B",null,"R","M","?","?","?","M","T","T","M","R","M","$","R","M","M","B",null,"R","M","?","M","?","R","T","R","?","E","R","M","$","?","M","B",null],"character_chosen":"THE_SNECKO","items_purchased":["sneckomod:UnknownDraw","Bottled Lightning","sneckomod:UnknownDraw+1","Lantern"],"campfire_rested":1,"item_purchase_floors":[12,43,43,47],"current_hp_per_floor":[99,99,94,94,94,86,86,81,69,69,69,61,61,49,51,22,99,99,79,79,79,99,87,94,94,61,106,106,103,103,103,103,103,106,106,106,86,86,86,86,86,86,86,86,86,86,86,86,86,86],"gold":17,"neow_bonus":"TEN_PERCENT_HP_BONUS","is_daily":false,"chose_seed":false,"campfire_upgraded":6,"win_rate":0.0,"timestamp":1613295404,"path_taken":["R","M","?","?","?","M","T","M","?","?","R","?","R","M","M","BOSS","R","M","?","?","?","?","T","?","M","R","M","?","R","?","M","BOSS","R","M","?","M","?","R","T","R","?","E","R","M","$","?","M","BOSS"],"items_purchased_type":["Card","Relic","Card","Relic"],"build_version":"2020-12-22","purchased_purges":5,"victory":true,"max_hp_per_floor":[99,99,99,99,99,99,99,99,99,99,99,99,99,99,99,99,99,99,99,99,99,99,99,106,106,106,106,106,106,106,106,106,106,106,106,106,106,106,106,106,106,106,106,106,106,106,106,106,106,106],"card_choices":[{"not_picked":["sneckomod:SerpentIdol","sneckomod:Unknown2Cost"],"picked":"sneckomod:UnknownColorless","floor":2.0},{"not_picked":["sneckomod:UnknownCommonAttack","sneckomod:PureSnecko"],"picked":"sneckomod:SoulRoll","floor":3.0},{"not_picked":["sneckomod:UnknownUncommonPower","sneckomod:DiceCrush"],"picked":"sneckomod:SoulRoll","floor":5.0},{"not_picked":["sneckomod:UnknownUncommonAttack","sneckomod:DiceCrush","sneckomod:SoulRoll"],"picked":"SKIP","floor":6.0},{"not_picked":["sneckomod:RainOfDice","sneckomod:Nope"],"picked":"sneckomod:UnknownDraw","floor":8.0},{"not_picked":["sneckomod:MasterEye","sneckomod:RainOfDice"],"picked":"sneckomod:UnknownRareSkill","floor":12.0},{"not_picked":["sneckomod:Unknown1Cost","sneckomod:DiceBoulder","sneckomod:ImprovisedAttack"],"picked":"SKIP","floor":14.0},{"not_picked":["sneckomod:Rotation","sneckomod:UnknownBlock","sneckomod:DiceCrush"],"picked":"SKIP","floor":15.0},{"not_picked":["sneckomod:UnknownRareAttack","sneckomod:Cheat"],"picked":"sneckomod:Restock","floor":16.0},{"not_picked":["sneckomod:ImprovisedAttack","sneckomod:Unknown1Cost+1","sneckomod:UnknownClassBLUE"],"picked":"SKIP","floor":19.0},{"not_picked":["sneckomod:SnakeSap","sneckomod:IronFang"],"picked":"sneckomod:Memorize","floor":23.0},{"not_picked":["sneckomod:UnknownClassPURPLE","sneckomod:QuickMove","sneckomod:UnknownClassGREEN"],"picked":"SKIP","floor":26.0},{"not_picked":["sneckomod:IronFang","sneckomod:UnknownClassBLUE","sneckomod:UnknownWeak+1"],"picked":"SKIP","floor":28.0},{"not_picked":["sneckomod:UnknownX","sneckomod:DiceCrush"],"picked":"sneckomod:Memorize+1","floor":29.0},{"not_picked":["sneckomod:DiceBlock","sneckomod:UnknownExhaust","sneckomod:UnknownRareAttack"],"picked":"SKIP","floor":31.0},{"not_picked":["sneckomod:UnknownClassGREEN+1","sneckomod:TrashToTreasure","sneckomod:UnknownCommonAttack"],"picked":"SKIP","floor":32.0},{"not_picked":["sneckomod:SerpentMind","sneckomod:SoulExchange"],"picked":"sneckomod:UnlimitedRolls","floor":33.0},{"not_picked":["sneckomod:UnknownColorless+1","sneckomod:CheapStock","sneckomod:RainOfDice"],"picked":"SKIP","floor":36},{"not_picked":["sneckomod:Unknown1Cost+1","sneckomod:UnknownCommonAttack+1"],"picked":"sneckomod:SoulDraw+1","floor":38},{"not_picked":["sneckomod:UnlimitedRolls","sneckomod:UnknownCommonSkill+1","sneckomod:UnknownUncommonAttack+1"],"picked":"SKIP","floor":43},{"not_picked":["sneckomod:DiceBlock","sneckomod:UnknownStrike+1","sneckomod:SerpentIdol"],"picked":"SKIP","floor":44},{"not_picked":["sneckomod:SnekBeam","sneckomod:RainOfDice","sneckomod:SlitherStrike+1"],"picked":"SKIP","floor":46},{"not_picked":["sneckomod:SoulDraw","sneckomod:UnknownExhaust+1","sneckomod:Nope"],"picked":"SKIP","floor":49}],"player_experience":235650,"relics_obtained":[{"floor":7.0,"key":"Regal Pillow"},{"floor":10.0,"key":"Oddly Smooth Stone"},{"floor":10.0,"key":"Omamori"},{"floor":17.0,"key":"Happy Flower"},{"floor":17.0,"key":"StrikeDummy"},{"floor":17.0,"key":"Lizard Tail"},{"floor":24.0,"key":"Letter Opener"},{"floor":24.0,"key":"Strawberry"},{"floor":25.0,"key":"Dream Catcher"},{"floor":37,"key":"sneckomod:UnknownEgg"},{"floor":39,"key":"Calipers"},{"floor":41,"key":"Thread and Needle"},{"floor":44,"key":"Juzu Bracelet"}],"event_choices":[{"damage_healed":0.0,"max_hp_gain":0.0,"max_hp_loss":0.0,"gold_gain":0.0,"event_name":"Accursed Blacksmith","player_choice":"Forge","floor":4.0,"gold_loss":0.0,"damage_taken":0.0,"cards_upgraded":["sneckomod:UnknownColorless"]},{"damage_healed":0.0,"max_hp_gain":0.0,"max_hp_loss":0.0,"gold_gain":0.0,"event_name":"Scrap Ooze","player_choice":"Success","floor":9.0,"gold_loss":0.0,"damage_taken":12.0,"relics_obtained":["Matryoshka"]},{"damage_healed":0.0,"max_hp_gain":0.0,"max_hp_loss":0.0,"gold_gain":0.0,"event_name":"The Library","player_choice":"Read","floor":20.0,"gold_loss":0.0,"damage_taken":0.0,"cards_obtained":["sneckomod:Memorize"]},{"cards_removed":["sneckomod:UnknownColorless"],"damage_healed":20.0,"max_hp_gain":0.0,"max_hp_loss":0.0,"gold_gain":0.0,"event_name":"Bonfire Elementals","player_choice":"Offered Uncommon","floor":22.0,"gold_loss":0.0,"damage_taken":0.0},{"damage_healed":0,"gold_gain":0,"player_choice":"Fight","damage_taken":0,"max_hp_gain":0,"max_hp_loss":0,"event_name":"Mysterious Sphere","floor":37,"gold_loss":0}],"is_beta":false,"boss_relics":[{"not_picked":["Black Star","Velvet Choker"],"picked":"Calling Bell"},{"not_picked":["sneckomod:SneckoBoss","Busted Crown"],"picked":"Philosopher\u0027s Stone"}],"items_purged_floors":[5,12,29,43,47],"is_endless":false,"potions_floor_spawned":[2,3,8,23,28,33,36,37,39,49],"ascension_level":0}}