{"host":"9kgs1o98dz1f0f1n","time":1613315114,"event":{"mods":["BaseMod","BetterRewards","Minty Spire (QoL Compilation)","Quick Restart","Rare Cards Sparkle","Remove Card Discount Mod","Swap Starting Deck Mod"],"gold_per_floor":[118,83,100,113,31,41,41,72,72,101,101,116,149,210,210,309,309,328,328,345,364,377,403,423,146,197,209,238,285,310,340,352,466,478,506,518,333,345,364,399,399,434,434,454,492,504,504,531,531,531,531,531,164,208,208],"floor_reached":56,"language":"JPN","playtime":3843,"items_purged":["Cloak And Dagger"],"score":1781,"play_id":"ba8e52bb-f4b6-4191-843e-e5341316595a","local_time":"20210215000514","is_ascension_mode":true,"campfire_choices":[{"floor":7.0,"key":"RECALL"},{"data":"Backstab","floor":15.0,"key":"SMITH"},{"data":"Storm of Steel","floor":32,"key":"SMITH"},{"data":"Wraith Form v2","floor":41,"key":"SMITH"},{"data":"Burst","floor":47,"key":"SMITH"},{"data":"Panacea","floor":49,"key":"SMITH"},{"data":"Crippling Poison","floor":52,"key":"SMITH"}],"circlet_count":0,"master_deck":["Slice+1","Slice","Slice","Slice","Finisher","Cloak And Dagger+1","Cloak And Dagger","Blade Dance","Backstab+1","Bandage Up","Dash","Burst+1","Finisher","Infinite Blades","Phantasmal Killer","Endless Agony+1","Endless Agony","Backstab+1","Storm of Steel+1","Wraith Form v2+1","Sucker Punch+1","Crippling Poison+1","Blade Dance+1","A Thousand Cuts","Infinite Blades+1","Outmaneuver+1","Outmaneuver+1","Calculated Gamble+1","Cloak And Dagger+1","Infinite Blades+1","Acrobatics+1","Panacea+1","Master of Strategy","Violence","Trip","Blur","Cloak And Dagger+1"],"relics":["Ring of the Snake","Ancient Tea Set","Ornamental Fan","Pantograph","Dead Branch","Tough Bandages","SacredBark","Art of War","Membership Card","Kunai","MawBank","Centennial Puzzle","Coffee Dripper","HandDrill","Bottled Lightning","Bronze Scales","CeramicFish","Juzu Bracelet","TwistedFunnel","Strawberry","Thread and Needle","Pen Nib"],"acts_visited":["Exordium","TheCity","TheBeyond","TheEnding"],"potions_floor_usage":[21,22,55,55],"damage_taken":[{"damage":0.0,"enemies":"2 Louse","floor":1.0,"turns":1.0},{"damage":0.0,"enemies":"Jaw Worm","floor":3.0,"turns":1.0},{"damage":0.0,"enemies":"Cultist","floor":4.0,"turns":2.0},{"damage":0.0,"enemies":"Blue Slaver","floor":6.0,"turns":1.0},{"damage":14.0,"enemies":"Gremlin Nob","floor":8.0,"turns":3.0},{"damage":4.0,"enemies":"3 Sentries","floor":10.0,"turns":4.0},{"damage":0.0,"enemies":"Looter","floor":12.0,"turns":2.0},{"damage":0.0,"enemies":"Lagavulin","floor":13.0,"turns":2.0},{"damage":0.0,"enemies":"Gremlin Nob","floor":14.0,"turns":1.0},{"damage":22,"enemies":"Hexaghost","floor":16,"turns":7},{"damage":0,"enemies":"2 Thieves","floor":18,"turns":2},{"damage":0,"enemies":"Spheric Guardian","floor":20,"turns":2},{"damage":8,"enemies":"Snake Plant","floor":21,"turns":2},{"damage":0,"enemies":"Snecko","floor":22,"turns":3},{"damage":8,"enemies":"Book of Stabbing","floor":23,"turns":3},{"damage":0,"enemies":"Chosen and Byrds","floor":24,"turns":2},{"damage":2,"enemies":"Cultist and Chosen","floor":28,"turns":3},{"damage":0,"enemies":"Slavers","floor":29,"turns":3},{"damage":0,"enemies":"Snecko","floor":30,"turns":2},{"damage":3,"enemies":"Sentry and Sphere","floor":31,"turns":3},{"damage":5,"enemies":"Collector","floor":33,"turns":4},{"damage":23,"enemies":"3 Darklings","floor":35,"turns":4},{"damage":0,"enemies":"Orb Walker","floor":38,"turns":1},{"damage":0,"enemies":"3 Darklings","floor":39,"turns":3},{"damage":2,"enemies":"Reptomancer","floor":40,"turns":4},{"damage":10,"enemies":"Nemesis","floor":42,"turns":5},{"damage":1,"enemies":"Sphere and 2 Shapes","floor":44,"turns":3},{"damage":1,"enemies":"Giant Head","floor":45,"turns":3},{"damage":0,"enemies":"Jaw Worm Horde","floor":46,"turns":2},{"damage":62,"enemies":"Awakened One","floor":50,"turns":12},{"damage":0,"enemies":"Shield and Spear","floor":54,"turns":4},{"damage":110,"enemies":"The Heart","floor":55,"turns":4}],"seed_played":"759626687427270244","potions_obtained":[{"floor":4.0,"key":"Dexterity Potion"},{"floor":8.0,"key":"BlessingOfTheForge"},{"floor":12.0,"key":"Explosive Potion"},{"floor":14.0,"key":"FairyPotion"},{"floor":20,"key":"LiquidMemories"},{"floor":21,"key":"LiquidMemories"},{"floor":24,"key":"DistilledChaos"},{"floor":29,"key":"BlessingOfTheForge"},{"floor":30,"key":"Strength Potion"}],"is_trial":false,"path_per_floor":["M","?","M","M","$","M","R","E","T","E","?","M","E","?","R","B",null,"M","?","M","M","M","E","M","$","T","?","M","E","M","M","R","B",null,"M","?","$","M","M","E","R","E","T","M","E","M","R","?","R","B",null,"R","$","E","B",null],"character_chosen":"THE_SILENT","items_purchased":["Bandage Up","Membership Card","Kunai","HandDrill","Bottled Lightning","TwistedFunnel","Strawberry","Thread and Needle","Trip","SteroidPotion","Blur"],"campfire_rested":0,"item_purchase_floors":[5,25,25,37,37,53,53,53,53,53,53],"current_hp_per_floor":[32,49,49,49,49,49,49,39,39,39,25,29,33,39,39,46,64,68,68,70,62,62,58,58,58,58,58,60,60,64,65,65,65,69,47,47,47,47,51,53,53,47,47,46,49,49,49,39,39,6,54,54,61,61,17],"gold":208,"neow_bonus":"","is_daily":false,"chose_seed":false,"campfire_upgraded":6,"win_rate":0.0,"timestamp":1613315114,"path_taken":["M","?","M","M","$","M","R","E","T","E","?","M","E","?","R","BOSS","M","?","M","M","M","E","M","$","T","?","M","E","?","M","R","BOSS","M","?","$","M","M","E","R","E","T","M","E","M","R","?","R","BOSS","R","$","E","BOSS"],"items_purchased_type":["Card","Relic","Relic","Relic","Relic","Relic","Relic","Relic","Card","Potion","Card"],"build_version":"2020-12-22","purchased_purges":1,"victory":true,"max_hp_per_floor":[70,70,70,70,70,70,70,70,70,70,70,70,70,70,70,70,70,70,70,70,70,70,70,70,70,70,70,70,70,70,70,70,70,70,70,70,70,70,70,70,70,70,70,70,70,70,70,70,70,70,70,70,77,77,77],"card_choices":[{"not_picked":["Underhanded Strike","Acrobatics","Dagger Throw"],"picked":"SKIP","floor":1.0},{"not_picked":["Reflex","All Out Attack"],"picked":"Backstab","floor":3.0},{"not_picked":["Noxious Fumes","Outmaneuver","Dodge and Roll"],"picked":"SKIP","floor":4.0},{"not_picked":["Quick Slash","Blade Dance"],"picked":"Dash","floor":6.0},{"not_picked":["Acrobatics","Poisoned Stab"],"picked":"Burst","floor":8.0},{"not_picked":["Poisoned Stab","Sucker Punch"],"picked":"Finisher","floor":10.0},{"not_picked":["Heel Hook","Slice","All Out Attack"],"picked":"SKIP","floor":12.0},{"not_picked":["Deadly Poison","Acrobatics"],"picked":"Infinite Blades","floor":13.0},{"not_picked":["Glass Knife","Storm of Steel"],"picked":"Phantasmal Killer","floor":16},{"not_picked":["Sucker Punch+1","Well Laid Plans+1"],"picked":"Endless Agony+1","floor":18},{"not_picked":["Infinite Blades","Outmaneuver"],"picked":"Endless Agony","floor":20},{"not_picked":["Sucker Punch","Blade Dance"],"picked":"Backstab+1","floor":21},{"not_picked":["Flying Knee+1","Dodge and Roll"],"picked":"Storm of Steel","floor":22},{"not_picked":["Blade Dance","Deflect"],"picked":"Wraith Form v2","floor":23},{"not_picked":["Blade Dance","Infinite Blades"],"picked":"Sucker Punch+1","floor":24},{"not_picked":["Deadly Poison+1","Dagger Throw","Outmaneuver"],"picked":"SKIP","floor":28},{"not_picked":["Prepared","Flying Knee"],"picked":"Crippling Poison","floor":29},{"not_picked":["Calculated Gamble","Skewer"],"picked":"Blade Dance+1","floor":30},{"not_picked":["Quick Slash","Blade Dance","Well Laid Plans"],"picked":"SKIP","floor":31},{"not_picked":["Tools of the Trade","Burst"],"picked":"A Thousand Cuts","floor":33},{"not_picked":["Blur","PiercingWail"],"picked":"Infinite Blades+1","floor":35},{"not_picked":["Underhanded Strike","Eviscerate+1"],"picked":"Outmaneuver+1","floor":38},{"not_picked":["Backflip+1","Sucker Punch"],"picked":"Outmaneuver+1","floor":39},{"not_picked":["Backflip","Slice"],"picked":"Calculated Gamble+1","floor":40},{"not_picked":["Backflip","Dagger Spray"],"picked":"Cloak And Dagger+1","floor":42},{"not_picked":["Sucker Punch+1","Deadly Poison+1"],"picked":"Infinite Blades+1","floor":44},{"not_picked":["PiercingWail","Setup+1"],"picked":"Acrobatics+1","floor":45},{"not_picked":["Dodge and Roll","Underhanded Strike+1","Night Terror"],"picked":"SKIP","floor":46},{"not_picked":["Forethought","Impatience"],"picked":"Panacea","floor":48},{"not_picked":["Good Instincts","Dark Shackles"],"picked":"Master of Strategy","floor":48},{"not_picked":["Madness","The Bomb"],"picked":"Violence","floor":48},{"not_picked":["Phantasmal Killer","Dodge and Roll"],"picked":"Cloak And Dagger+1","floor":54}],"player_experience":1835295,"relics_obtained":[{"floor":8.0,"key":"Ancient Tea Set"},{"floor":9.0,"key":"Ornamental Fan"},{"floor":10.0,"key":"Pantograph"},{"floor":13.0,"key":"Dead Branch"},{"floor":14.0,"key":"Tough Bandages"},{"floor":23,"key":"Art of War"},{"floor":26,"key":"MawBank"},{"floor":29,"key":"Centennial Puzzle"},{"floor":40,"key":"Bronze Scales"},{"floor":42,"key":"CeramicFish"},{"floor":45,"key":"Juzu Bracelet"},{"floor":54,"key":"Pen Nib"}],"event_choices":[{"damage_healed":17.0,"max_hp_gain":0.0,"max_hp_loss":0.0,"gold_gain":0.0,"event_name":"The Cleric","player_choice":"Healed","floor":2.0,"gold_loss":35.0,"damage_taken":0.0},{"damage_healed":0.0,"max_hp_gain":0.0,"max_hp_loss":0.0,"gold_gain":0.0,"event_name":"Shining Light","player_choice":"Entered Light","floor":11.0,"gold_loss":0.0,"damage_taken":14.0,"cards_upgraded":["Cloak And Dagger","Slice"]},{"damage_healed":0.0,"max_hp_gain":0.0,"max_hp_loss":0.0,"gold_gain":0.0,"event_name":"Dead Adventurer","player_choice":"Searched \u00272\u0027 times","floor":14.0,"gold_loss":0.0,"damage_taken":0.0},{"damage_healed":0,"gold_gain":0,"player_choice":"Ignored","damage_taken":0,"max_hp_gain":0,"max_hp_loss":0,"event_name":"Beggar","floor":19,"gold_loss":0},{"damage_healed":0,"gold_gain":0,"player_choice":"Ignored","damage_taken":0,"max_hp_gain":0,"max_hp_loss":0,"event_name":"Purifier","floor":27,"gold_loss":0},{"cards_removed":["Cloak And Dagger"],"damage_healed":0,"gold_gain":0,"player_choice":"Removed Skill","damage_taken":0,"max_hp_gain":0,"max_hp_loss":0,"event_name":"Falling","floor":36,"gold_loss":0},{"damage_healed":0,"gold_gain":0,"player_choice":"Memory 3","damage_taken":10,"max_hp_gain":0,"max_hp_loss":0,"event_name":"SensoryStone","floor":48,"gold_loss":0}],"is_beta":false,"boss_relics":[{"not_picked":["Velvet Choker","Philosopher\u0027s Stone"],"picked":"SacredBark"},{"not_picked":["Snecko Eye","HoveringKite"],"picked":"Coffee Dripper"}],"items_purged_floors":[25],"is_endless":false,"potions_floor_spawned":[4,8,12,14,20,21,24,29,30,35,38,42,44],"ascension_level":6}}