{"host":"f5gffvlv6a66yqkd","time":1613263398,"event":{"mods":["2.2 Compatiblity","BaseMod","Colored Map","Custom Start","DeckTracker","Keyboard Shortcuts","Minty Spire (QoL Compilation)","Permanent Neow","Quick Restart","Relic Stats","StSLib","SuperFastMode"],"gold_per_floor":[118,118,118,23,33,33,66,81,81,98,98,98,98,98,98,201,201,215,225,150,167,185,185,2,21,21,36,46,75,75,89,89,188,188,208,208,3,3,3,3,15,68,68,85,116,166,199,215,215,215,215,215,54,82,82],"floor_reached":56,"language":"KOR","playtime":2427,"items_purged":["Defend_P+1","Vengeance+1"],"score":1765,"play_id":"9a9b6c0b-4038-4d35-a4fe-dda8488c6d7a","local_time":"20210214094318","is_ascension_mode":true,"campfire_choices":[{"data":"Eruption","floor":6.0,"key":"SMITH"},{"data":"MentalFortress","floor":12.0,"key":"SMITH"},{"data":"PathToVictory","floor":15.0,"key":"SMITH"},{"data":"Adaptation","floor":23.0,"key":"SMITH"},{"floor":32.0,"key":"REST"},{"floor":40.0,"key":"RECALL"},{"data":"Tantrum","floor":49.0,"key":"SMITH"},{"data":"Enlightenment","floor":52.0,"key":"SMITH"}],"circlet_count":0,"master_deck":["Eruption+1","Vigilance","Finesse","Flash of Steel+1","EmptyBody","MentalFortress+1","Blasphemy+1","Omniscience+1","CarveReality+1","Adaptation+1","Vault","InnerPeace","Purity","Enlightenment+1","Tantrum+1","Adaptation+1","Panache"],"relics":["PureWater","GoldenEye","FossilizedHelix","Unceasing Top","Astrolabe","Membership Card","Pantograph","Bottled Flame","Empty Cage","Incense Burner","MealTicket","StoneCalendar","Whetstone","OrangePellets","Bag of Preparation"],"acts_visited":["Exordium","TheCity","TheBeyond","TheEnding"],"potions_floor_usage":[55,55,55],"damage_taken":[{"damage":0.0,"enemies":"Small Slimes","floor":1.0,"turns":4.0},{"damage":0.0,"enemies":"Jaw Worm","floor":5.0,"turns":3.0},{"damage":16.0,"enemies":"Lagavulin","floor":7.0,"turns":7.0},{"damage":0.0,"enemies":"2 Louse","floor":8.0,"turns":3.0},{"damage":0.0,"enemies":"Looter","floor":10.0,"turns":2.0},{"damage":0.0,"enemies":"Hexaghost","floor":16.0,"turns":8.0},{"damage":0.0,"enemies":"Chosen","floor":18.0,"turns":3.0},{"damage":2.0,"enemies":"2 Thieves","floor":19.0,"turns":4.0},{"damage":0.0,"enemies":"Snecko","floor":21.0,"turns":4.0},{"damage":0.0,"enemies":"Centurion and Healer","floor":22.0,"turns":2.0},{"damage":32.0,"enemies":"Snake Plant","floor":25.0,"turns":3.0},{"damage":0.0,"enemies":"Cultist and Chosen","floor":27.0,"turns":4.0},{"damage":11.0,"enemies":"Shelled Parasite and Fungi","floor":28.0,"turns":4.0},{"damage":0.0,"enemies":"Book of Stabbing","floor":29.0,"turns":4.0},{"damage":6.0,"enemies":"Chosen and Byrds","floor":31.0,"turns":4.0},{"damage":0.0,"enemies":"Automaton","floor":33.0,"turns":4.0},{"damage":0.0,"enemies":"3 Shapes","floor":35.0,"turns":4.0},{"damage":0.0,"enemies":"3 Darklings","floor":41.0,"turns":5.0},{"damage":0.0,"enemies":"2 Orb Walkers","floor":42.0,"turns":4.0},{"damage":2.0,"enemies":"Sphere and 2 Shapes","floor":44.0,"turns":5.0},{"damage":0.0,"enemies":"Reptomancer","floor":45.0,"turns":2.0},{"damage":0.0,"enemies":"Mind Bloom Boss Battle","floor":46.0,"turns":4.0},{"damage":0.0,"enemies":"Giant Head","floor":47.0,"turns":8.0},{"damage":0.0,"enemies":"Writhing Mass","floor":48.0,"turns":6.0},{"damage":23.0,"enemies":"Time Eater","floor":50.0,"turns":12.0},{"damage":0.0,"enemies":"Shield and Spear","floor":54.0,"turns":2.0},{"damage":65,"enemies":"The Heart","floor":55,"turns":7}],"seed_played":"3017636186697571803","potions_obtained":[{"floor":7.0,"key":"BottledMiracle"},{"floor":10.0,"key":"ColorlessPotion"},{"floor":16.0,"key":"Strength Potion"},{"floor":22.0,"key":"SkillPotion"},{"floor":27.0,"key":"AttackPotion"},{"floor":28.0,"key":"Dexterity Potion"},{"floor":29.0,"key":"AttackPotion"},{"floor":45.0,"key":"Weak Potion"},{"floor":46.0,"key":"PowerPotion"},{"floor":54.0,"key":"SkillPotion"}],"is_trial":false,"path_per_floor":["M","?","?","$","M","R","E","M","T","M","?","R","?","?","R","B",null,"M","M","?","M","M","R","$","M","T","M","M","E","?","M","R","B",null,"M","?","$","?","?","R","M","?","T","M","E","?","E","M","R","B",null,"R","$","E","B",null],"character_chosen":"WATCHER","items_purchased":["Flash of Steel","Membership Card","Incense Burner","OrangePellets","Panache"],"campfire_rested":1,"item_purchase_floors":[4,24,37,53,53],"current_hp_per_floor":[65,58,44,44,44,44,28,28,28,28,28,28,16,16,16,16,58,58,56,56,56,56,56,56,24,24,24,13,13,13,7,28,53,67,67,57,57,57,57,57,57,57,57,55,55,68,68,68,68,45,62,62,68,68,3],"gold":82,"neow_bonus":"RANDOM_COLORLESS","is_daily":false,"chose_seed":false,"campfire_upgraded":6,"win_rate":0.0,"timestamp":1613263398,"path_taken":["M","?","?","?","?","R","E","M","T","M","?","R","?","?","R","BOSS","M","M","?","M","M","R","$","M","T","M","M","E","?","M","R","BOSS","M","?","$","?","?","R","M","?","T","M","E","?","E","M","R","BOSS","R","$","E","BOSS"],"items_purchased_type":["Card","Relic","Relic","Relic","Card"],"build_version":"2020-12-22","purchased_purges":2,"victory":true,"max_hp_per_floor":[72,72,72,72,72,72,72,72,72,72,72,72,72,72,72,72,72,72,72,72,72,72,72,72,72,72,72,72,72,72,72,72,72,72,72,72,72,72,68,68,68,68,68,68,68,68,68,68,68,68,68,68,68,68,68],"relic_stats":{"OrangePellets":[3],"counters":[27,122],"Astrolabe":["Blasphemy","Vengeance","Omniscience"],"Pantograph":38,"MealTicket":6,"StoneCalendar":[104],"Bag of Preparation":[2],"Whetstone":["CarveReality","Flash of Steel"],"GoldenEye":[0],"obtain_stats":[{"Astrolabe":17,"StoneCalendar":46,"Incense Burner":37,"Bag of Preparation":54,"Whetstone":47,"GoldenEye":7,"Empty Cage":34,"OrangePellets":53,"Bottled Flame":29,"Pantograph":26,"MealTicket":45,"Membership Card":24,"PureWater":0,"FossilizedHelix":9,"Unceasing Top":13},{"Astrolabe":6,"StoneCalendar":22,"Incense Burner":17,"Bag of Preparation":26,"Whetstone":23,"GoldenEye":3,"Empty Cage":16,"OrangePellets":25,"Bottled Flame":14,"Pantograph":11,"MealTicket":21,"Membership Card":10,"PureWater":0,"FossilizedHelix":4,"Unceasing Top":5},{"Astrolabe":27,"StoneCalendar":87,"Incense Burner":67,"Bag of Preparation":115,"Whetstone":95,"GoldenEye":14,"Empty Cage":63,"OrangePellets":113,"Bottled Flame":55,"Pantograph":43,"MealTicket":83,"Membership Card":40,"PureWater":0,"FossilizedHelix":17,"Unceasing Top":19}],"Unceasing Top":[0]},"card_choices":[{"not_picked":["Impatience","Jack Of All Trades"],"picked":"Finesse","floor":0.0},{"not_picked":["Halt","FlyingSleeves"],"picked":"PathToVictory","floor":1.0},{"not_picked":["Evaluate","Protect"],"picked":"EmptyBody","floor":5.0},{"not_picked":["CrushJoints","LikeWater"],"picked":"MentalFortress","floor":7.0},{"not_picked":["Crescendo","Wireheading","ClearTheMind"],"picked":"SKIP","floor":8.0},{"not_picked":["CrushJoints","BowlingBash","DevaForm"],"picked":"SKIP","floor":10.0},{"not_picked":["Indignation","EmptyFist","FlurryOfBlows"],"picked":"SKIP","floor":18.0},{"not_picked":["Consecrate","Protect"],"picked":"CarveReality","floor":19.0},{"not_picked":["Protect","EmptyMind+1"],"picked":"Adaptation","floor":21.0},{"not_picked":["Halt+1","FlyingSleeves","WreathOfFlame"],"picked":"SKIP","floor":22.0},{"not_picked":["CrushJoints","Study","Evaluate"],"picked":"SKIP","floor":25.0},{"not_picked":["DeceiveReality+1","Wireheading","CrushJoints"],"picked":"SKIP","floor":27.0},{"not_picked":["Pray","FlurryOfBlows"],"picked":"Vault","floor":28.0},{"not_picked":["FlurryOfBlows+1","ClearTheMind+1"],"picked":"InnerPeace","floor":29.0},{"not_picked":["Study","EmptyMind","Protect+1"],"picked":"SKIP","floor":31.0},{"not_picked":["MasterReality","Blasphemy"],"picked":"Ragnarok","floor":33.0},{"not_picked":["BattleHymn+1","Vengeance","LikeWater+1"],"picked":"SKIP","floor":35.0},{"not_picked":["Good Instincts","The Bomb"],"picked":"Purity","floor":36.0},{"not_picked":["Impatience","Madness"],"picked":"Enlightenment","floor":36.0},{"not_picked":["Prostrate+1","PathToVictory"],"picked":"Tantrum","floor":41.0},{"not_picked":["JustLucky+1","Evaluate","ClearTheMind+1"],"picked":"SKIP","floor":44.0},{"not_picked":["ReachHeaven","BowlingBash","Nirvana"],"picked":"SKIP","floor":45.0},{"not_picked":["Wireheading+1","MasterReality","Halt"],"picked":"SKIP","floor":47.0},{"not_picked":["Consecrate+1","JustLucky+1"],"picked":"Adaptation+1","floor":48.0},{"not_picked":["LikeWater+1","InnerPeace+1","WheelKick+1"],"picked":"SKIP","floor":54.0}],"player_experience":1463479,"relics_obtained":[{"floor":7.0,"key":"GoldenEye"},{"floor":9.0,"key":"FossilizedHelix"},{"floor":26.0,"key":"Pantograph"},{"floor":29.0,"key":"Bottled Flame"},{"floor":45.0,"key":"MealTicket"},{"floor":46.0,"key":"StoneCalendar"},{"floor":47.0,"key":"Whetstone"},{"floor":54.0,"key":"Bag of Preparation"}],"event_choices":[{"cards_removed":["Strike_P"],"damage_healed":0.0,"max_hp_gain":0.0,"max_hp_loss":0.0,"gold_gain":0.0,"event_name":"Golden Wing","player_choice":"Card Removal","floor":2.0,"gold_loss":0.0,"damage_taken":7.0},{"damage_healed":0.0,"max_hp_gain":0.0,"max_hp_loss":0.0,"gold_gain":0.0,"event_name":"Shining Light","player_choice":"Entered Light","floor":3.0,"gold_loss":0.0,"damage_taken":14.0,"cards_upgraded":["Defend_P","Strike_P"]},{"damage_healed":0.0,"max_hp_gain":0.0,"max_hp_loss":0.0,"gold_gain":0.0,"cards_transformed":["Defend_P"],"event_name":"Living Wall","player_choice":"Change","floor":11.0,"gold_loss":0.0,"damage_taken":0.0,"cards_obtained":["Perseverance"]},{"damage_healed":0.0,"max_hp_gain":0.0,"max_hp_loss":0.0,"gold_gain":0.0,"event_name":"Scrap Ooze","player_choice":"Success","floor":13.0,"gold_loss":0.0,"damage_taken":12.0,"relics_obtained":["Unceasing Top"]},{"damage_healed":0.0,"max_hp_gain":0.0,"max_hp_loss":0.0,"gold_gain":0.0,"event_name":"Liars Game","player_choice":"Ignored","floor":14.0,"gold_loss":0.0,"damage_taken":0.0},{"cards_removed":["Defend_P"],"damage_healed":0.0,"max_hp_gain":0.0,"max_hp_loss":0.0,"gold_gain":0.0,"event_name":"Beggar","player_choice":"Gave Gold","floor":20.0,"gold_loss":75.0,"damage_taken":0.0},{"cards_removed":["Strike_P"],"damage_healed":0.0,"max_hp_gain":0.0,"max_hp_loss":0.0,"gold_gain":0.0,"event_name":"Back to Basics","player_choice":"Elegance","floor":30.0,"gold_loss":0.0,"damage_taken":0.0},{"damage_healed":0.0,"max_hp_gain":0.0,"max_hp_loss":0.0,"gold_gain":0.0,"event_name":"SensoryStone","player_choice":"Memory 3","floor":36.0,"gold_loss":0.0,"damage_taken":10.0},{"cards_removed":["Ragnarok"],"damage_healed":0.0,"max_hp_gain":0.0,"max_hp_loss":0.0,"gold_gain":0.0,"event_name":"Falling","player_choice":"Removed Attack","floor":38.0,"gold_loss":0.0,"damage_taken":0.0},{"damage_healed":0.0,"max_hp_gain":0.0,"max_hp_loss":4.0,"gold_gain":0.0,"event_name":"Winding Halls","player_choice":"Max HP","floor":39.0,"gold_loss":0.0,"damage_taken":0.0},{"damage_healed":0.0,"max_hp_gain":0.0,"max_hp_loss":0.0,"gold_gain":0.0,"event_name":"Mysterious Sphere","player_choice":"Fight","floor":42.0,"gold_loss":0.0,"damage_taken":0.0},{"damage_healed":0.0,"max_hp_gain":0.0,"max_hp_loss":0.0,"gold_gain":0.0,"event_name":"MindBloom","player_choice":"Fight","floor":46.0,"gold_loss":0.0,"damage_taken":0.0}],"is_beta":false,"boss_relics":[{"not_picked":["Cursed Key","Runic Dome"],"picked":"Astrolabe"},{"not_picked":["HolyWater","Fusion Hammer"],"picked":"Empty Cage"}],"items_purged_floors":[24,37],"is_endless":false,"potions_floor_spawned":[7,10,16,18,22,27,28,29,45,46,47,48,54],"ascension_level":6}}