{"host":"r9o2ao9489xj0j9f","time":1613319356,"event":{"mods":["AchievementEnabler","BaseMod","Minty Spire (QoL Compilation)","StSLib"],"gold_per_floor":[144,189,364,364,364,364,454,454,454,544,589,589,634,679,679,979,979,994,429,389,434,209,209,254,344,394,394,394,439,484,529,529,829,829,874,358,358,8,53,143,143,188,263,410,410,455,500,545,545,545],"floor_reached":51,"language":"ENG","playtime":3216,"items_purged":[],"score":811,"play_id":"4da77996-f423-4026-9fbf-adf185e68028","local_time":"20210214111556","daily_mods":["Draft","Diverse","Midas"],"is_ascension_mode":false,"campfire_choices":[{"floor":6,"key":"REST"},{"floor":8,"key":"REST"},{"floor":12,"key":"REST"},{"floor":15,"key":"REST"},{"floor":28,"key":"REST"},{"floor":32,"key":"REST"},{"floor":41,"key":"REST"},{"data":"Storm","floor":49,"key":"PURGE"}],"circlet_count":0,"master_deck":["Recycle","Terror","SashWhip","WindmillStrike","Calculated Gamble","Acrobatics+1","CrushJoints","BattleHymn","Leap","Slice+1","Clothesline","Turbo","BowlingBash","Thunderclap","SashWhip","Outmaneuver","BootSequence","Bouncing Flask","Seeing Red","White Noise","Metallicize","Bane","After Image","CurseOfTheBell","Deflect","Apotheosis","Deadly Poison","Enlightenment+1","Underhanded Strike","Heavy Blade","Venomology","Turbo+1","SignatureMove+1","Warcry+1","Ball Lightning","Streamline+1","Beam Cell","Seeing Red","DevaForm","Steam+1","Mind Blast","The Bomb","Madness","Madness","White Noise+1","SandsOfTime","Conserve Battery+1","Impervious"],"relics":["Burning Blood","Red Skull","Pear","Bottled Tornado","Calling Bell","Thread and Needle","Matryoshka","Art of War","Membership Card","Anchor","Shuriken","TungstenRod","Orrery","Orichalcum","Centennial Puzzle","Smiling Mask","SlaversCollar","Paper Frog","OrangePellets","Self Forming Clay","Singing Bowl","White Beast Statue","Sling","Omamori","Vajra","Frozen Egg 2","Peace Pipe"],"acts_visited":["Exordium","TheCity","TheBeyond"],"potions_floor_usage":[7,7,14,23,25,25,29,29,30,30,31,33,40,40,40,40,42,44,46,47,48,50,50,50],"damage_taken":[{"damage":11,"enemies":"Jaw Worm","floor":1,"turns":2},{"damage":0,"enemies":"Cultist","floor":2,"turns":2},{"damage":39,"enemies":"Lagavulin","floor":7,"turns":6},{"damage":24,"enemies":"3 Sentries","floor":10,"turns":5},{"damage":2,"enemies":"2 Louse","floor":11,"turns":3},{"damage":6,"enemies":"Red Slaver","floor":13,"turns":4},{"damage":0,"enemies":"Large Slime","floor":14,"turns":4},{"damage":48,"enemies":"Hexaghost","floor":16,"turns":6},{"damage":21,"enemies":"2 Thieves","floor":18,"turns":4},{"damage":5,"enemies":"3 Byrds","floor":21,"turns":6},{"damage":0,"enemies":"Cultist and Chosen","floor":23,"turns":1},{"damage":17,"enemies":"Shelled Parasite and Fungi","floor":24,"turns":4},{"damage":14,"enemies":"Book of Stabbing","floor":25,"turns":4},{"damage":4,"enemies":"Centurion and Healer","floor":29,"turns":7},{"damage":11,"enemies":"Snecko","floor":30,"turns":4},{"damage":21,"enemies":"Shelled Parasite and Fungi","floor":31,"turns":4},{"damage":85,"enemies":"Automaton","floor":33,"turns":10},{"damage":33,"enemies":"3 Darklings","floor":35,"turns":5},{"damage":5,"enemies":"Orb Walker","floor":39,"turns":3},{"damage":36,"enemies":"Giant Head","floor":40,"turns":7},{"damage":9,"enemies":"Writhing Mass","floor":42,"turns":4},{"damage":47,"enemies":"2 Orb Walkers","floor":44,"turns":5},{"damage":7,"enemies":"4 Shapes","floor":46,"turns":5},{"damage":4,"enemies":"Jaw Worm Horde","floor":47,"turns":5},{"damage":4,"enemies":"Sphere and 2 Shapes","floor":48,"turns":4},{"damage":44,"enemies":"Donu and Deca","floor":50,"turns":8}],"seed_played":"-463004689936713651","potions_obtained":[{"floor":1,"key":"Ancient Potion"},{"floor":2,"key":"Weak Potion"},{"floor":10,"key":"PowerPotion"},{"floor":16,"key":"SmokeBomb"},{"floor":25,"key":"FearPotion"},{"floor":29,"key":"FearPotion"},{"floor":30,"key":"BlessingOfTheForge"},{"floor":35,"key":"Weak Potion"},{"floor":40,"key":"SteroidPotion"},{"floor":42,"key":"Dexterity Potion"},{"floor":44,"key":"SpeedPotion"},{"floor":46,"key":"AttackPotion"},{"floor":47,"key":"DuplicationPotion"},{"floor":48,"key":"Ancient Potion"}],"is_trial":false,"path_per_floor":["M","M","?","?","?","R","E","R","T","E","M","R","M","M","R","B",null,"M","$","?","M","$","M","M","E","T","?","R","M","M","M","R","B",null,"M","$","?","$","M","E","R","M","T","?","?","M","M","M","R","B",null],"character_chosen":"IRONCLAD","items_purchased":["Membership Card","Anchor","Shuriken","Apotheosis","Deadly Poison","Enlightenment","BloodPotion","LiquidBronze","TungstenRod","Orrery","Paper Frog","OrangePellets","Self Forming Clay","Mind Blast","The Bomb","SkillPotion","AttackPotion","Singing Bowl","White Beast Statue","Sling","AttackPotion"],"campfire_rested":7,"item_purchase_floors":[19,19,19,19,19,19,19,19,22,22,36,36,36,36,36,36,36,38,38,38,38],"current_hp_per_floor":[75,80,80,64,69,85,52,77,87,69,73,95,95,95,95,53,95,80,80,80,81,81,87,76,87,87,87,95,95,90,75,95,16,95,68,68,57,57,58,30,59,56,56,17,87,88,89,89,89,51],"gold":545,"neow_bonus":"","is_daily":true,"chose_seed":false,"campfire_upgraded":0,"win_rate":0.0,"timestamp":1613319356,"path_taken":["M","M","?","?","?","R","E","R","T","E","M","R","M","M","R","BOSS","M","$","?","M","$","M","?","E","T","?","R","M","M","M","R","BOSS","M","$","?","$","M","E","R","M","T","?","?","M","M","M","R","BOSS"],"items_purchased_type":["Relic","Relic","Relic","Card","Card","Card","Potion","Potion","Relic","Relic","Relic","Relic","Relic","Card","Card","Potion","Potion","Relic","Relic","Relic","Potion"],"build_version":"2020-12-22","purchased_purges":0,"victory":true,"max_hp_per_floor":[80,80,80,80,85,85,85,85,95,95,95,95,95,95,95,95,95,95,95,95,95,95,95,95,95,95,95,95,95,95,95,95,95,95,95,95,95,95,95,97,97,97,97,99,87,89,89,89,89,89],"card_choices":[{"not_picked":["Go for the Eyes","Consecrate"],"picked":"Recycle","floor":0},{"not_picked":["Shrug It Off","Conserve Battery"],"picked":"Terror","floor":0},{"not_picked":["Ball Lightning","Accuracy"],"picked":"SashWhip","floor":0},{"not_picked":["Dodge and Roll","Collect"],"picked":"WindmillStrike","floor":0},{"not_picked":["Cold Snap","White Noise"],"picked":"Calculated Gamble","floor":0},{"not_picked":["Capacitor","Study"],"picked":"Acrobatics","floor":0},{"not_picked":["Stack","Halt"],"picked":"CrushJoints","floor":0},{"not_picked":["Redo","Stack"],"picked":"BattleHymn","floor":0},{"not_picked":["CrushJoints","Clash"],"picked":"Leap","floor":0},{"not_picked":["Escape Plan","Stack"],"picked":"Slice","floor":0},{"not_picked":["Dodge and Roll","ForeignInfluence"],"picked":"Clothesline","floor":0},{"not_picked":["Hologram","Searing Blow"],"picked":"Turbo","floor":0},{"not_picked":["Cloak And Dagger","Searing Blow"],"picked":"BowlingBash","floor":0},{"not_picked":["CutThroughFate","Havoc"],"picked":"Thunderclap","floor":0},{"not_picked":["Warcry","Reflex"],"picked":"SashWhip","floor":0},{"not_picked":["Conclude","BowlingBash"],"picked":"Outmaneuver","floor":1},{"not_picked":["BowlingBash","Barrage"],"picked":"BootSequence","floor":2},{"not_picked":["Recycle","Scrawl"],"picked":"Bouncing Flask","floor":7},{"not_picked":["Leap","Deflect"],"picked":"Seeing Red","floor":10},{"not_picked":["Blur","InnerPeace"],"picked":"White Noise","floor":11},{"not_picked":["Pommel Strike","Ball Lightning"],"picked":"Metallicize","floor":13},{"not_picked":["Shrug It Off","True Grit"],"picked":"Bane","floor":14},{"not_picked":["Seek","Reaper"],"picked":"After Image","floor":16},{"not_picked":["Body Slam","Rebound"],"picked":"Deflect","floor":18},{"not_picked":["Capacitor+1","Heatsinks"],"picked":"Underhanded Strike","floor":21},{"not_picked":["Hemokinesis","Eviscerate"],"picked":"Heavy Blade","floor":22},{"not_picked":["Steam Power","Dodge and Roll"],"picked":"Storm","floor":22},{"not_picked":["Dagger Throw","Cleave"],"picked":"Venomology","floor":22},{"not_picked":["Steam","Thunderclap"],"picked":"Turbo+1","floor":22},{"not_picked":["Shrug It Off+1","Doom and Gloom"],"picked":"SignatureMove+1","floor":22},{"not_picked":["Quick Slash","Clash"],"picked":"Warcry+1","floor":24},{"not_picked":["Gash+1","Fire Breathing"],"picked":"Ball Lightning","floor":25},{"not_picked":["Setup+1","Darkness"],"picked":"Streamline+1","floor":29},{"not_picked":["Flex","Reckless Charge"],"picked":"Beam Cell","floor":30},{"not_picked":["Shrug It Off","Brutality"],"picked":"Seeing Red","floor":31},{"not_picked":["Biased Cognition","Juggernaut"],"picked":"DevaForm","floor":33},{"not_picked":["Infinite Blades","Perfected Strike"],"picked":"Steam+1","floor":35},{"not_picked":["Clash+1","Thunderclap+1"],"picked":"White Noise+1","floor":39},{"not_picked":["Capacitor+1","Prepared","Burning Pact+1"],"picked":"Singing Bowl","floor":40},{"not_picked":["Eviscerate+1","EmptyMind+1"],"picked":"SandsOfTime","floor":42},{"not_picked":["Sword Boomerang+1","Rampage","Dagger Spray+1"],"picked":"Singing Bowl","floor":44},{"not_picked":["Headbutt","MentalFortress+1","Doom and Gloom+1"],"picked":"Singing Bowl","floor":46},{"not_picked":["Reflex+1","True Grit+1"],"picked":"Conserve Battery+1","floor":47},{"not_picked":["Redo+1","Storm+1"],"picked":"Impervious","floor":48}],"player_experience":137905,"relics_obtained":[{"floor":7,"key":"Red Skull"},{"floor":9,"key":"Pear"},{"floor":10,"key":"Bottled Tornado"},{"floor":17,"key":"Thread and Needle"},{"floor":17,"key":"Matryoshka"},{"floor":17,"key":"Art of War"},{"floor":25,"key":"Orichalcum"},{"floor":26,"key":"Centennial Puzzle"},{"floor":26,"key":"Smiling Mask"},{"floor":40,"key":"Omamori"},{"floor":43,"key":"Vajra"},{"floor":43,"key":"Frozen Egg 2"},{"floor":44,"key":"Peace Pipe"}],"event_choices":[{"damage_healed":0,"gold_gain":175,"player_choice":"AGREE","damage_taken":0,"max_hp_gain":0,"max_hp_loss":0,"event_name":"Liars Game","floor":3,"gold_loss":0,"cards_obtained":["Doubt"]},{"damage_healed":0,"gold_gain":0,"player_choice":"Entered Light","damage_taken":16,"max_hp_gain":0,"max_hp_loss":0,"event_name":"Shining Light","floor":4,"gold_loss":0,"cards_upgraded":["Acrobatics","Slice"]},{"damage_healed":0,"gold_gain":0,"player_choice":"Donut","damage_taken":0,"max_hp_gain":5,"max_hp_loss":0,"event_name":"Big Fish","floor":5,"gold_loss":0},{"damage_healed":0,"gold_gain":0,"player_choice":"Upgrade","damage_taken":0,"max_hp_gain":0,"max_hp_loss":0,"event_name":"Designer","floor":20,"gold_loss":40,"cards_upgraded":["Enlightenment"]},{"cards_removed":["Doubt"],"damage_healed":0,"gold_gain":0,"player_choice":"Removed Curses","damage_taken":0,"max_hp_gain":0,"max_hp_loss":0,"event_name":"Fountain of Cleansing","floor":27,"gold_loss":0},{"damage_healed":0,"gold_gain":0,"player_choice":"Embrace Madness","damage_taken":12,"max_hp_gain":0,"max_hp_loss":0,"event_name":"Winding Halls","floor":37,"gold_loss":0,"cards_obtained":["Madness","Madness"]},{"damage_healed":0,"gold_gain":0,"player_choice":"Fight","damage_taken":0,"max_hp_gain":0,"max_hp_loss":0,"event_name":"Mysterious Sphere","floor":44,"gold_loss":0},{"damage_healed":87,"gold_gain":0,"player_choice":"Heal","damage_taken":0,"max_hp_gain":0,"max_hp_loss":12,"event_name":"The Moai Head","floor":45,"gold_loss":0}],"is_beta":false,"boss_relics":[{"not_picked":["Empty Cage","Philosopher\u0027s Stone"],"picked":"Calling Bell"},{"not_picked":["Velvet Choker","Runic Pyramid"],"picked":"SlaversCollar"}],"items_purged_floors":[],"is_endless":false,"potions_floor_spawned":[1,2,10,16,23,25,29,30,35,39,40,42,44,46,47,48],"ascension_level":0}}