{"host":"hf83sijwe64ts2lm","time":1613264948,"event":{"mods":["2.2 Compatiblity","BaseMod","Better Altar","Better Match","Better Note","Better Sensory Stone","Better Skull","Better Third Choice","Colored Map","Colored Powertips","Highlight Path","Hubris","Infinite Spire","Minty Spire (QoL Compilation)","Quick Restart","Rare Cards Sparkle","Relic Stats","Reliquary","Replay The Spire","Shop Mod","Spicy Shops","Spire Arcade","StSLib","Thieving Mod"],"gold_per_floor":[110,110,110,122,101,101,135,135,135,167,178,7,71,34,34,129,129,144,94,94,113,169,203,203,203,228,263,273,346,366,380,380,479,479,499,516,534,551,564,595,611,611,611,661,661,661,677,696,696,696,696,696,21,51,51,51],"floor_reached":55,"language":"ENG","playtime":1554,"items_purged":[],"score":1050,"play_id":"ed905331-7515-4915-89e4-8d7131a53107","local_time":"20210213200908","is_ascension_mode":true,"campfire_choices":[{"floor":6,"key":"RECALL"},{"data":"Beam Cell","floor":8,"key":"SMITH"},{"floor":15,"key":"REST"},{"data":"Echo Form","floor":24,"key":"SMITH"},{"data":"infinitespire:UltimateForm","floor":32,"key":"SMITH"},{"floor":45,"key":"REST"},{"data":"FIFO Queue","floor":49,"key":"SMITH"},{"data":"Buffer","floor":52,"key":"SMITH"}],"circlet_count":0,"master_deck":["Strike_B","Strike_B","Strike_B","Strike_B+1","Defend_B","Defend_B","Defend_B+1","Defend_B","Zap","Dualcast","Ball Lightning","Hologram","Beam Cell+1","Conserve Battery","Self Repair","Defragment","Gash","Steam","Capacitor","Echo Form+1","Storm","infinitespire:UltimateForm+1","infinitespire:Oblivion","infinitespire:Starlight","ReplayTheSpireMod:??????????????????????","infinitespire:Collect","Barrage","ReplayTheSpireMod:Splinters","Self Repair","Redo+1","Loop","J.A.X.","Genetic Algorithm","Ball Lightning","Ball Lightning","ReplayTheSpireMod:Calculation Training+1","Buffer+1","Leap+1","Stack","ReplayTheSpireMod:Omega Cannon","White Noise+1","Capacitor","Rebound","Fusion","Streamline","Doom and Gloom+1","Amnesia","FIFO Queue+1","Sweeping Beam","Creative AI","Cold Snap","The Bomb","Static Discharge","Ball Lightning","Good Instincts","Fusion","FTL+1","Compile Driver"],"relics":["Cracked Core","NeowsBlessing","betterThird:SlimedRelic","Ornamental Fan","ReplayTheSpireMod:Lightbulb","Boot","hubris:BlackHole","Counterbalance","ChewingGum","Replay:Accelerometer","reliquary:WeakTea","Ancient Tea Set","hubris:SphereOfDissonance","Replay:WaspNest","Toy Ornithopter","Prayer Wheel","Bottled Lightning","infinitespire:Lychee Nut","Ring of Panic","Ring of Hypnosis","Simple Rune"],"acts_visited":["Exordium","TheCity","TheBeyond","TheEnding"],"potions_floor_usage":[16,18,33,33,38,44,50],"damage_taken":[{"damage":0,"enemies":"Jaw Worm","floor":1,"turns":1},{"damage":0,"enemies":"2 Louse","floor":4,"turns":1},{"damage":0,"enemies":"Lagavulin","floor":7,"turns":1},{"damage":10,"enemies":"Gremlin Nob","floor":10,"turns":3},{"damage":0,"enemies":"Cultist","floor":11,"turns":3},{"damage":35,"enemies":"3 Sentries","floor":13,"turns":6},{"damage":38,"enemies":"The Guardian","floor":16,"turns":11},{"damage":10,"enemies":"3 Byrds","floor":18,"turns":6},{"damage":9,"enemies":"2 Thieves","floor":21,"turns":3},{"damage":11,"enemies":"Book of Stabbing","floor":23,"turns":4},{"damage":22,"enemies":"Gremlin Leader","floor":27,"turns":8},{"damage":25,"enemies":"Shelled Parasite and Fungi","floor":28,"turns":4},{"damage":8,"enemies":"Centurion and Healer","floor":30,"turns":3},{"damage":4,"enemies":"Cultist and Chosen","floor":31,"turns":3},{"damage":8,"enemies":"Automaton","floor":33,"turns":5},{"damage":16,"enemies":"Orb Walker","floor":35,"turns":2},{"damage":21,"enemies":"3 Darklings","floor":36,"turns":4},{"damage":6,"enemies":"4 Shapes","floor":37,"turns":4},{"damage":0,"enemies":"Spire Growth","floor":38,"turns":4},{"damage":3,"enemies":"3 Darklings","floor":39,"turns":3},{"damage":9,"enemies":"Reptomancer","floor":40,"turns":4},{"damage":23,"enemies":"Maw","floor":41,"turns":5},{"damage":31,"enemies":"Mind Bloom Boss Battle","floor":44,"turns":3},{"damage":23,"enemies":"4 Shapes","floor":47,"turns":1},{"damage":3,"enemies":"Transient","floor":48,"turns":5},{"damage":28,"enemies":"hubris:GrandSnecko","floor":50,"turns":6},{"damage":39,"enemies":"Shield and Spear","floor":54,"turns":4},{"damage":84,"enemies":"The Heart","floor":55,"turns":3}],"seed_played":"-3578280044586141177","potions_obtained":[{"floor":13,"key":"Weak Potion"},{"floor":16,"key":"Venom Potion"},{"floor":27,"key":"BlessingOfTheForge"},{"floor":28,"key":"Energy Potion"},{"floor":31,"key":"SneckoOil"},{"floor":37,"key":"PotionOfCapacity"},{"floor":41,"key":"EssenceOfDarkness"},{"floor":48,"key":"Weak Potion"}],"is_trial":false,"path_per_floor":["M","?","?","M","?","R","E","R","T","E","M","$","?","$","R","B",null,"M","?","AVR","M","?","E","R","?","T","E","M","T","M","M","R","B",null,"M","M","M","M","M","E","M","?","T","?","R","?","M","M","R","B",null,"R","$","E","B"],"character_chosen":"DEFECT","items_purchased":["Defragment","Gash","Capacitor","The Bomb","Static Discharge","Ball Lightning","Good Instincts","Fusion","FTL+1"],"campfire_rested":2,"item_purchase_floors":[12,12,14,53,53,53,53,53,53],"current_hp_per_floor":[68,73,73,73,62,62,62,62,62,52,52,52,24,24,48,17,64,61,61,61,59,59,65,65,65,65,67,66,66,80,80,80,80,80,71,79,80,80,77,80,71,71,71,52,60,60,37,60,60,60,60,60,60,25,0,0],"gold":51,"neow_bonus":"THREE_ENEMY_KILL","is_daily":false,"chose_seed":false,"campfire_upgraded":5,"win_rate":0.0,"timestamp":1613264948,"path_taken":["M","?","?","?","?","R","E","R","T","E","M","$","?","?","R","BOSS","M","?","AVR","?","?","E","R","?","T","E","M","?","M","M","R","BOSS","M","M","M","M","M","E","M","?","T","?","R","?","M","M","R","BOSS","R","$","E","BOSS"],"items_purchased_type":["Card","Card","Card","Card","Card","Card","Card","Card","Card"],"build_version":"2020-12-22","purchased_purges":0,"victory":false,"max_hp_per_floor":[75,80,80,80,80,80,80,80,80,80,80,80,80,80,80,80,80,80,80,80,80,80,80,80,80,80,80,80,80,80,80,80,80,80,80,80,80,80,80,80,80,80,80,60,60,60,60,60,60,60,60,60,60,60,60,60],"relic_stats":{"counters":[28,110],"Ornamental Fan":[196],"Prayer Wheel":3,"Boot":[45],"obtain_stats":[{"Replay:Accelerometer":22,"NeowsBlessing":0,"Ring of Hypnosis":46,"Counterbalance":20,"hubris:SphereOfDissonance":27,"Replay:WaspNest":29,"reliquary:WeakTea":23,"Boot":13,"Ancient Tea Set":26,"hubris:BlackHole":17,"Ornamental Fan":7,"infinitespire:Lychee Nut":44,"betterThird:SlimedRelic":5,"ChewingGum":20,"Prayer Wheel":41,"Simple Rune":54,"Bottled Lightning":43,"Ring of Panic":46,"Cracked Core":0,"ReplayTheSpireMod:Lightbulb":10,"Toy Ornithopter":40},{"Replay:Accelerometer":9,"NeowsBlessing":0,"Ring of Hypnosis":23,"Counterbalance":8,"hubris:SphereOfDissonance":11,"Replay:WaspNest":12,"reliquary:WeakTea":10,"Boot":6,"Ancient Tea Set":10,"hubris:BlackHole":7,"Ornamental Fan":3,"infinitespire:Lychee Nut":23,"betterThird:SlimedRelic":2,"ChewingGum":8,"Prayer Wheel":22,"Simple Rune":27,"Bottled Lightning":22,"Ring of Panic":23,"Cracked Core":0,"ReplayTheSpireMod:Lightbulb":4,"Toy Ornithopter":21},{"Replay:Accelerometer":35,"NeowsBlessing":0,"Ring of Hypnosis":91,"Counterbalance":32,"hubris:SphereOfDissonance":47,"Replay:WaspNest":51,"reliquary:WeakTea":39,"Boot":15,"Ancient Tea Set":39,"hubris:BlackHole":26,"Ornamental Fan":3,"infinitespire:Lychee Nut":91,"betterThird:SlimedRelic":2,"ChewingGum":32,"Prayer Wheel":86,"Simple Rune":107,"Bottled Lightning":88,"Ring of Panic":91,"Cracked Core":0,"ReplayTheSpireMod:Lightbulb":6,"Toy Ornithopter":83}],"Toy Ornithopter":8},"card_choices":[{"not_picked":["Panic Button","Beam Cell"],"picked":"Ball Lightning","floor":1},{"not_picked":["Auto Shields","Hello World"],"picked":"Hologram","floor":4},{"not_picked":["ReplaySolidLightProjector","Machine Learning"],"picked":"Beam Cell","floor":7},{"not_picked":["Beam Cell","Gash"],"picked":"Conserve Battery","floor":10},{"not_picked":["Darkness","Leap"],"picked":"Self Repair","floor":11},{"not_picked":["Doom and Gloom","Redo"],"picked":"Steam","floor":13},{"not_picked":["Fission","Multi-Cast"],"picked":"Echo Form","floor":16},{"not_picked":["Gash","ReplaySort"],"picked":"Storm","floor":18},{"not_picked":["Rebound","Panic Button"],"picked":"Barrage","floor":21},{"not_picked":["Conserve Battery+1","hubris:Prefetch"],"picked":"Self Repair","floor":22},{"not_picked":["Double Energy","Conserve Battery"],"picked":"Redo+1","floor":22},{"not_picked":["hubris:Ukulele","ReplayTheSpireMod:Reroute Power+1"],"picked":"Loop","floor":23},{"not_picked":["Cold Snap","Turbo"],"picked":"Genetic Algorithm","floor":27},{"not_picked":["Double Energy+1","Stack"],"picked":"Ball Lightning","floor":28},{"not_picked":["Skim","Gash+1"],"picked":"Ball Lightning","floor":30},{"not_picked":["White Noise","Storm"],"picked":"ReplayTheSpireMod:Calculation Training+1","floor":31},{"not_picked":["Reboot","Multi-Cast"],"picked":"Buffer","floor":33},{"not_picked":["Chaos","Coolheaded+1"],"picked":"Leap+1","floor":35},{"not_picked":["BasicCrystalCard","Go for the Eyes"],"picked":"Stack","floor":36},{"not_picked":["Lockon","Force Field+1"],"picked":"ReplayTheSpireMod:Omega Cannon","floor":37},{"not_picked":["Coolheaded+1","ReplayTheSpireMod:System Scan+1"],"picked":"White Noise+1","floor":38},{"not_picked":["Stack","Double Energy+1"],"picked":"Capacitor","floor":39},{"not_picked":["Hologram","Steam+1"],"picked":"ReplayTheSpireMod:Fabricate Wheel","floor":40},{"not_picked":["Stack+1","Steam Power"],"picked":"Rebound","floor":41},{"not_picked":["Chill","ReplayTheSpireMod:GoodbyeWorld+1"],"picked":"Fusion","floor":41},{"not_picked":["Cold Snap+1","Time Bomb"],"picked":"Doom and Gloom+1","floor":44},{"not_picked":["FTL+1","Leap+1"],"picked":"FIFO Queue","floor":47},{"not_picked":["Turbo+1","Genetic Algorithm"],"picked":"Sweeping Beam","floor":47},{"not_picked":["Stack","Undo"],"picked":"Creative AI","floor":48},{"not_picked":["Redo+1","ReplayTheSpireMod:System Scan+1"],"picked":"Cold Snap","floor":48},{"not_picked":["Rebound","Stack"],"picked":"Compile Driver","floor":54}],"player_experience":173746,"relics_obtained":[{"floor":7,"key":"Ornamental Fan"},{"floor":10,"key":"ReplayTheSpireMod:Lightbulb"},{"floor":13,"key":"Boot"},{"floor":22,"key":"Replay:Accelerometer"},{"floor":23,"key":"reliquary:WeakTea"},{"floor":26,"key":"Ancient Tea Set"},{"floor":27,"key":"hubris:SphereOfDissonance"},{"floor":29,"key":"Replay:WaspNest"},{"floor":40,"key":"Toy Ornithopter"},{"floor":43,"key":"Bottled Lightning"},{"floor":44,"key":"infinitespire:Lychee Nut"},{"floor":46,"key":"Ring of Panic"},{"floor":46,"key":"Ring of Hypnosis"},{"floor":54,"key":"Simple Rune"}],"event_choices":[{"damage_healed":0,"gold_gain":0,"player_choice":"Donut","damage_taken":0,"max_hp_gain":5,"max_hp_loss":0,"event_name":"Big Fish","floor":2,"gold_loss":0},{"damage_healed":0,"gold_gain":0,"player_choice":"Ignored","damage_taken":0,"max_hp_gain":0,"max_hp_loss":0,"event_name":"Purifier","floor":3,"gold_loss":0},{"damage_healed":0,"gold_gain":0,"player_choice":"Slimed","damage_taken":11,"max_hp_gain":0,"max_hp_loss":0,"event_name":"betterThird:BetterGoop","floor":5,"gold_loss":21},{"damage_healed":0,"gold_gain":0,"player_choice":"Searched \u00272\u0027 times","damage_taken":0,"max_hp_gain":0,"max_hp_loss":0,"event_name":"Dead Adventurer","floor":13,"gold_loss":0},{"damage_healed":0,"gold_gain":0,"player_choice":"Bet on Owner","damage_taken":0,"max_hp_gain":0,"max_hp_loss":0,"event_name":"The Joust","floor":19,"gold_loss":50},{"damage_healed":0,"gold_gain":0,"player_choice":"Obtain J.A.X.","damage_taken":0,"max_hp_gain":0,"max_hp_loss":0,"event_name":"Drug Dealer","floor":25,"gold_loss":0,"cards_obtained":["J.A.X."]},{"damage_healed":0,"gold_gain":0,"player_choice":"Fight","damage_taken":0,"max_hp_gain":0,"max_hp_loss":0,"event_name":"MindBloom","floor":44,"gold_loss":0}],"is_beta":false,"boss_relics":[{"not_picked":["ReplayTheSpireMod:DimensionalGlitch","Replay:Wanted Poster"],"picked":"hubris:BlackHole"},{"not_picked":["Replay:Bronze Core","hubris:Stopwatch","reliquary:Ember"]}],"items_purged_floors":[],"is_endless":false,"potions_floor_spawned":[4,7,13,16,27,28,31,37,41,48],"killed_by":"The Heart","ascension_level":7}}