{"host":"avq773cl9g5msfol","time":1613323898,"event":{"mods":["100% Spire Juice","AchievementEnabler","Act Like it!","Ascension Unlocker","Aspiration","Astrologer","Bard","Bartender","BaseMod","Better Altar","Better Third Choice","BetterRewards","CapriCore","ChefMod","Colored Map","Colored Powertips","Conspire","Dio Mod","Downfall","Elementarium","Energized Spire","Gensokyo","GifTheSpireLib","Hallownest","Hermit","Highlight Path","Hubris","Humility","Infinite Spire","Jorbs\u0027s Wanderer Trilogy","Koishi","Magitek Elite","Marisa????????","Marked Mod","Menagerie","Minty Spire (QoL Compilation)","Pale of the Ancients","Potionbrewer","Quarter Circle Forward PUNCH!","Rare Cards Sparkle","Reimu??????","Relic Stats","Reliquary","Remilia??????","Replay The Spire","Robot Space Explorer","SacredBarkPlus","Shade Mod","Somnambulant","Spicy Shops","Spire Arcade","StSLib","The Blue Laboratory","The Bug Knight","The Construct","The Cursed","The Disciple","The Dragon Tamer","The Exalted","The Hayseed","The Hierophant","The Hydrologist","The Immortal","The Marked","The Mystic","The Problem Sleuth","The Runesmith","The Senshi","The Vixen","The Wild Card","TheFirefly","Wandering Minibosses","Wide Potions","vexMod"],"gold_per_floor":[113,113,113,123,135,169,188,188,188,220,220,220,238,270,270,346,346,362,362,372,392,229,260,260,287,287,167,167,167,200,216,216,292,292,309,309,309,356,356,390,390,407,407,442,442,473,473,498,498,498,498],"floor_reached":52,"language":"ENG","playtime":2217,"items_purged":["ReplaySolidLightProjector+1","BasicCrystalCard+1"],"score":3624,"play_id":"5b4676b8-21ba-4b52-bd1e-08d4fb729d02","local_time":"20210215003138","is_ascension_mode":true,"campfire_choices":[{"data":"Force Field","floor":8.0,"key":"SMITH"},{"floor":12.0,"key":"REST"},{"data":"wanderingMiniBosses:FinaleOfPromise","floor":24.0,"key":"SMITH"},{"data":"Conserve Battery","floor":29.0,"key":"SMITH"},{"floor":32,"key":"REST"},{"data":"Leap","floor":41,"key":"SMITH"},{"data":"infinitespire:Punishment","floor":45,"key":"SMITH"},{"data":"White Noise","floor":49,"key":"SMITH"}],"circlet_count":0,"master_deck":["AscendersBane","Zap+1","Dualcast+1","Seek+1","BootSequence+1","Chaos+1","Biased Cognition+1","Stack+1","Storm+1","Aggregate+1","Doom and Gloom+1","Cold Snap+1","Creative AI+1","Go for the Eyes+1","Glacier+1","Undo+1","Capacitor+1","Lockon+1","Panache+1","hubris:EnhanceAbility+1","Turbo+1","Crystallizer+1","Panic Button+1","Barrage+1","Defragment+1","hubris:PowerSurge+1","Mirror Shield+1","Reboot+1","Ball Lightning+1","Multi-Cast+1","Force Field+1","Conserve Battery+1","Electrodynamics+1","ReplayTheSpireMod:Calculation Training+1","infinitespire:Punishment+1","wanderingMiniBosses:FinaleOfPromise+1","Machine Learning+1","Hyperbeam+1","Leap+1","White Noise+1","Zap","Echo Form+1"],"relics":["Cracked Core","Golden Egg","Quantum Egg","Replay:Antivirus Software","hubris:CrystalStatue","HollowMod:JonisBlessing","HandDrill","Bromod:ArcaneTrickery","reliquary:TridentHead","aspiration:MysteriousAuxiliaryCore","conspire:IceCreamScoop","Juzu Bracelet","OrangePellets","Strange Spoon","Prayer Wheel","MealTicket","expansioncontent:StudyCardRelic","wanderingMiniBosses:Blackblade","Runic Capacitor","Durian","reliquary:Conveyor","Mercury Hourglass","Gensokyo:LionMask","conspire:SpecialSausage","conspire:GlowingRock","Power_Wrist","CaptainsWheel"],"acts_visited":["Exordium","Gensokyo:Gensokyoer","TheBeyond"],"potions_floor_usage":[51,51],"damage_taken":[{"damage":0.0,"enemies":"Jaw Worm","floor":1.0,"turns":3.0},{"damage":0.0,"enemies":"2 Louse","floor":4.0,"turns":2.0},{"damage":0.0,"enemies":"infinitespire:Voidling","floor":5.0,"turns":2.0},{"damage":0.0,"enemies":"3 Sentries","floor":6.0,"turns":3.0},{"damage":0.0,"enemies":"Red Slaver","floor":7.0,"turns":1.0},{"damage":0.0,"enemies":"Gremlin Nob","floor":10.0,"turns":3.0},{"damage":0.0,"enemies":"conspire:2 RoseBushes","floor":13.0,"turns":3.0},{"damage":0.0,"enemies":"Replay:BlueRogue","floor":14.0,"turns":3.0},{"damage":0.0,"enemies":"The Guardian","floor":16.0,"turns":4.0},{"damage":0.0,"enemies":"Gensokyo:Chomper","floor":18.0,"turns":3.0},{"damage":0.0,"enemies":"Gensokyo:AngelMirror","floor":20.0,"turns":2.0},{"damage":0.0,"enemies":"Gensokyo:Wraith","floor":21.0,"turns":6.0},{"damage":0.0,"enemies":"Gensokyo:Tenshi","floor":23.0,"turns":3.0},{"damage":0.0,"enemies":"Gensokyo:Reisen","floor":25.0,"turns":2.0},{"damage":6,"enemies":"Gensokyo:Tenshi","floor":30,"turns":2},{"damage":0,"enemies":"Gensokyo:3_Gloops","floor":31,"turns":2},{"damage":0,"enemies":"Gensokyo:Eiki","floor":33,"turns":3},{"damage":0,"enemies":"Orb Walker","floor":35,"turns":2},{"damage":0,"enemies":"2 Orb Walkers","floor":38,"turns":2},{"damage":0,"enemies":"Nemesis","floor":40,"turns":3},{"damage":0,"enemies":"3 Darklings","floor":42,"turns":3},{"damage":0,"enemies":"Giant Head","floor":44,"turns":3},{"damage":0,"enemies":"Reptomancer","floor":46,"turns":2},{"damage":0,"enemies":"HollowMod:StalkingDevout","floor":48,"turns":2},{"damage":0,"enemies":"Donu and Deca","floor":50,"turns":4},{"damage":0,"enemies":"infinitespire:MassOfShapes","floor":51,"turns":3}],"seed_played":"2379857874795472556","potions_obtained":[{"floor":1.0,"key":"EssenceOfSteel"},{"floor":20.0,"key":"blueLaboratory:CoolantVial"},{"floor":48,"key":"blueLaboratory:PlasmaFuel"}],"is_trial":false,"path_per_floor":["M","?","?","M","M","E","M","R","T","E","?","R","M","E","R_BF","B",null,"M","?","M","M","COS","E","R","E","T","?","$","R","E","M","R","B",null,"M","?","$","?","?","E","R","M","T","E","R","E","?","E","R","B","B",null],"character_chosen":"DEFECT","items_purchased":["Storm","Aggregate","Doom and Gloom","Replay:Antivirus Software","Cold Snap","BasicCrystalCard","hubris:CrystalStatue","Creative AI","Go for the Eyes","Glacier","Undo","Capacitor","HollowMod:JonisBlessing","HandDrill","Bromod:ArcaneTrickery","Lockon","Panache","hubris:EnhanceAbility","Turbo","Crystallizer","reliquary:TridentHead","Panic Button","aspiration:MysteriousAuxiliaryCore","Barrage","Adrenaline Potion","Slimebound:ThreeZeroPotion","conspire:IceCreamScoop","Juzu Bracelet","Defragment","hubris:PowerSurge","Mirror Shield","OrangePellets","Reboot","Ball Lightning","Strange Spoon"],"campfire_rested":2,"item_purchase_floors":[0,0,0,0,0,0,0,0,0,0,0,0,0,0,0,0,0,0,0,0,0,0,0,0,0,0,0,0,0,0,0,0,0,0,0],"current_hp_per_floor":[64,64,64,64,64,64,64,64,64,64,64,71,71,71,71,71,71,71,54,54,54,54,59,59,59,59,59,74,74,68,68,76,76,76,76,76,76,76,76,76,76,76,76,76,76,76,76,76,76,76,76],"gold":498,"neow_bonus":"","is_daily":false,"chose_seed":false,"campfire_upgraded":6,"win_rate":0.0,"timestamp":1613323898,"path_taken":["M","?","?","M","M","E","M","R","T","E","?","R","M","E","R_BF","BOSS","M","?","M","M","COS","E","R","E","T","?","?","R","E","M","R","BOSS","M","?","?","?","?","E","R","M","T","E","R","E","?","E","R","BOSS","BOSS"],"items_purchased_type":["Card","Card","Card","Relic","Card","Card","Relic","Card","Card","Card","Card","Card","Relic","Relic","Relic","Card","Card","Card","Card","Card","Relic","Card","Relic","Card","Potion","Potion","Relic","Relic","Card","Card","Card","Relic","Card","Card","Relic"],"build_version":"2020-12-22","purchased_purges":2,"victory":true,"max_hp_per_floor":[71,71,71,71,71,71,71,71,71,71,71,71,71,71,71,71,71,71,71,71,71,71,76,76,76,76,76,76,76,76,76,76,76,76,76,76,76,76,76,76,76,76,76,76,76,76,76,76,76,76,76],"relic_stats":{"OrangePellets":[58],"Strange Spoon":[25],"counters":[137,448],"Prayer Wheel":31,"MealTicket":15,"HandDrill":[22],"Juzu Bracelet":4,"obtain_stats":[{"Golden Egg":0,"infinitespire:BottledMercury":43,"reliquary:Conveyor":25,"wanderingMiniBosses:OtherGremlinHorn":31,"Ginger":8,"Bottled Tornado":7,"vexMod:RockOfEvil":34,"FrozenCore":17,"Replay:Wanted Poster":34,"DemoMod:SuperHotWatch":27,"Replay:Ringing Soul":26,"conspire:GlowingRock":6,"Ribbon":0,"DemoMod:MeltedRock":14,"MealTicket":11,"HandDrill":0,"Kunai":43,"qcfpunch:Red_Cyclone_Teachings":26,"aspiration:FaultyCoupler":0,"Gensokyo:MaskOfHope":22,"construct:RocketBooster":24,"HollowMod:JonisBlessing":54,"Guardian:PocketSentry":11,"aspiration:FrozenJewel":0,"Elementarium:ElementariumTrophy":33,"qcfpunch:Broken_Tusk":46,"Pandora\u0027s Box":0,"aspiration:MysteriousAuxiliaryCore":0,"Lantern":0,"StoneCalendar":40,"Bromod:ArcanePistoleer":0,"wanderingMiniBosses:AbyssPearl":18,"Mythril_Glove":38,"hubris:EmptyBottle":0,"White_Cape":0,"Hallownest:GodTamersBeastRelic":37,"Power_Wrist":44,"qcfpunch:Crimson_Sash":4,"Replay:Rubber Ducky":0,"reliquary:TridentHead":0,"AntiCross":6,"hubris:CuriousFeather":0,"WingedGreaves":2,"DemoMod:GnawedKey":0,"Potion Belt":0,"Lee\u0027s Waffle":0,"hubris:64BitClover":9,"Guardian:GemstoneGun":0,"DemoMod:WeirdEgg":23,"PreservedInsect":0,"Protect_Vest":49,"infinitespire:CheckeredPen":6,"infinitespire:Lucky Rock":6,"PureWhite:ReiMu":26,"Art of War":6,"Durian":23,"ReplayTheSpireMod:Lightbulb":14,"Elementarium:FlickeringLantern":25,"DemoMod:GreenGuonStone":0,"hubris:CrystalStatue":0,"Calipers":0,"Tiny House":17,"Menagerie:HuntersKnife":5,"DemoMod:GlassGuonStoneRelic":11,"Runic Capacitor":0,"Raider\u0027s Mask":0,"Lizard Tail":0,"Replay:Frozen Program":0,"HornCleat":0,"Gensokyo:LionMask":27,"Prayer Wheel":10,"aspiration:ArtOfWarUpgrade":13,"vexMod:RetaliationKit":31,"Girya":9,"Happy Flower":0,"reliquary:Sideboard":0,"Choco_Feather":8,"Oddly Smooth Stone":28,"wanderingMiniBosses:MasterThiefsPresence":22,"aspiration:SeaSaltIceCream":4,"War Paint":29,"OrangePellets":42,"Bottled Flame":13,"conspire:GiftBox":27,"ReplayTheSpireMod:Shallot":4,"wanderingMiniBosses:Blackblade":21,"hubris:PeanutButter":0,"ReplayTheSpireMod:TigerMarble":9,"infinitespire:EmpoweringShard":9,"Mirror":40,"hermit:Momento":0,"conspire:IceCreamScoop":56,"theSenshi:SuperSailorFukuRelic":0,"conspire:SpecialSausage":3,"Juzu Bracelet":0,"Hallownest:DreamNailRelic":3,"hubris:SlimyHat":6,"expansioncontent:StudyCardRelic":17,"Replay:Mystery Machine":13,"ClockworkSouvenir":0,"DemoMod:SevenLeafClover":0,"Frozen Eye":29,"Dream Catcher":20,"Mummified Hand":43,"Bromod:ArcaneTrickery":0,"Replay:Antivirus Software":0,"Cracked Core":0,"Hallownest:SalubrasBlessingRelic":10,"ReplayTheSpireMod:Ninjato":3,"Replay:Towering Pillar of Hats":40,"infinitespire:CursedDice":43,"aspiration:RunicSpoon":0,"Quantum Egg":2,"aspiration:SecretTechniqueScroll":17,"Medical Kit":54,"White Beast Statue":10,"Mercury Hourglass":26,"Strange Spoon":0,"CaptainsWheel":48,"infinitespire:WardingShard":6,"vexMod:HeadHunter":0,"LetterFromLob":1,"Coffee Dripper":34,"Membership Card":0,"Guard_Bracelet":44,"DemoMod:VorpalBullet":24,"RuthlessExorcism:ReiMu":0},{"Golden Egg":0,"infinitespire:BottledMercury":21,"reliquary:Conveyor":125,"wanderingMiniBosses:OtherGremlinHorn":35,"Ginger":88,"Bottled Tornado":87,"vexMod:RockOfEvil":36,"FrozenCore":62,"Replay:Wanted Poster":17,"DemoMod:SuperHotWatch":67,"Replay:Ringing Soul":11,"conspire:GlowingRock":2,"Ribbon":84,"DemoMod:MeltedRock":29,"MealTicket":117,"HandDrill":111,"Kunai":77,"qcfpunch:Red_Cyclone_Teachings":32,"aspiration:FaultyCoupler":84,"Gensokyo:MaskOfHope":93,"construct:RocketBooster":32,"HollowMod:JonisBlessing":82,"Guardian:PocketSentry":27,"aspiration:FrozenJewel":43,"Elementarium:ElementariumTrophy":36,"qcfpunch:Broken_Tusk":40,"Pandora\u0027s Box":24,"aspiration:MysteriousAuxiliaryCore":84,"Lantern":43,"StoneCalendar":20,"Bromod:ArcanePistoleer":84,"wanderingMiniBosses:AbyssPearl":63,"Mythril_Glove":19,"hubris:EmptyBottle":24,"White_Cape":43,"Hallownest:GodTamersBeastRelic":103,"Power_Wrist":133,"qcfpunch:Crimson_Sash":25,"Replay:Rubber Ducky":53,"reliquary:TridentHead":111,"AntiCross":2,"hubris:CuriousFeather":24,"WingedGreaves":25,"DemoMod:GnawedKey":43,"Potion Belt":43,"Lee\u0027s Waffle":43,"hubris:64BitClover":53,"Guardian:GemstoneGun":43,"DemoMod:WeirdEgg":66,"PreservedInsect":24,"Protect_Vest":41,"infinitespire:CheckeredPen":26,"infinitespire:Lucky Rock":52,"PureWhite:ReiMu":11,"Art of War":87,"Durian":124,"ReplayTheSpireMod:Lightbulb":89,"Elementarium:FlickeringLantern":66,"DemoMod:GreenGuonStone":43,"hubris:CrystalStatue":43,"Calipers":84,"Tiny House":90,"Menagerie:HuntersKnife":45,"DemoMod:GlassGuonStoneRelic":4,"Runic Capacitor":84,"Raider\u0027s Mask":84,"Lizard Tail":53,"Replay:Frozen Program":53,"HornCleat":53,"Gensokyo:LionMask":125,"Prayer Wheel":59,"aspiration:ArtOfWarUpgrade":89,"vexMod:RetaliationKit":16,"Girya":3,"Happy Flower":53,"reliquary:Sideboard":84,"Choco_Feather":3,"Oddly Smooth Stone":33,"wanderingMiniBosses:MasterThiefsPresence":10,"aspiration:SeaSaltIceCream":25,"War Paint":14,"OrangePellets":39,"Bottled Flame":28,"conspire:GiftBox":96,"ReplayTheSpireMod:Shallot":25,"wanderingMiniBosses:Blackblade":123,"hubris:PeanutButter":53,"ReplayTheSpireMod:TigerMarble":26,"infinitespire:EmpoweringShard":88,"Mirror":39,"hermit:Momento":0,"conspire:IceCreamScoop":84,"theSenshi:SuperSailorFukuRelic":53,"conspire:SpecialSausage":50,"Juzu Bracelet":0,"Hallownest:DreamNailRelic":1,"hubris:SlimyHat":57,"expansioncontent:StudyCardRelic":120,"Replay:Mystery Machine":28,"ClockworkSouvenir":24,"DemoMod:SevenLeafClover":0,"Frozen Eye":13,"Dream Catcher":64,"Mummified Hand":106,"Bromod:ArcaneTrickery":111,"Replay:Antivirus Software":111,"Cracked Core":43,"Hallownest:SalubrasBlessingRelic":3,"ReplayTheSpireMod:Ninjato":50,"Replay:Towering Pillar of Hats":75,"infinitespire:CursedDice":21,"aspiration:RunicSpoon":0,"Quantum Egg":1,"aspiration:SecretTechniqueScroll":6,"Medical Kit":82,"White Beast Statue":59,"Mercury Hourglass":125,"Strange Spoon":111,"CaptainsWheel":135,"infinitespire:WardingShard":46,"vexMod:HeadHunter":0,"LetterFromLob":44,"Coffee Dripper":71,"Membership Card":24,"Guard_Bracelet":78,"DemoMod:VorpalBullet":11,"RuthlessExorcism:ReiMu":53},{"Golden Egg":0,"infinitespire:BottledMercury":74,"reliquary:Conveyor":417,"wanderingMiniBosses:OtherGremlinHorn":115,"Ginger":306,"Bottled Tornado":303,"vexMod:RockOfEvil":123,"FrozenCore":201,"Replay:Wanted Poster":52,"DemoMod:SuperHotWatch":219,"Replay:Ringing Soul":34,"conspire:GlowingRock":6,"Ribbon":297,"DemoMod:MeltedRock":94,"MealTicket":391,"HandDrill":377,"Kunai":257,"qcfpunch:Red_Cyclone_Teachings":104,"aspiration:FaultyCoupler":297,"Gensokyo:MaskOfHope":319,"construct:RocketBooster":104,"HollowMod:JonisBlessing":279,"Guardian:PocketSentry":89,"aspiration:FrozenJewel":147,"Elementarium:ElementariumTrophy":123,"qcfpunch:Broken_Tusk":130,"Pandora\u0027s Box":83,"aspiration:MysteriousAuxiliaryCore":297,"Lantern":147,"StoneCalendar":71,"Bromod:ArcanePistoleer":297,"wanderingMiniBosses:AbyssPearl":205,"Mythril_Glove":60,"hubris:EmptyBottle":83,"White_Cape":147,"Hallownest:GodTamersBeastRelic":355,"Power_Wrist":437,"qcfpunch:Crimson_Sash":85,"Replay:Rubber Ducky":171,"reliquary:TridentHead":377,"AntiCross":6,"hubris:CuriousFeather":83,"WingedGreaves":85,"DemoMod:GnawedKey":147,"Potion Belt":147,"Lee\u0027s Waffle":147,"hubris:64BitClover":171,"Guardian:GemstoneGun":147,"DemoMod:WeirdEgg":215,"PreservedInsect":83,"Protect_Vest":131,"infinitespire:CheckeredPen":87,"infinitespire:Lucky Rock":169,"PureWhite:ReiMu":34,"Art of War":303,"Durian":415,"ReplayTheSpireMod:Lightbulb":309,"Elementarium:FlickeringLantern":215,"DemoMod:GreenGuonStone":147,"hubris:CrystalStatue":147,"Calipers":297,"Tiny House":312,"Menagerie:HuntersKnife":152,"DemoMod:GlassGuonStoneRelic":10,"Runic Capacitor":297,"Raider\u0027s Mask":297,"Lizard Tail":171,"Replay:Frozen Program":171,"HornCleat":171,"Gensokyo:LionMask":417,"Prayer Wheel":191,"aspiration:ArtOfWarUpgrade":309,"vexMod:RetaliationKit":45,"Girya":9,"Happy Flower":171,"reliquary:Sideboard":297,"Choco_Feather":9,"Oddly Smooth Stone":107,"wanderingMiniBosses:MasterThiefsPresence":29,"aspiration:SeaSaltIceCream":85,"War Paint":39,"OrangePellets":127,"Bottled Flame":92,"conspire:GiftBox":327,"ReplayTheSpireMod:Shallot":85,"wanderingMiniBosses:Blackblade":412,"hubris:PeanutButter":171,"ReplayTheSpireMod:TigerMarble":87,"infinitespire:EmpoweringShard":306,"Mirror":127,"hermit:Momento":0,"conspire:IceCreamScoop":286,"theSenshi:SuperSailorFukuRelic":171,"conspire:SpecialSausage":167,"Juzu Bracelet":0,"Hallownest:DreamNailRelic":1,"hubris:SlimyHat":184,"expansioncontent:StudyCardRelic":401,"Replay:Mystery Machine":92,"ClockworkSouvenir":83,"DemoMod:SevenLeafClover":0,"Frozen Eye":37,"Dream Catcher":209,"Mummified Hand":364,"Bromod:ArcaneTrickery":377,"Replay:Antivirus Software":377,"Cracked Core":147,"Hallownest:SalubrasBlessingRelic":9,"ReplayTheSpireMod:Ninjato":167,"Replay:Towering Pillar of Hats":251,"infinitespire:CursedDice":74,"aspiration:RunicSpoon":0,"Quantum Egg":1,"aspiration:SecretTechniqueScroll":16,"Medical Kit":279,"White Beast Statue":192,"Mercury Hourglass":417,"Strange Spoon":377,"CaptainsWheel":441,"infinitespire:WardingShard":157,"vexMod:HeadHunter":0,"LetterFromLob":150,"Coffee Dripper":237,"Membership Card":83,"Guard_Bracelet":260,"DemoMod:VorpalBullet":34,"RuthlessExorcism:ReiMu":171}],"Mercury Hourglass":[153]},"card_choices":[{"not_picked":["Turbo","Go for the Eyes","Compile Driver"],"picked":"SKIP","floor":1.0},{"not_picked":["Sweeping Beam","Barrage","Stack"],"picked":"SKIP","floor":4.0},{"not_picked":["Cold Snap","Storm"],"picked":"Force Field","floor":5.0},{"not_picked":["Cold Snap","Genetic Algorithm","Force Field"],"picked":"SKIP","floor":5.0},{"not_picked":["Scrape","Beam Cell","Redo"],"picked":"SKIP","floor":6.0},{"not_picked":["Biased Cognition","Compile Driver","Lockon"],"picked":"SKIP","floor":7.0},{"not_picked":["Hologram","ReplaySort","Coolheaded"],"picked":"SKIP","floor":7.0},{"not_picked":["Undo","Static Discharge","Ball Lightning"],"picked":"SKIP","floor":10.0},{"not_picked":["ReplaySort","Hologram"],"picked":"Conserve Battery","floor":13.0},{"not_picked":["hubris:PowerSurge","Reinforced Body","Turbo"],"picked":"SKIP","floor":13.0},{"not_picked":["ReplaySolidLightProjector","Doom and Gloom","Steam"],"picked":"SKIP","floor":14.0},{"not_picked":["ReplayTheSpireMod:Omega Cannon","hubris:SpecializedCircuitry"],"picked":"Electrodynamics","floor":16.0},{"not_picked":["Compile Driver","Self Repair"],"picked":"ReplayTheSpireMod:Calculation Training+1","floor":18.0},{"not_picked":["Compile Driver","Streamline","Barrage"],"picked":"SKIP","floor":18.0},{"not_picked":["infinitespire:SealOfDarkness+","ReplayTheSpireMod:Echoes of Time"],"picked":"infinitespire:Punishment","floor":19.0},{"not_picked":["Darkness","Conserve Battery","Rebound"],"picked":"SKIP","floor":20.0},{"not_picked":["Gash","Panic Button","Auto Shields"],"picked":"SKIP","floor":20.0},{"not_picked":[],"picked":"wanderingMiniBosses:FinaleOfPromise","floor":21.0},{"not_picked":["Heatsinks","Leap","Defragment"],"picked":"SKIP","floor":21.0},{"not_picked":["Conserve Battery","Genetic Algorithm","Cold Snap"],"picked":"SKIP","floor":21.0},{"not_picked":["Cold Snap","Sweeping Beam","hubris:Ukulele"],"picked":"SKIP","floor":23.0},{"not_picked":["aspiration:Polymerization+1","Undo"],"picked":"Machine Learning","floor":25.0},{"not_picked":["Recycle+1","FTL","conspire:Rain"],"picked":"SKIP","floor":30},{"not_picked":["Heatsinks","Rebound","hubris:Ukulele+1"],"picked":"SKIP","floor":31},{"not_picked":["Time Bomb+1","Gash","Cold Snap+1"],"picked":"SKIP","floor":31},{"not_picked":["Electrodynamics","Mirror Shield"],"picked":"Hyperbeam","floor":33},{"not_picked":["Go for the Eyes","conspire:Rain+1","Steam+1"],"picked":"SKIP","floor":35},{"not_picked":["Gash+1","Compile Driver","Crystallizer"],"picked":"SKIP","floor":35},{"not_picked":["Go for the Eyes","Genetic Algorithm"],"picked":"Leap","floor":38},{"not_picked":["Leap","BootSequence","Gash"],"picked":"SKIP","floor":40},{"not_picked":["Glacier","Rebound+1","Streamline"],"picked":"SKIP","floor":42},{"not_picked":["Stack","Beam Cell+1","Steam Power"],"picked":"SKIP","floor":42},{"not_picked":["Sweeping Beam","ReplayTheSpireMod:Dual Polarity","hubris:Ukulele"],"picked":"SKIP","floor":44},{"not_picked":["Reinforced Body","ReplayTheSpireMod:GoodbyeWorld"],"picked":"White Noise","floor":46},{"not_picked":["Hologram","Gash","Rebound"],"picked":"SKIP","floor":48}],"player_experience":1439818,"relics_obtained":[{"floor":21.0,"key":"wanderingMiniBosses:Blackblade"},{"floor":23.0,"key":"Durian"},{"floor":25.0,"key":"reliquary:Conveyor"},{"floor":26.0,"key":"Mercury Hourglass"},{"floor":38,"key":"conspire:GlowingRock"},{"floor":44,"key":"Power_Wrist"},{"floor":48,"key":"CaptainsWheel"}],"event_choices":[{"damage_healed":0.0,"max_hp_gain":0.0,"max_hp_loss":0.0,"gold_gain":0.0,"event_name":"Accursed Blacksmith","player_choice":"Forge","floor":3.0,"gold_loss":0.0,"damage_taken":0.0,"cards_upgraded":["Dualcast"]},{"cards_removed":["BasicCrystalCard"],"damage_healed":0.0,"max_hp_gain":0.0,"max_hp_loss":0.0,"gold_gain":0.0,"event_name":"WeMeetAgain","player_choice":"Gave Card","floor":11.0,"gold_loss":0.0,"damage_taken":0.0,"relics_obtained":["MealTicket"]},{"damage_healed":0.0,"max_hp_gain":0.0,"max_hp_loss":0.0,"gold_gain":0.0,"event_name":"Lab","player_choice":"Got Potions","floor":15.0,"gold_loss":0.0,"damage_taken":0.0},{"cards_removed":["ReplaySolidLightProjector"],"damage_healed":0,"gold_gain":0,"player_choice":"Card Removal","damage_taken":0,"max_hp_gain":0,"max_hp_loss":0,"event_name":"Wheel of Change","floor":36,"gold_loss":0},{"damage_healed":0,"gold_gain":0,"player_choice":"Fight","damage_taken":0,"max_hp_gain":0,"max_hp_loss":0,"event_name":"Mysterious Sphere","floor":38,"gold_loss":0},{"damage_healed":0,"gold_gain":0,"player_choice":"2 cards matched","damage_taken":0,"max_hp_gain":0,"max_hp_loss":0,"event_name":"Match and Keep!","floor":47,"gold_loss":0,"cards_obtained":["Zap","Echo Form"]}],"is_beta":false,"boss_relics":[{"not_picked":["Runic Pyramid","vexMod:ImprovementManual"],"picked":"expansioncontent:StudyCardRelic"},{"not_picked":["energizedSpire:OldTV","FrozenCore"],"picked":"conspire:SpecialSausage"}],"items_purged_floors":[0,0],"is_endless":false,"potions_floor_spawned":[1,5,10,14,20,30,31,38,40,48],"ascension_level":20,"is_humility":true}}