{"host":"BK","time":1613326159,"event":{"mods":["BaseMod","Highlight Path","Minty Spire (QoL Compilation)","StSLib"],"gold_per_floor":[113,129,145,30,30,30,57,67,94,111,124,124,157,171,171,245,245,261,94,94,94,0,0],"floor_reached":22,"language":"ENG","playtime":981,"items_purged":["Strike_R"],"score":392,"play_id":"01a9e0e6-b2d9-483f-89b1-68171ea35907","local_time":"20210214110919","is_ascension_mode":true,"campfire_choices":[{"data":"Whirlwind","floor":6.0,"key":"SMITH"},{"data":"Carnage","floor":12.0,"key":"SMITH"},{"data":"Flame Barrier","floor":15.0,"key":"SMITH"}],"circlet_count":0,"master_deck":["AscendersBane","Strike_R","Strike_R","Strike_R","Defend_R","Defend_R","Defend_R","Defend_R","Bash","Whirlwind+1","Inflame","Carnage+1","Rampage","Corruption","Flame Barrier+1"],"relics":["Burning Blood","Turnip","Bag of Preparation","Centennial Puzzle","Potion Belt","SlaversCollar","Blood Vial","MutagenicStrength"],"acts_visited":["Exordium","TheCity"],"potions_floor_usage":[22,22],"damage_taken":[{"damage":2.0,"enemies":"Cultist","floor":1.0,"turns":4.0},{"damage":16.0,"enemies":"Jaw Worm","floor":2.0,"turns":6.0},{"damage":6.0,"enemies":"2 Louse","floor":3.0,"turns":2.0},{"damage":8.0,"enemies":"Gremlin Nob","floor":7.0,"turns":3.0},{"damage":1.0,"enemies":"Exordium Wildlife","floor":8.0,"turns":2.0},{"damage":0.0,"enemies":"3 Louse","floor":10.0,"turns":1.0},{"damage":10.0,"enemies":"Gremlin Gang","floor":11.0,"turns":3.0},{"damage":23.0,"enemies":"Lagavulin","floor":13.0,"turns":4.0},{"damage":5.0,"enemies":"Large Slime","floor":14.0,"turns":5.0},{"damage":25.0,"enemies":"The Guardian","floor":16.0,"turns":15.0},{"damage":52.0,"enemies":"Shell Parasite","floor":18.0,"turns":11.0},{"damage":19,"enemies":"2 Thieves","floor":22,"turns":3}],"seed_played":"3667854926441064680","potions_obtained":[{"floor":1.0,"key":"DuplicationPotion"},{"floor":2.0,"key":"SteroidPotion"},{"floor":10.0,"key":"BlessingOfTheForge"},{"floor":14.0,"key":"Swift Potion"},{"floor":16.0,"key":"Ancient Potion"}],"is_trial":false,"path_per_floor":["M","M","M","$","?","R","E","M","T","M","M","R","E","M","R","B",null,"M","$","?","?","M"],"character_chosen":"IRONCLAD","items_purchased":["Rampage","Blood Vial"],"campfire_rested":0,"item_purchase_floors":[4,19],"current_hp_per_floor":[54,44,44,44,44,44,42,47,47,53,49,49,32,33,33,14,60,14,14,14,14,0,0],"gold":0,"neow_bonus":"ONE_RARE_RELIC","is_daily":false,"chose_seed":false,"campfire_upgraded":3,"win_rate":0.0,"timestamp":1613326159,"path_taken":["M","?","M","$","?","R","E","M","T","M","?","R","E","M","R","BOSS","M","$","?","?","M"],"items_purchased_type":["Card","Relic"],"build_version":"2020-12-18","purchased_purges":1,"victory":false,"max_hp_per_floor":[75,75,75,75,75,75,75,75,75,75,75,75,75,75,75,75,75,75,75,75,75,75,75],"card_choices":[{"not_picked":["Flame Barrier","Warcry"],"picked":"Whirlwind","floor":1.0},{"not_picked":["Power Through","True Grit"],"picked":"Inflame","floor":2.0},{"not_picked":["Warcry","Pommel Strike"],"picked":"Carnage","floor":3.0},{"not_picked":["Whirlwind","Body Slam","Armaments"],"picked":"SKIP","floor":7.0},{"not_picked":["True Grit","Heavy Blade","Ghostly Armor"],"picked":"SKIP","floor":8.0},{"not_picked":["Warcry","Headbutt"],"picked":"Flame Barrier","floor":10.0},{"not_picked":["Blood for Blood","Dropkick","Sword Boomerang"],"picked":"SKIP","floor":11.0},{"not_picked":["Sword Boomerang","Fiend Fire","Havoc"],"picked":"SKIP","floor":13.0},{"not_picked":["Iron Wave","Havoc","Armaments"],"picked":"SKIP","floor":14.0},{"not_picked":["Thunderclap","Sword Boomerang+1","Headbutt+1"],"picked":"SKIP","floor":18.0}],"player_experience":2574578,"relics_obtained":[{"floor":7.0,"key":"Bag of Preparation"},{"floor":9.0,"key":"Centennial Puzzle"},{"floor":13.0,"key":"Potion Belt"}],"event_choices":[{"damage_healed":0.0,"max_hp_gain":0.0,"max_hp_loss":0.0,"gold_gain":0.0,"cards_transformed":["Strike_R"],"event_name":"Transmorgrifier","player_choice":"Transformed","floor":5.0,"gold_loss":0.0,"damage_taken":0.0,"cards_obtained":["Corruption"]},{"damage_healed":0.0,"max_hp_gain":0.0,"max_hp_loss":0.0,"gold_gain":0.0,"event_name":"Drug Dealer","player_choice":"Inject Mutagens","floor":20.0,"gold_loss":0.0,"damage_taken":0.0,"relics_obtained":["MutagenicStrength"]},{"damage_healed":0.0,"max_hp_gain":0.0,"max_hp_loss":0.0,"gold_gain":0.0,"event_name":"Ghosts","player_choice":"Ignored","floor":21.0,"gold_loss":0.0,"damage_taken":0.0}],"is_beta":true,"boss_relics":[{"not_picked":["Coffee Dripper","Black Blood"],"picked":"SlaversCollar"}],"items_purged_floors":[4],"is_endless":false,"potions_floor_spawned":[1,2,10,14,16],"killed_by":"2 Thieves","ascension_level":20}}