{"host":"hw9lt6p3yhr90vz0","time":1613276471,"event":{"mods":["BaseMod","DeckTracker","Minty Spire (QoL Compilation)","Relic Stats"],"gold_per_floor":[113,133,133,145,165,194,213,248,274,287,358,391,391,404,404,504,554,574,574,366,377,394,394,421,437,437,17,17,4,37,53,53,154,154,164,65,65,82,96,115,115,148,216,251,251,271,271,286,286,286,286,286,15,50,50,50],"floor_reached":55,"language":"ENG","playtime":6727,"items_purged":["Parasite"],"score":1134,"play_id":"cfaeb4b2-a5ad-4f51-873c-a5b6cf27be4c","local_time":"20210213232111","is_ascension_mode":true,"campfire_choices":[{"floor":13.0,"key":"REST"},{"floor":15.0,"key":"RECALL"},{"floor":23.0,"key":"REST"},{"floor":28.0,"key":"REST"},{"data":"Apotheosis","floor":32.0,"key":"SMITH"},{"data":"Wraith Form v2","floor":41,"key":"SMITH"},{"floor":47,"key":"REST"},{"data":"1","floor":49,"key":"LIFT"},{"data":"Wraith Form v2","floor":52,"key":"SMITH"}],"circlet_count":0,"master_deck":["Strike_G","Strike_G","Strike_G+1","Strike_G+1","Strike_G","Defend_G","Defend_G","Defend_G","Defend_G","Defend_G","Survivor","Neutralize+1","CurseOfTheBell","Calculated Gamble","Wraith Form v2+1","Dagger Spray+1","Backstab+1","Flying Knee+1","Corpse Explosion","Caltrops","Predator+1","Dagger Spray+1","Tools of the Trade","Footwork","Prepared+1","Apotheosis+1","PiercingWail","Noxious Fumes","Skewer+1","Deadly Poison","PiercingWail+1","Backstab+1","Prepared","Underhanded Strike+1","Wraith Form v2+1","Noxious Fumes","Adrenaline","PiercingWail","Deadly Poison+1","Endless Agony+1","Mind Blast+1","Mind Blast+1","Leg Sweep","Underhanded Strike+1"],"relics":["Calling Bell","Nunchaku","Molten Egg 2","Mango","Centennial Puzzle","Boot","Tiny Chest","Tiny House","Orichalcum","Eternal Feather","Membership Card","Bronze Scales","Thread and Needle","Girya","SlaversCollar","Calipers","Singing Bowl","Frozen Egg 2","Anchor","Sling","Whetstone","Pear"],"acts_visited":["Exordium","TheCity","TheBeyond","TheEnding"],"potions_floor_usage":[50,50,54],"damage_taken":[{"damage":4.0,"enemies":"Small Slimes","floor":1.0,"turns":5.0},{"damage":13.0,"enemies":"Cultist","floor":2.0,"turns":6.0},{"damage":1.0,"enemies":"Jaw Worm","floor":4.0,"turns":8.0},{"damage":0.0,"enemies":"Large Slime","floor":5.0,"turns":6.0},{"damage":17.0,"enemies":"Gremlin Nob","floor":6.0,"turns":6.0},{"damage":2.0,"enemies":"Exordium Thugs","floor":7.0,"turns":4.0},{"damage":12.0,"enemies":"3 Sentries","floor":8.0,"turns":8.0},{"damage":4.0,"enemies":"Lots of Slimes","floor":10.0,"turns":3.0},{"damage":16.0,"enemies":"Lagavulin","floor":12.0,"turns":7.0},{"damage":0.0,"enemies":"Large Slime","floor":14.0,"turns":3.0},{"damage":48.0,"enemies":"The Guardian","floor":16.0,"turns":11.0},{"damage":26.0,"enemies":"2 Thieves","floor":18.0,"turns":4.0},{"damage":21.0,"enemies":"Shell Parasite","floor":21.0,"turns":4.0},{"damage":2.0,"enemies":"Snecko","floor":22.0,"turns":5.0},{"damage":21.0,"enemies":"Gremlin Leader","floor":24.0,"turns":6.0},{"damage":0.0,"enemies":"3 Cultists","floor":25.0,"turns":3.0},{"damage":9.0,"enemies":"Book of Stabbing","floor":30.0,"turns":5.0},{"damage":3.0,"enemies":"Shelled Parasite and Fungi","floor":31.0,"turns":6.0},{"damage":57.0,"enemies":"Collector","floor":33.0,"turns":11.0},{"damage":12.0,"enemies":"3 Shapes","floor":35.0,"turns":5.0},{"damage":1.0,"enemies":"Orb Walker","floor":38.0,"turns":2.0},{"damage":13.0,"enemies":"Jaw Worm Horde","floor":39.0,"turns":4.0},{"damage":2,"enemies":"Writhing Mass","floor":40,"turns":6},{"damage":26,"enemies":"Reptomancer","floor":42,"turns":7},{"damage":42,"enemies":"Giant Head","floor":44,"turns":10},{"damage":4,"enemies":"3 Darklings","floor":46,"turns":4},{"damage":0,"enemies":"4 Shapes","floor":48,"turns":1},{"damage":72,"enemies":"Awakened One","floor":50,"turns":13},{"damage":0,"enemies":"Shield and Spear","floor":54,"turns":6},{"damage":102,"enemies":"The Heart","floor":55,"turns":8}],"seed_played":"-5063483905679036055","potions_obtained":[{"floor":5.0,"key":"FearPotion"},{"floor":6.0,"key":"FairyPotion"},{"floor":8.0,"key":"DuplicationPotion"},{"floor":10.0,"key":"Explosive Potion"},{"floor":17.0,"key":"CultistPotion"},{"floor":18.0,"key":"Energy Potion"},{"floor":24.0,"key":"GamblersBrew"},{"floor":30.0,"key":"Block Potion"},{"floor":31.0,"key":"Strength Potion"},{"floor":46,"key":"SkillPotion"},{"floor":48,"key":"Explosive Potion"}],"is_trial":false,"path_per_floor":["M","M","?","M","M","E","M","E","T","M","?","E","R","M","R","B",null,"M","?","$","M","M","R","E","M","T","$","R","$","E","M","R","B",null,"M","$","T","M","M","M","R","E","T","E","?","M","R","M","R","B",null,"R","$","E","B"],"character_chosen":"THE_SILENT","items_purchased":["Apotheosis","PiercingWail","Membership Card","Bronze Scales","Thread and Needle","Backstab+1","Prepared","Noxious Fumes","Strength Potion","Adrenaline","Mind Blast+1","Sling","Leg Sweep","Poison Potion","Whetstone"],"campfire_rested":4,"item_purchase_floors":[20,20,27,27,27,27,29,36,36,36,53,53,53,53,53],"current_hp_per_floor":[73,60,84,83,83,66,64,52,52,48,48,32,57,57,57,9,70,44,44,44,23,21,47,26,26,26,26,70,70,61,58,76,19,72,60,60,60,59,46,44,68,42,42,28,28,26,77,79,95,23,77,95,92,102,0,0],"gold":50,"neow_bonus":"BOSS_RELIC","is_daily":false,"chose_seed":false,"campfire_upgraded":3,"win_rate":0.0,"timestamp":1613276471,"path_taken":["M","M","?","M","?","E","M","E","T","M","?","E","R","M","R","BOSS","M","?","$","M","M","R","E","M","T","$","R","?","E","M","R","BOSS","M","?","?","M","M","M","R","E","T","E","?","M","R","M","R","BOSS","R","$","E","BOSS"],"items_purchased_type":["Card","Card","Relic","Relic","Relic","Card","Card","Card","Potion","Card","Card","Relic","Card","Potion","Relic"],"build_version":"2020-12-22","purchased_purges":1,"victory":false,"max_hp_per_floor":[84,84,84,84,84,84,84,84,84,84,84,84,84,84,84,84,89,89,89,89,89,89,89,89,89,89,89,89,89,89,89,89,89,89,89,89,89,89,89,89,89,89,89,91,91,93,93,95,95,95,95,95,92,102,102,102],"relic_stats":{"Nunchaku":[30],"Centennial Puzzle":[63],"Singing Bowl":6,"counters":[30,177],"Bronze Scales":[419],"Tiny Chest":1,"Eternal Feather":118,"Whetstone":["Strike_G","Strike_G"],"Orichalcum":[354],"Boot":[43],"obtain_stats":[{"Girya":30,"Tiny House":17,"Calipers":37,"Pear":54,"Singing Bowl":42,"Mango":0,"Eternal Feather":26,"Thread and Needle":27,"Whetstone":53,"Orichalcum":24,"Frozen Egg 2":43,"Boot":8,"Sling":53,"Calling Bell":0,"SlaversCollar":34,"Nunchaku":0,"Centennial Puzzle":6,"Anchor":44,"Bronze Scales":27,"Molten Egg 2":0,"Tiny Chest":12,"Membership Card":27,"Ring of the Snake":0},{"Girya":17,"Tiny House":11,"Calipers":20,"Pear":29,"Singing Bowl":24,"Mango":0,"Eternal Feather":16,"Thread and Needle":16,"Whetstone":28,"Orichalcum":15,"Frozen Egg 2":24,"Boot":7,"Sling":28,"Calling Bell":0,"SlaversCollar":19,"Nunchaku":0,"Centennial Puzzle":5,"Anchor":25,"Bronze Scales":16,"Molten Egg 2":0,"Tiny Chest":9,"Membership Card":16,"Ring of the Snake":0},{"Girya":94,"Tiny House":67,"Calipers":116,"Pear":169,"Singing Bowl":135,"Mango":0,"Eternal Feather":89,"Thread and Needle":89,"Whetstone":163,"Orichalcum":86,"Frozen Egg 2":135,"Boot":43,"Sling":163,"Calling Bell":0,"SlaversCollar":111,"Nunchaku":0,"Centennial Puzzle":31,"Anchor":145,"Bronze Scales":89,"Molten Egg 2":0,"Tiny Chest":53,"Membership Card":89,"Ring of the Snake":0}]},"card_choices":[{"not_picked":["Bane+1","Concentrate"],"picked":"Calculated Gamble","floor":1.0},{"not_picked":["Reflex","Dagger Spray+1"],"picked":"Wraith Form v2","floor":2.0},{"not_picked":["Reflex","Leg Sweep"],"picked":"Dagger Spray+1","floor":4.0},{"not_picked":["Deflect","Prepared"],"picked":"Backstab+1","floor":5.0},{"not_picked":["Malaise","Dagger Throw+1","Acrobatics"],"picked":"SKIP","floor":6.0},{"not_picked":["Slice+1","Backflip"],"picked":"Flying Knee+1","floor":7.0},{"not_picked":["Underhanded Strike+1","Expertise"],"picked":"Corpse Explosion","floor":8.0},{"not_picked":["Outmaneuver","Poisoned Stab+1"],"picked":"Caltrops","floor":10.0},{"not_picked":["Footwork","Deadly Poison"],"picked":"Predator+1","floor":12.0},{"not_picked":["Prepared","Backflip"],"picked":"Dagger Spray+1","floor":14.0},{"not_picked":["Corpse Explosion","Malaise"],"picked":"Tools of the Trade","floor":16.0},{"not_picked":["Outmaneuver","Bouncing Flask"],"picked":"Footwork","floor":17.0},{"not_picked":["Well Laid Plans+1","Catalyst+1"],"picked":"Prepared+1","floor":18.0},{"not_picked":["Flying Knee+1","Skewer+1"],"picked":"Noxious Fumes","floor":21.0},{"not_picked":["Outmaneuver+1","Acrobatics"],"picked":"Skewer+1","floor":22.0},{"not_picked":["Heel Hook+1","Finisher+1"],"picked":"Deadly Poison","floor":24.0},{"not_picked":["Bouncing Flask+1","Dagger Throw+1"],"picked":"PiercingWail+1","floor":25.0},{"not_picked":["Finisher+1","Dagger Throw+1","Tools of the Trade"],"picked":"SKIP","floor":30.0},{"not_picked":["Acrobatics","Concentrate+1"],"picked":"Underhanded Strike+1","floor":31.0},{"not_picked":["Unload+1","Tools of the Trade"],"picked":"Wraith Form v2","floor":33.0},{"not_picked":["Poisoned Stab+1","Bane+1","Dagger Spray+1"],"picked":"SKIP","floor":35.0},{"not_picked":["Acrobatics","Grand Finale+1","Skewer+1"],"picked":"SKIP","floor":38.0},{"not_picked":["Cloak And Dagger+1","Dagger Throw+1"],"picked":"PiercingWail","floor":39.0},{"not_picked":["Infinite Blades","Dash+1"],"picked":"Deadly Poison+1","floor":40},{"not_picked":["Leg Sweep","Blade Dance"],"picked":"Endless Agony+1","floor":42},{"not_picked":["Outmaneuver+1","Slice+1","Sucker Punch+1"],"picked":"Singing Bowl","floor":44},{"not_picked":["Flash of Steel+1","Panacea"],"picked":"Mind Blast+1","floor":45},{"not_picked":["Slice+1","Cloak And Dagger+1","Dodge and Roll+1"],"picked":"Singing Bowl","floor":46},{"not_picked":["Sucker Punch+1","Flying Knee+1","Skewer+1"],"picked":"Singing Bowl","floor":48},{"not_picked":["Blur","Acrobatics"],"picked":"Underhanded Strike+1","floor":54}],"player_experience":1444213,"relics_obtained":[{"floor":0.0,"key":"Nunchaku"},{"floor":0.0,"key":"Molten Egg 2"},{"floor":0.0,"key":"Mango"},{"floor":6.0,"key":"Centennial Puzzle"},{"floor":8.0,"key":"Boot"},{"floor":12.0,"key":"Tiny Chest"},{"floor":24.0,"key":"Orichalcum"},{"floor":26.0,"key":"Eternal Feather"},{"floor":30.0,"key":"Girya"},{"floor":37.0,"key":"Calipers"},{"floor":42,"key":"Singing Bowl"},{"floor":43,"key":"Frozen Egg 2"},{"floor":44,"key":"Anchor"},{"floor":54,"key":"Pear"}],"event_choices":[{"damage_healed":24.0,"max_hp_gain":0.0,"max_hp_loss":0.0,"gold_gain":0.0,"event_name":"Wheel of Change","player_choice":"Full Heal","floor":3.0,"gold_loss":0.0,"damage_taken":0.0},{"damage_healed":0.0,"max_hp_gain":0.0,"max_hp_loss":0.0,"gold_gain":71.0,"event_name":"Golden Wing","player_choice":"Gained Gold","floor":11.0,"gold_loss":0.0,"damage_taken":0.0},{"damage_healed":0.0,"max_hp_gain":0.0,"max_hp_loss":0.0,"gold_gain":0.0,"event_name":"The Woman in Blue","player_choice":"Bought 0 Potions","floor":19.0,"gold_loss":0.0,"damage_taken":0.0},{"damage_healed":0,"gold_gain":0,"player_choice":"Memory 1","damage_taken":0,"max_hp_gain":0,"max_hp_loss":0,"event_name":"SensoryStone","floor":45,"gold_loss":0}],"is_beta":false,"boss_relics":[{"not_picked":["Black Star","Velvet Choker"],"picked":"Tiny House"},{"not_picked":["WristBlade","Runic Dome"],"picked":"SlaversCollar"}],"items_purged_floors":[53],"is_endless":false,"potions_floor_spawned":[5,6,8,10,18,24,30,31,46,48],"killed_by":"The Heart","ascension_level":7}}