{"host":"rs956zbefct9hzhl","time":1613340788,"event":{"mods":["BaseMod","BetterRewards","Downfall","Minty Spire (QoL Compilation)","Shop Mod","Spikes Relics","StSLib"],"gold_per_floor":[99,99,99,99,99,99,149,178,195,95,125,140,315,65,76,180,180,80,98,98,83,83,93,117,133,133,133,133,133],"floor_reached":27,"language":"ENG","playtime":1668,"items_purged":[],"score":207,"play_id":"a968dd59-307f-4b34-9ef4-762ae0415ef4","local_time":"20210214231308","is_ascension_mode":false,"campfire_choices":[{"data":"hexamod:Float","floor":1,"key":"SMITH"},{"data":"hexamod:GhostLash","floor":6,"key":"SMITH"},{"floor":10,"key":"REST"},{"data":"hexamod:SkipABeat","floor":18,"key":"SMITH"}],"circlet_count":0,"master_deck":["hexamod:Strike","hexamod:Strike","hexamod:Strike","hexamod:Strike","hexamod:Defend","hexamod:Defend+1","hexamod:Defend","hexamod:Defend","hexamod:Sear+1","hexamod:Float+1","hexamod:FirstSeal","hexamod:GhostShield","hexamod:GhostLash+1","hexamod:GhostOfSpirePresent+1","hexamod:PhantomFireball","hexamod:GhostOfSpirePast+1","hexamod:Incineration","Doubt","hexamod:HexaLevel+1","expansioncontent:StudyTheSpire+1","hexamod:SkipABeat+1","hexamod:SkipABeat","hexamod:TimeWarp","hexamod:FastForward+1","hexamod:GhostLash+1","hexamod:SecondSeal","hexamod:ThirdSeal","Pain"],"relics":["hexamod:UnbrokenSoul","downfall:HeartsMalice","Frozen Egg 2","downfall:HeartBlessingGreen","Odd Mushroom","downfall:HeartBlessingBlue","War Paint","SpikesRelics:ToyHorsey"],"acts_visited":["Exordium","TheCity"],"potions_floor_usage":[11,15],"damage_taken":[{"damage":0,"enemies":"Cultist","floor":2,"turns":1},{"damage":0,"enemies":"2 Louse","floor":3,"turns":1},{"damage":0,"enemies":"Small Slimes","floor":4,"turns":1},{"damage":63,"enemies":"Gremlin Nob","floor":8,"turns":6},{"damage":2,"enemies":"Exordium Wildlife","floor":9,"turns":4},{"damage":7,"enemies":"The Mushroom Lair","floor":11,"turns":4},{"damage":5,"enemies":"downfall:LooterAlt","floor":12,"turns":3},{"damage":0,"enemies":"downfall:FleeingMerchant","floor":14,"turns":4},{"damage":10,"enemies":"Exordium Thugs","floor":15,"turns":5},{"damage":36,"enemies":"IC_STATUS_ARCHETYPE","floor":16,"turns":6},{"damage":23,"enemies":"3 Byrds","floor":19,"turns":6},{"damage":0,"enemies":"Chosen","floor":20,"turns":1},{"damage":2,"enemies":"downfall:FleeingMerchant","floor":21,"turns":4},{"damage":51,"enemies":"Sentry and Sphere","floor":23,"turns":6},{"damage":12,"enemies":"Chosen and Byrds","floor":25,"turns":5},{"damage":23,"enemies":"Book of Stabbing","floor":27,"turns":2}],"seed_played":"6642129098612580558","potions_obtained":[{"floor":9,"key":"LiquidBronze"},{"floor":11,"key":"Dexterity Potion"},{"floor":12,"key":"Ancient Potion"},{"floor":23,"key":"hexamod:SoulburnPotion"}],"is_trial":false,"path_per_floor":["R","M","M","M","?","R","T","E","M","R","?","M","?","$","M","B",null,"R","M","M","$","?","M","T","M","?","E"],"character_chosen":"THE_SPIRIT","items_purchased":["expansioncontent:StudyTheSpire","hexamod:SkipABeat"],"campfire_rested":1,"item_purchase_floors":[14,14],"current_hp_per_floor":[70,70,70,70,70,70,70,14,19,40,40,42,42,42,49,13,70,80,64,64,69,69,25,25,20,20,0,0,0],"gold":133,"neow_bonus":"THREE_ENEMY_KILL","is_daily":false,"chose_seed":false,"campfire_upgraded":3,"win_rate":0.0,"timestamp":1613340788,"path_taken":["R","M","M","?","?","R","T","E","M","R","?","M","?","$","M","BOSS","R","M","M","$","?","M","T","M","?","E"],"items_purchased_type":["Card","Card"],"build_version":"2020-12-22","purchased_purges":0,"victory":false,"max_hp_per_floor":[70,70,70,70,70,70,70,70,70,70,70,70,70,70,70,70,70,80,80,80,80,80,80,80,80,80,80,80,80],"card_choices":[{"not_picked":["hexamod:Firestarter","hexamod:AdvancingGuard"],"picked":"hexamod:FirstSeal","floor":2},{"not_picked":["hexamod:AdvancingGuard","hexamod:FirstSeal"],"picked":"hexamod:GhostShield","floor":3},{"not_picked":["hexamod:SwordOfDarkness","hexamod:HeatMetal"],"picked":"hexamod:GhostLash","floor":4},{"not_picked":["hexamod:RainOfEmbers","hexamod:NightmareStrike"],"picked":"hexamod:GhostOfSpirePresent+1","floor":8},{"not_picked":["hexamod:Rewind","hexamod:ThermalTransfer"],"picked":"hexamod:PhantomFireball","floor":9},{"not_picked":["hexamod:GhostOfSpireFuture+1","hexamod:RecurringNightmare"],"picked":"hexamod:GhostOfSpirePast+1","floor":11},{"not_picked":["hexamod:AdvancingGuard","hexamod:Hexaguard"],"picked":"hexamod:Incineration","floor":12},{"not_picked":["hexamod:Firestarter","hexamod:HeatMetal"],"picked":"hexamod:HexaLevel+1","floor":14},{"not_picked":["hexamod:BurningTouch","hexamod:InspiringFlames"],"picked":"hexamod:SkipABeat","floor":15},{"not_picked":["hexamod:SearingWound","hexamod:ParanormalForm+1"],"picked":"hexamod:TimeWarp","floor":16},{"not_picked":["hexamod:ShieldOfDarkness+1","hexamod:SpectralAdrenaline"],"picked":"hexamod:FastForward+1","floor":19},{"not_picked":["hexamod:NightmareGuise","hexamod:GhostShield+1","hexamod:HeatMetal+1"],"picked":"SKIP","floor":20},{"not_picked":["hexamod:ChargedBarrage","hexamod:ShieldOfDarkness+1"],"picked":"hexamod:GhostLash+1","floor":21},{"not_picked":["hexamod:ThermalTransfer","hexamod:SkipABeat"],"picked":"hexamod:SecondSeal","floor":23},{"not_picked":["hexamod:ChargedBarrage","hexamod:TimeWarp"],"picked":"hexamod:ThirdSeal","floor":25}],"player_experience":505583,"relics_obtained":[{"floor":8,"key":"Frozen Egg 2"},{"floor":11,"key":"Odd Mushroom"},{"floor":24,"key":"War Paint"}],"event_choices":[{"damage_healed":0,"gold_gain":0,"player_choice":"Fought Mushrooms","damage_taken":0,"max_hp_gain":0,"max_hp_loss":0,"event_name":"Mushrooms","floor":11,"gold_loss":0},{"damage_healed":0,"gold_gain":0,"player_choice":"Ignored","damage_taken":0,"max_hp_gain":0,"max_hp_loss":0,"event_name":"Vampires","floor":22,"gold_loss":0}],"is_beta":false,"boss_relics":[{"not_picked":["Busted Crown","Tiny House"],"picked":"hexamod:UnbrokenSoul"}],"items_purged_floors":[],"is_endless":false,"potions_floor_spawned":[9,11,12,23],"killed_by":"Book of Stabbing","ascension_level":0}}