{"host":"684z1xpuwaoqmmh1","time":1613315229,"event":{"mods":["A Magickal Journey","BaseMod","Downfall","Hermit","Jorbs\u0027s Wanderer Trilogy","Marisa????????","Minty Spire (QoL Compilation)","Robot Space Explorer","Shade Mod","StSLib","The Bug Knight","The Dragon Tamer","The Elementalist","The Hayseed","The Hierophant","The Marked","The Mystic","The Runesmith","The Saiyan","The Senshi","The Spell Scribe","The Vixen","TheBandit","TheFirefly"],"gold_per_floor":[110,121,121,135,135,165,177,203,230,247,266,18,57,78,78,158,167,187,211,235,256,256,299,316,357,382,410,437,446,446,468,468,468,468],"floor_reached":33,"language":"ENG","playtime":3080,"items_purged":["theSenshi:SailorKick"],"score":649,"play_id":"cfb31b2b-add1-4291-b6a9-e62adf585211","local_time":"20210214170709","is_ascension_mode":true,"campfire_choices":[{"data":"theSenshi:TuxedoMaskAssists","floor":15,"key":"SMITH"},{"data":"theSenshi:MoonPrincessHalation","floor":32,"key":"SMITH"}],"circlet_count":0,"master_deck":["AscendersBane","theSenshi:SailorKick","theSenshi:SailorKick","theSenshi:SailorKick","theSenshi:SailorBlock","theSenshi:SailorBlock","theSenshi:SailorBlock","theSenshi:SailorBlock+1","theSenshi:RoseThrow","theSenshi:MoonPrismPowerMakeUp","theSenshi:SailorJupiterAssists","theSenshi:SailorV","theSenshi:SailorMercuryAssists+1","theSenshi:SaturnsMystery","theSenshi:UranusStrength","theSenshi:MoonHealingEscalation","theSenshi:MoonPrincessHalation+1","theSenshi:TuxedoMaskAssists+1","theSenshi:LunaSensingAllies","theSenshi:SailorSaturnAssists","CurseOfTheBell","theSenshi:TuxedoSmokingBomber","theSenshi:WarriorOfTheMoon","theSenshi:SailorChibiMoonAssists","theSenshi:SailorMarsAssists","theSenshi:InTheNameOfTheMoon+1","theSenshi:SailorPlanetAttack","theSenshi:MoonCrisisMakeUp","theSenshi:MoonGorgeousMeditation"],"relics":["theSenshi:TransformationBroochRelic","NeowsBlessing","HollowMod:LifeEnderRelic","Nunchaku","CeramicFish","Lantern","Bag of Marbles","Calling Bell","Bag of Preparation","Shuriken","hexamod:Sixitude","Art of War","Toxic Egg 2","theSenshi:CrystalStarRelic"],"acts_visited":["Exordium","TheCity"],"potions_floor_usage":[6,6,11,13,20,21,25],"damage_taken":[{"damage":0,"enemies":"Cultist","floor":1,"turns":1},{"damage":0,"enemies":"2 Louse","floor":2,"turns":1},{"damage":0,"enemies":"Jaw Worm","floor":4,"turns":1},{"damage":19,"enemies":"Gremlin Nob","floor":6,"turns":4},{"damage":3,"enemies":"2 Fungi Beasts","floor":7,"turns":4},{"damage":36,"enemies":"3 Sentries","floor":8,"turns":14},{"damage":31,"enemies":"Large Slime","floor":10,"turns":9},{"damage":18,"enemies":"3 Louse","floor":11,"turns":28},{"damage":4,"enemies":"Lagavulin","floor":13,"turns":8},{"damage":14,"enemies":"Red Slaver","floor":14,"turns":6},{"damage":56,"enemies":"Slime Boss","floor":16,"turns":19},{"damage":10,"enemies":"Spheric Guardian","floor":18,"turns":4},{"damage":7,"enemies":"Shell Parasite","floor":19,"turns":6},{"damage":27,"enemies":"3 Cultists","floor":20,"turns":6},{"damage":17,"enemies":"Snake Plant","floor":21,"turns":6},{"damage":9,"enemies":"HollowMod:Nosk","floor":23,"turns":8},{"damage":52,"enemies":"Snecko","floor":24,"turns":9},{"damage":25,"enemies":"Book of Stabbing","floor":25,"turns":7},{"damage":49,"enemies":"Gremlin Leader","floor":27,"turns":9},{"damage":26,"enemies":"Cultist and Chosen","floor":28,"turns":6},{"damage":0,"enemies":"Centurion and Healer","floor":31,"turns":5},{"damage":111,"enemies":"Champ","floor":33,"turns":15}],"seed_played":"-1114869674047067298","potions_obtained":[{"floor":2,"key":"bronze:BurnAndBuffPotion"},{"floor":4,"key":"DistilledChaos"},{"floor":6,"key":"champ:CounterPotion"},{"floor":10,"key":"Regen Potion"},{"floor":13,"key":"hexamod:SoulburnPotion"},{"floor":14,"key":"Energy Potion"},{"floor":24,"key":"DuplicationPotion"},{"floor":25,"key":"CultistPotion"},{"floor":27,"key":"BlessingOfTheForge"}],"is_trial":false,"path_per_floor":["M","M","?","M","?","E","M","E","T","M","M","$","E","M","R","B",null,"M","M","M","M","?","E","M","E","T","E","M","?","?","M","R","B"],"character_chosen":"THE_SENSHI","items_purchased":["Lantern"],"campfire_rested":0,"item_purchase_floors":[12],"current_hp_per_floor":[68,68,68,68,45,38,45,24,24,18,75,75,71,66,66,29,64,64,67,53,58,58,69,40,49,49,34,44,44,75,75,75,0,0],"gold":468,"neow_bonus":"THREE_ENEMY_KILL","is_daily":false,"chose_seed":false,"campfire_upgraded":2,"win_rate":0.0,"timestamp":1613315229,"path_taken":["M","?","?","?","?","E","M","E","T","M","M","?","E","M","R","BOSS","M","?","M","M","?","E","M","E","T","E","M","?","?","M","R","BOSS"],"items_purchased_type":["Relic"],"build_version":"2020-12-22","purchased_purges":1,"victory":false,"max_hp_per_floor":[75,75,75,75,75,75,75,75,75,75,75,75,75,75,75,75,75,75,75,75,75,75,75,75,75,75,75,75,75,75,75,75,75,75],"card_choices":[{"not_picked":["theSenshi:TuxedoSmokingBomber","theSenshi:MoonTiaraMagic"],"picked":"theSenshi:SailorJupiterAssists","floor":1},{"not_picked":["theSenshi:SailorVenusAssists","theSenshi:MoonPower"],"picked":"theSenshi:SailorV","floor":2},{"not_picked":["theSenshi:SupersonicWaves","theSenshi:MoonsReflection"],"picked":"theSenshi:SaturnsMystery","floor":4},{"not_picked":["theSenshi:TallSilhouette","theSenshi:SailorMarsAssists"],"picked":"theSenshi:UranusStrength","floor":6},{"not_picked":["theSenshi:RainbowMoonHeartAche","theSenshi:SchoolBag","theSenshi:LateForSchool"],"picked":"SKIP","floor":7},{"not_picked":["theSenshi:MoonPower","theSenshi:MoonsReflection"],"picked":"theSenshi:MoonHealingEscalation","floor":8},{"not_picked":["theSenshi:RainbowMoonHeartAche","theSenshi:Sidestep","theSenshi:TallSilhouette"],"picked":"SKIP","floor":10},{"not_picked":["theSenshi:SteeledNerves","theSenshi:MoonKick"],"picked":"theSenshi:MoonPrincessHalation","floor":11},{"not_picked":["theSenshi:MarsPride","theSenshi:RainbowMoonHeartAche"],"picked":"theSenshi:TuxedoMaskAssists","floor":13},{"not_picked":["theSenshi:MoonsReflection","theSenshi:TallSilhouette"],"picked":"theSenshi:LunaSensingAllies","floor":14},{"not_picked":["theSenshi:FatedKiss","theSenshi:StarlightHoneymoonTherapyKiss"],"picked":"theSenshi:SailorSaturnAssists","floor":16},{"not_picked":["theSenshi:MoonPower","theSenshi:TallSilhouette","theSenshi:Sidestep"],"picked":"SKIP","floor":18},{"not_picked":["theSenshi:SailorPlanetPower","theSenshi:Overload"],"picked":"theSenshi:TuxedoSmokingBomber","floor":19},{"not_picked":["theSenshi:UranusStrength+1","theSenshi:SailorChibiMoonAssists"],"picked":"theSenshi:WarriorOfTheMoon","floor":20},{"not_picked":["theSenshi:MoonPower+1","theSenshi:SailorNeptuneAssists"],"picked":"theSenshi:SailorChibiMoonAssists","floor":21},{"not_picked":["theSenshi:Sidestep","theSenshi:MoonSpiralHeartAttack"],"picked":"theSenshi:SailorMarsAssists","floor":23},{"not_picked":["theSenshi:TallSilhouette","theSenshi:EncouragingSpeech","theSenshi:SchoolBag"],"picked":"SKIP","floor":24},{"not_picked":["theSenshi:SailorMercuryAssists+1","theSenshi:TuxedoSmokingBomber"],"picked":"theSenshi:InTheNameOfTheMoon+1","floor":25},{"not_picked":["theSenshi:MoonSpiralHeartAttack","theSenshi:Sidestep+1","theSenshi:SupersonicWaves"],"picked":"SKIP","floor":27},{"not_picked":["theSenshi:MoonPunch+1","theSenshi:LunasBite"],"picked":"theSenshi:SailorPlanetAttack","floor":28},{"not_picked":["theSenshi:TallSilhouette+1","theSenshi:HesSoDreamy+1"],"picked":"theSenshi:MoonGorgeousMeditation","floor":31}],"player_experience":3281466,"relics_obtained":[{"floor":6,"key":"HollowMod:LifeEnderRelic"},{"floor":8,"key":"Nunchaku"},{"floor":9,"key":"CeramicFish"},{"floor":13,"key":"Bag of Marbles"},{"floor":17,"key":"Bag of Preparation"},{"floor":17,"key":"Shuriken"},{"floor":17,"key":"hexamod:Sixitude"},{"floor":23,"key":"Art of War"},{"floor":25,"key":"Toxic Egg 2"},{"floor":27,"key":"theSenshi:CrystalStarRelic"}],"event_choices":[{"damage_healed":0,"gold_gain":0,"player_choice":"1 cards matched","damage_taken":0,"max_hp_gain":0,"max_hp_loss":0,"event_name":"Match and Keep!","floor":3,"gold_loss":0,"cards_obtained":["theSenshi:SailorMercuryAssists"]},{"damage_healed":0,"gold_gain":0,"player_choice":"Entered Light","damage_taken":23,"max_hp_gain":0,"max_hp_loss":0,"event_name":"Shining Light","floor":5,"gold_loss":0,"cards_upgraded":["theSenshi:SailorMercuryAssists","theSenshi:SailorBlock"]},{"damage_healed":0,"gold_gain":0,"player_choice":"Ignored","damage_taken":0,"max_hp_gain":0,"max_hp_loss":0,"event_name":"Vampires","floor":22,"gold_loss":0},{"damage_healed":0,"gold_gain":0,"player_choice":"Read","damage_taken":0,"max_hp_gain":0,"max_hp_loss":0,"event_name":"The Library","floor":29,"gold_loss":0,"cards_obtained":["theSenshi:MoonCrisisMakeUp"]},{"damage_healed":31,"gold_gain":0,"player_choice":"Full Heal","damage_taken":0,"max_hp_gain":0,"max_hp_loss":0,"event_name":"Wheel of Change","floor":30,"gold_loss":0}],"is_beta":false,"boss_relics":[{"not_picked":["Snecko Eye","SacredBark"],"picked":"Calling Bell"}],"items_purged_floors":[12],"is_endless":false,"potions_floor_spawned":[2,4,6,10,13,14,24,25,27,31],"killed_by":"Champ","ascension_level":19}}