{"host":"q57ekfojy3i00x9o","time":1613316432,"event":{"mods":["Act Like it!","Arknights","Aspiration","BaseMod","Colored Map","Energized Spire","Hermit","Minty Spire (QoL Compilation)","Quick Restart","Spicy Shops","Spikes Relics","StSLib","slay the spire mod where everything is the same but ironclad has a cowboy hat"],"gold_per_floor":[118,118,135,153,9,9,37,37,62,93,112,112,112,112,112,112,112],"floor_reached":16,"language":"RUS","playtime":209,"items_purged":[],"score":167,"play_id":"3cd1cf92-10c4-4b39-8015-14ec6f333df8","local_time":"20210214202712","is_ascension_mode":true,"campfire_choices":[{"data":"ats:Closed Bolt Burst Fire","floor":6,"key":"SMITH"},{"data":"ats:Consecutive Shot Auto","floor":8,"key":"SMITH"},{"floor":15,"key":"REST"}],"circlet_count":0,"master_deck":["AscendersBane","ats:Strike C","ats:Strike S","ats:Strike V","ats:Armor Crushing Shot","ats:Defend","ats:Defend","ats:Defend","ats:Defend","ats:Emotion Absorption","ats:Mental Burst","ats:Consecutive Shot Auto+1","ats:Closed Bolt Burst Fire+1","ats:Leaping Hammer","ats:Flexible Camouflage+1","ats:Sword Rain","ats:Red Shift"],"relics":["ats:Sanity","NeowsBlessing","ats:Snipe","ats:Originium","Dream Catcher","Strawberry","SpikesRelics:ToyHorsey","Art of War","Golden Idol"],"acts_visited":["Exordium"],"potions_floor_usage":[7,16],"damage_taken":[{"damage":0,"enemies":"Cultist","floor":1,"turns":1},{"damage":0,"enemies":"Small Slimes","floor":3,"turns":1},{"damage":0,"enemies":"2 Louse","floor":4,"turns":1},{"damage":35,"enemies":"Lagavulin","floor":7,"turns":6},{"damage":30,"enemies":"3 Sentries","floor":10,"turns":5},{"damage":3,"enemies":"Blue Slaver","floor":11,"turns":2},{"damage":28,"enemies":"The Guardian","floor":16,"turns":3}],"seed_played":"-7361840212842628676","potions_obtained":[{"floor":1,"key":"ats:Emergency Sanity Potion"},{"floor":4,"key":"ats:Top Emergency Sanity Potion"},{"floor":10,"key":"LiquidMemories"}],"is_trial":false,"path_per_floor":["M","?","M","M","$","R","E","R","T","E","M","?","?","?","R","B"],"character_chosen":"DOCTOR_CLASS","items_purchased":["ats:Snipe"],"campfire_rested":1,"item_purchase_floors":[5],"current_hp_per_floor":[65,65,65,65,65,65,30,30,37,7,4,1,1,1,22,0,0],"gold":112,"neow_bonus":"THREE_ENEMY_KILL","is_daily":false,"chose_seed":false,"campfire_upgraded":2,"win_rate":0.0,"timestamp":1613316432,"path_taken":["M","?","M","?","?","R","E","R","T","E","M","?","?","?","R","BOSS"],"items_purchased_type":["Relic"],"build_version":"2020-12-22","purchased_purges":0,"victory":false,"max_hp_per_floor":[72,72,72,72,72,72,72,72,79,79,79,79,79,73,73,73,73],"card_choices":[{"not_picked":["ats:Shadow Raid","ats:Burning Ground"],"picked":"ats:Mental Burst","floor":1},{"not_picked":["ats:Assault Order","ats:Spore Proliferation"],"picked":"ats:Consecutive Shot Auto","floor":3},{"not_picked":["ats:Ignite","ats:Neurotoxin"],"picked":"ats:Closed Bolt Burst Fire","floor":4},{"not_picked":["ats:Healing Strengthening","ats:Healing Drone"],"picked":"ats:Leaping Hammer","floor":7},{"not_picked":["ats:Guard Mode","ats:Blood Oath"],"picked":"ats:Flexible Camouflage","floor":10},{"not_picked":["ats:Volcano","ats:Ignite"],"picked":"ats:Sword Rain","floor":11},{"not_picked":["ats:Guardian Obelisk","ats:Flexible Camouflage"],"picked":"ats:Red Shift","floor":15}],"player_experience":771149,"relics_obtained":[{"floor":7,"key":"ats:Originium"},{"floor":7,"key":"Dream Catcher"},{"floor":9,"key":"Strawberry"},{"floor":10,"key":"ats:Originium"},{"floor":10,"key":"SpikesRelics:ToyHorsey"}],"event_choices":[{"cards_removed":["ats:Strike G"],"damage_healed":0,"gold_gain":0,"player_choice":"Purged","damage_taken":0,"max_hp_gain":0,"max_hp_loss":0,"event_name":"Purifier","floor":2,"gold_loss":0},{"damage_healed":0,"gold_gain":0,"player_choice":"Success","damage_taken":3,"relics_obtained":["Art of War"],"max_hp_gain":0,"max_hp_loss":0,"event_name":"Scrap Ooze","floor":12,"gold_loss":0},{"damage_healed":0,"gold_gain":0,"player_choice":"Grow","damage_taken":0,"max_hp_gain":0,"max_hp_loss":0,"event_name":"Living Wall","floor":13,"gold_loss":0,"cards_upgraded":["ats:Flexible Camouflage"]},{"damage_healed":0,"gold_gain":0,"player_choice":"Lose Max HP","damage_taken":0,"relics_obtained":["Golden Idol"],"max_hp_gain":0,"max_hp_loss":6,"event_name":"Golden Idol","floor":14,"gold_loss":0}],"is_beta":false,"boss_relics":[],"items_purged_floors":[],"is_endless":false,"potions_floor_spawned":[1,4,10],"killed_by":"The Guardian","ascension_level":11}}