{"host":"qy1e0kd24tpj3i2m","time":1613333572,"event":{"mods":["Act Like it!","BaseMod","Better Skull","Better Vampires","Colored Map","Colored Powertips","Custom Start","Faster Ascension Climbing","Friendly Minions","GifTheSpireLib","Gremlin Skip","Highlight Path","Minty Spire (QoL Compilation)","Permanent Neow","Poor People Problems","Quick Restart","Red Circlet Mod","Relic Filter Mod","Relic Sorter","Reorder Act Four","SacredBarkPlus","Shop Mod","StSLib","SuperFastMode","Transform Curses","没有小屋子和绿帽子啦"],"gold_per_floor":[116,116,116,191,191,203,229,256,295,318,330,362,384,396,396],"floor_reached":14,"language":"ZHS","playtime":870,"items_purged":[],"score":164,"play_id":"3586a40e-5223-4b52-9087-8db106334b5e","local_time":"20210215051252","is_ascension_mode":true,"campfire_choices":[{"data":"Mayhem","floor":6,"key":"SMITH"},{"data":"Entrench","floor":11,"key":"SMITH"}],"circlet_count":0,"master_deck":["AscendersBane","Strike_R","Strike_R","Strike_R","Strike_R","Strike_R","Defend_R","Defend_R","Defend_R","Defend_R","Bash","Mayhem+1","Flame Barrier","Regret","Feel No Pain","Spot Weakness","Entrench+1","Iron Wave","Flex"],"relics":["Burning Blood","Eternal Feather","MawBank"],"acts_visited":["Exordium"],"potions_floor_usage":[10,14],"damage_taken":[{"damage":4.0,"enemies":"Small Slimes","floor":1.0,"turns":5.0},{"damage":4,"enemies":"2 Louse","floor":7,"turns":4},{"damage":12,"enemies":"Jaw Worm","floor":8,"turns":5},{"damage":18,"enemies":"2 Fungi Beasts","floor":10,"turns":4},{"damage":30,"enemies":"Large Slime","floor":12,"turns":8},{"damage":10,"enemies":"Blue Slaver","floor":13,"turns":4},{"damage":22,"enemies":"3 Sentries","floor":14,"turns":6}],"seed_played":"8385407103365217448","potions_obtained":[{"floor":1.0,"key":"Energy Potion"},{"floor":12,"key":"BloodPotion"}],"is_trial":false,"path_per_floor":["M","?","?","?","?","R","M","M","T","M","R","M","M","E"],"character_chosen":"IRONCLAD","items_purchased":[],"campfire_rested":0,"item_purchase_floors":[],"current_hp_per_floor":[68,68,68,57,39,45,47,41,41,29,38,14,10,1,1],"gold":396,"neow_bonus":"RANDOM_COLORLESS_2","is_daily":false,"chose_seed":false,"campfire_upgraded":2,"win_rate":0.0,"timestamp":1613333572,"path_taken":["M","?","?","?","?","R","M","M","T","?","R","M","M","E"],"items_purchased_type":[],"build_version":"2020-12-22","purchased_purges":0,"victory":false,"max_hp_per_floor":[68,68,68,68,68,68,68,68,68,68,68,68,68,68,68],"card_choices":[{"not_picked":["Metamorphosis","Magnetism"],"picked":"Mayhem","floor":0.0},{"not_picked":["Headbutt","Bloodletting"],"picked":"Flame Barrier","floor":1.0},{"not_picked":["Flex","Blood for Blood"],"picked":"Feel No Pain","floor":7},{"not_picked":["Twin Strike","Perfected Strike"],"picked":"Spot Weakness","floor":8},{"not_picked":["Iron Wave","Disarm"],"picked":"Entrench","floor":10},{"not_picked":["Bloodletting","Clothesline"],"picked":"Iron Wave","floor":12},{"not_picked":["Sword Boomerang","Perfected Strike"],"picked":"Flex","floor":13}],"player_experience":1038032,"relics_obtained":[],"event_choices":[{"damage_healed":0,"gold_gain":0,"player_choice":"Ignored","damage_taken":0,"max_hp_gain":0,"max_hp_loss":0,"event_name":"Shining Light","floor":2,"gold_loss":0},{"damage_healed":0,"gold_gain":0,"player_choice":"Box","damage_taken":0,"relics_obtained":["Eternal Feather"],"max_hp_gain":0,"max_hp_loss":0,"event_name":"Big Fish","floor":3,"gold_loss":0,"cards_obtained":["Regret"]},{"damage_healed":0,"gold_gain":75,"player_choice":"Gather Gold","damage_taken":11,"max_hp_gain":0,"max_hp_loss":0,"event_name":"World of Goop","floor":4,"gold_loss":0},{"damage_healed":0,"gold_gain":0,"player_choice":"Success","damage_taken":18,"relics_obtained":["MawBank"],"max_hp_gain":0,"max_hp_loss":0,"event_name":"Scrap Ooze","floor":5,"gold_loss":0}],"is_beta":false,"boss_relics":[],"items_purged_floors":[],"is_endless":false,"potions_floor_spawned":[1,12],"killed_by":"3 Sentries","ascension_level":20}}