{"host":"lv7etzzgwahaenh9","time":1613329309,"event":{"mods":["AchievementEnabler","BaseMod","Colored Map","Colored Powertips","Highlight Path","Minty Spire (QoL Compilation)","Permanent Neow","Quick Restart","Random Character Button","StSLib"],"gold_per_floor":[18,29,29,53,77,77,418,418,498,463,463,499,499,196,196,320,320,336,336,6,50,70,101,125,125,125,125,166,187,187,187,187,306,306,355,448,72,121,170,186,186,186],"floor_reached":41,"language":"ENG","playtime":2152,"items_purged":["Writhe"],"score":755,"play_id":"ce8eb151-a11d-41ef-8bfc-18f32ff07ae5","local_time":"20210214110149","is_ascension_mode":true,"campfire_choices":[{"data":"ForeignInfluence","floor":6.0,"key":"SMITH"},{"data":"LessonLearned","floor":8,"key":"SMITH"},{"data":"BowlingBash","floor":11,"key":"SMITH"},{"data":"DevaForm","floor":13,"key":"SMITH"},{"data":"Vigilance","floor":15,"key":"SMITH"},{"data":"CrushJoints","floor":25,"key":"SMITH"},{"data":"Wallop","floor":27,"key":"SMITH"},{"data":"Wish","floor":30,"key":"SMITH"},{"data":"Indignation","floor":32,"key":"SMITH"}],"circlet_count":0,"master_deck":["Strike_P+1","Strike_P+1","Strike_P+1","Defend_P+1","Defend_P+1","Defend_P+1","Defend_P","Eruption+1","Vigilance+1","LessonLearned+1","ForeignInfluence+1","Indignation+1","Halt","WheelKick+1","BowlingBash+1","DevaForm+1","Consecrate+1","Wish+1","SandsOfTime+1","CrushJoints+1","Crescendo+1","Devotion","ThirdEye+1","Wallop+1","ClearTheMind+1","Predator+1","White Noise+1","Panache+1","ThirdEye+1"],"relics":["PureWater","Golden Idol","Old Coin","Sundial","Regal Pillow","Bronze Scales","Orrery","Busted Crown","PrismaticShard","Meat on the Bone","Shuriken","TeardropLocket","Centennial Puzzle","Runic Pyramid","Calipers","Damaru","Strange Spoon"],"acts_visited":["Exordium","TheCity","TheBeyond"],"potions_floor_usage":[16,21,23,28,33,38],"damage_taken":[{"damage":0.0,"enemies":"Jaw Worm","floor":1.0,"turns":2.0},{"damage":0.0,"enemies":"2 Louse","floor":2.0,"turns":2.0},{"damage":0.0,"enemies":"Cultist","floor":4.0,"turns":2.0},{"damage":0.0,"enemies":"2 Fungi Beasts","floor":5.0,"turns":3.0},{"damage":12,"enemies":"3 Sentries","floor":7,"turns":4},{"damage":0,"enemies":"Gremlin Nob","floor":12,"turns":2},{"damage":0,"enemies":"Slime Boss","floor":16,"turns":4},{"damage":0,"enemies":"Shell Parasite","floor":18,"turns":2},{"damage":0,"enemies":"Chosen","floor":21,"turns":4},{"damage":0,"enemies":"3 Cultists","floor":22,"turns":3},{"damage":32,"enemies":"Book of Stabbing","floor":23,"turns":6},{"damage":3,"enemies":"Centurion and Healer","floor":24,"turns":3},{"damage":0,"enemies":"Slavers","floor":28,"turns":2},{"damage":0,"enemies":"Cultist and Chosen","floor":29,"turns":3},{"damage":14,"enemies":"Champ","floor":33,"turns":8},{"damage":11,"enemies":"3 Darklings","floor":35,"turns":2},{"damage":1,"enemies":"Mind Bloom Boss Battle","floor":36,"turns":6},{"damage":5,"enemies":"3 Shapes","floor":38,"turns":4},{"damage":0,"enemies":"Sphere and 2 Shapes","floor":39,"turns":4},{"damage":42,"enemies":"Spire Growth","floor":40,"turns":4},{"damage":0,"enemies":"Nemesis","floor":41,"turns":2}],"seed_played":"-4650783102807068411","potions_obtained":[{"floor":2.0,"key":"Swift Potion"},{"floor":4.0,"key":"CultistPotion"},{"floor":5.0,"key":"Swift Potion"},{"floor":7,"key":"GamblersBrew"},{"floor":16,"key":"PowerPotion"},{"floor":23,"key":"DuplicationPotion"},{"floor":24,"key":"SpeedPotion"},{"floor":36,"key":"Block Potion"}],"is_trial":false,"path_per_floor":["M","M","?","M","M","R","E","R","T","?","R","E","R","$","R","B",null,"M","?","$","M","M","E","M","R","T","R","E","M","R","?","R","B",null,"M","?","$","M","M","M","E"],"character_chosen":"WATCHER","items_purchased":["Bronze Scales","Orrery","PrismaticShard","ThirdEye","Wallop","ClearTheMind","Damaru","Strange Spoon"],"campfire_rested":0,"item_purchase_floors":[14,14,20,20,20,20,37,37],"current_hp_per_floor":[65,65,47,47,47,47,35,35,35,53,53,53,53,53,53,53,67,67,67,67,67,67,35,44,44,44,44,44,44,44,44,44,42,65,54,53,53,48,48,18,18,18],"gold":186,"neow_bonus":"THREE_RARE_CARDS","is_daily":false,"chose_seed":false,"campfire_upgraded":9,"win_rate":0.0,"timestamp":1613329309,"path_taken":["M","M","?","M","M","R","E","R","T","?","R","E","R","?","R","BOSS","M","?","$","M","M","E","?","R","T","R","E","M","R","?","R","BOSS","M","?","$","M","M","M","E"],"items_purchased_type":["Relic","Relic","Relic","Card","Card","Card","Relic","Relic"],"build_version":"2020-12-22","purchased_purges":1,"victory":false,"max_hp_per_floor":[72,72,72,72,72,72,72,72,72,72,72,72,72,72,72,72,72,72,72,72,72,72,72,72,72,72,72,72,72,72,72,72,72,72,72,72,72,72,72,72,72,72],"card_choices":[{"not_picked":["MasterReality","Ragnarok"],"picked":"LessonLearned","floor":0.0},{"not_picked":["CutThroughFate","CarveReality"],"picked":"ForeignInfluence","floor":1.0},{"not_picked":["JustLucky","FlyingSleeves"],"picked":"Indignation","floor":2.0},{"not_picked":["ClearTheMind","Weave"],"picked":"Halt","floor":4.0},{"not_picked":["JustLucky","FollowUp"],"picked":"WheelKick","floor":5.0},{"not_picked":["EmptyFist","Tantrum"],"picked":"BowlingBash","floor":7},{"not_picked":["FlyingSleeves","BowlingBash"],"picked":"DevaForm","floor":12},{"not_picked":["FlyingSleeves","Nirvana"],"picked":"Consecrate","floor":14},{"not_picked":["CutThroughFate","CrushJoints"],"picked":"Wish","floor":14},{"not_picked":["PathToVictory","FlyingSleeves"],"picked":"SandsOfTime","floor":14},{"not_picked":["FlurryOfBlows","Prostrate"],"picked":"CrushJoints","floor":14},{"not_picked":["WheelKick","SignatureMove"],"picked":"Crescendo","floor":14},{"not_picked":["LessonLearned","Judgement"],"picked":"Devotion","floor":16},{"not_picked":["Consecrate"],"picked":"SKIP","floor":18},{"not_picked":["Wild Strike"],"picked":"SKIP","floor":21},{"not_picked":["SashWhip"],"picked":"SKIP","floor":22},{"not_picked":["Dodge and Roll"],"picked":"SKIP","floor":23},{"not_picked":[],"picked":"Predator+1","floor":24},{"not_picked":[],"picked":"White Noise+1","floor":28},{"not_picked":["CrushJoints"],"picked":"SKIP","floor":29},{"not_picked":[],"picked":"Panache","floor":33},{"not_picked":["Coolheaded"],"picked":"SKIP","floor":35},{"not_picked":[],"picked":"ThirdEye+1","floor":36},{"not_picked":["Scrape+1"],"picked":"SKIP","floor":38},{"not_picked":["Halt+1"],"picked":"SKIP","floor":39},{"not_picked":["Consecrate"],"picked":"SKIP","floor":40}],"player_experience":384802,"relics_obtained":[{"floor":7,"key":"Old Coin"},{"floor":9,"key":"Sundial"},{"floor":12,"key":"Regal Pillow"},{"floor":23,"key":"Meat on the Bone"},{"floor":26,"key":"Shuriken"},{"floor":28,"key":"TeardropLocket"},{"floor":36,"key":"Calipers"}],"event_choices":[{"damage_healed":0.0,"max_hp_gain":0.0,"max_hp_loss":0.0,"gold_gain":0.0,"event_name":"Golden Idol","player_choice":"Take Damage","floor":3.0,"gold_loss":0.0,"damage_taken":18.0,"relics_obtained":["Golden Idol"]},{"damage_healed":18,"gold_gain":0,"player_choice":"Healed","damage_taken":0,"max_hp_gain":0,"max_hp_loss":0,"event_name":"The Cleric","floor":10,"gold_loss":35},{"cards_removed":["Strike_P"],"damage_healed":0,"gold_gain":0,"player_choice":"Purged","damage_taken":0,"max_hp_gain":0,"max_hp_loss":0,"event_name":"Purifier","floor":19,"gold_loss":0},{"damage_healed":0,"gold_gain":0,"player_choice":"Opened","damage_taken":0,"relics_obtained":["Centennial Puzzle"],"max_hp_gain":0,"max_hp_loss":0,"event_name":"The Mausoleum","floor":31,"gold_loss":0,"cards_obtained":["Writhe"]},{"damage_healed":0,"gold_gain":0,"player_choice":"Fight","damage_taken":0,"max_hp_gain":0,"max_hp_loss":0,"event_name":"MindBloom","floor":36,"gold_loss":0}],"is_beta":false,"boss_relics":[{"not_picked":["Snecko Eye","SlaversCollar"],"picked":"Busted Crown"},{"not_picked":["VioletLotus","Philosopher\u0027s Stone"],"picked":"Runic Pyramid"}],"items_purged_floors":[37],"is_endless":false,"potions_floor_spawned":[2,4,5,7,16,23,24,36],"killed_by":"Nemesis","ascension_level":7}}