{"host":"l7ku00cw7dmofayg","time":1613288800,"event":{"mods":["ATMod(°¢èªMod)","BaseMod","Dota2Spire","Marisa£¨ìFÓê¡¡Ä§ÀíÉ³£©","Minty Spire (QoL Compilation)","StSLib","The Invoker Mod"],"gold_per_floor":[117,130,130,143,168,212,212,212,212],"floor_reached":8,"language":"ZHS","playtime":217,"items_purged":[],"score":90,"play_id":"fd4a0b56-c50d-426f-8b5b-0b72718718a6","local_time":"20210214154640","is_ascension_mode":true,"campfire_choices":[],"circlet_count":0,"master_deck":["AscendersBane","Strike_MRS","Strike_MRS","Strike_MRS","Strike_MRS","Defend_MRS","Defend_MRS","Defend_MRS","Defend_MRS","MasterSpark","UpSweep","AT_EssenceShift","BlazeAway","GrandCross","PowerUp","ManaConvection","Orbital"],"relics":["MiniHakkero","AT_ATBox","NeowsBlessing","Golden Idol","Bag of Marbles"],"acts_visited":["Exordium"],"potions_floor_usage":[6,8],"damage_taken":[{"damage":0,"enemies":"2 Louse","floor":1,"turns":1},{"damage":0,"enemies":"Small Slimes","floor":2,"turns":1},{"damage":0,"enemies":"Jaw Worm","floor":4,"turns":1},{"damage":15,"enemies":"Large Slime","floor":5,"turns":5},{"damage":46,"enemies":"3 Sentries","floor":6,"turns":7},{"damage":14,"enemies":"Gremlin Nob","floor":8,"turns":2}],"seed_played":"7842898049140962958","potions_obtained":[{"floor":1,"key":"FearPotion"},{"floor":2,"key":"Block Potion"}],"is_trial":false,"path_per_floor":["M","M","?","M","M","E","?","E"],"character_chosen":"MARISA","items_purchased":[],"campfire_rested":0,"item_purchase_floors":[],"current_hp_per_floor":[68,68,68,68,53,7,7,0,0],"gold":212,"neow_bonus":"THREE_ENEMY_KILL","is_daily":false,"chose_seed":false,"campfire_upgraded":0,"win_rate":0.0,"timestamp":1613288800,"path_taken":["M","M","?","M","M","E","?","E"],"items_purchased_type":[],"build_version":"2020-12-22","purchased_purges":0,"victory":false,"max_hp_per_floor":[75,75,69,69,69,69,69,69,69],"card_choices":[{"not_picked":["ChargingUp","OpenUniverse"],"picked":"BlazeAway","floor":1},{"not_picked":["WitchLeyline","LuminesStrike"],"picked":"GrandCross","floor":2},{"not_picked":["DoubleSpark","NonDirectionalLaser"],"picked":"PowerUp","floor":4},{"not_picked":["StarBarrage","SporeBomb"],"picked":"ManaConvection","floor":5},{"not_picked":["Acceleration","PowerUp"],"picked":"Orbital","floor":6}],"player_experience":50336,"relics_obtained":[{"floor":6,"key":"Bag of Marbles"}],"event_choices":[{"damage_healed":0,"gold_gain":0,"player_choice":"Lose Max HP","damage_taken":0,"relics_obtained":["Golden Idol"],"max_hp_gain":0,"max_hp_loss":6,"event_name":"Golden Idol","floor":3,"gold_loss":0},{"damage_healed":0,"gold_gain":0,"player_choice":"Ignored","damage_taken":0,"max_hp_gain":0,"max_hp_loss":0,"event_name":"Shining Light","floor":7,"gold_loss":0}],"is_beta":false,"boss_relics":[],"items_purged_floors":[],"is_endless":false,"potions_floor_spawned":[1,2],"killed_by":"Gremlin Nob","ascension_level":11}}