{"host":"3e3mwsgb9gfqiuxm","time":1613337436,"event":{"mods":["Act Like it!","BaseMod","Colored Map","Colored Powertips","Downfall","Gensokyo","Googly Eyes","Hermit","Hubris","Infinite Spire","Jorbs\u0027s Wanderer Trilogy","Koishi","Marisa????????","Minty Spire (QoL Compilation)","Quick Restart","Rare Cards Sparkle","Reimu??????","Remilia??????","Replay The Spire","Shop Mod","StSLib","SuperFastMode","Td1madao Mod","The Animator","The Bug Knight","The Cursed","The Hierophant","The Servant 0.9.4","everything is the same but u backflip on backflip","slay the spire mod where everything is the same but ironclad has a cowboy hat"],"gold_per_floor":[12,12,12,12,32,61,61],"floor_reached":6,"language":"ENG","playtime":157,"items_purged":[],"score":56,"play_id":"8773d027-518a-4932-b00c-aee1e86f01a5","local_time":"20210214161716","is_ascension_mode":true,"campfire_choices":[],"circlet_count":0,"master_deck":["Strike_MRS","Strike_MRS","Strike_MRS","Strike_MRS","Defend_MRS","Defend_MRS","Defend_MRS","Defend_MRS","MasterSpark","UpSweep","MillisecondPulsars+1","NonDirectionalLaser","MysteriousBeam","MysteriousBeam"],"relics":["MiniHakkero","Gensokyo:PortableGap","infinitespire:Bottled Soul"],"acts_visited":["Gensokyo:Gensokyo"],"potions_floor_usage":[6],"damage_taken":[{"damage":2,"enemies":"Gensokyo:Python","floor":1,"turns":4},{"damage":6,"enemies":"Gensokyo:Gryphon","floor":5,"turns":4},{"damage":10,"enemies":"Gensokyo:Mamizou","floor":6,"turns":6}],"seed_played":"-3634389846161403590","potions_obtained":[{"floor":5,"key":"DuplicationPotion"}],"is_trial":false,"path_per_floor":["M","?","?","?","M","E"],"character_chosen":"MARISA","items_purchased":[],"campfire_rested":0,"item_purchase_floors":[],"current_hp_per_floor":[66,66,66,66,60,50,50],"gold":61,"neow_bonus":"THREE_RARE_CARDS","is_daily":false,"chose_seed":false,"campfire_upgraded":0,"win_rate":0.0,"timestamp":1613337436,"path_taken":["M","?","?","?","?","E"],"items_purchased_type":[],"build_version":"2020-12-22","purchased_purges":0,"victory":false,"max_hp_per_floor":[75,68,68,68,68,68,68],"card_choices":[{"not_picked":["StarDustReverie","FinalSpark"],"picked":"MillisecondPulsars","floor":0},{"not_picked":["NonDirectionalLaser","PowerUp","GravityBeat"],"picked":"SKIP","floor":1},{"not_picked":["PowerUp","GravityBeat"],"picked":"NonDirectionalLaser","floor":1},{"not_picked":["DragonMeteor","SuperPerseids"],"picked":"MysteriousBeam","floor":5},{"not_picked":["UnstableBomb","MagicAbsorber"],"picked":"MysteriousBeam","floor":6}],"player_experience":1402014,"relics_obtained":[{"floor":6,"key":"infinitespire:Bottled Soul"}],"event_choices":[],"is_beta":false,"boss_relics":[],"items_purged_floors":[],"is_endless":false,"potions_floor_spawned":[5],"killed_by":"Gensokyo:Mamizou","ascension_level":7}}