{"host":"c83fcgyuu74iknko","time":1613297541,"event":{"mods":["BaseMod","BetterRewards","Colored Map","Colored Powertips","Minty Spire (QoL Compilation)","Quick Restart","StSLib","The Animator","The Senshi"],"gold_per_floor":[111,111,11,30,50,50,69,69,93,93,110,110,110],"floor_reached":12,"language":"ENG","playtime":727,"items_purged":["Strike_P","Strike_P"],"score":70,"play_id":"34fe21b3-9037-4346-89bb-9480d6cd9893","local_time":"20210214021221","is_ascension_mode":false,"campfire_choices":[{"data":"Perseverance","floor":6,"key":"SMITH"}],"circlet_count":0,"master_deck":["Strike_P","Strike_P","Defend_P","Defend_P","Defend_P","Eruption","Vigilance","Perseverance+1","PathToVictory","PathToVictory"],"relics":["PureWater","Boot","NlothsMask"],"acts_visited":["Exordium"],"potions_floor_usage":[4,7],"damage_taken":[{"damage":1,"enemies":"Cultist","floor":1,"turns":4},{"damage":0,"enemies":"Small Slimes","floor":4,"turns":5},{"damage":10,"enemies":"2 Louse","floor":5,"turns":2},{"damage":13,"enemies":"Lots of Slimes","floor":7,"turns":12},{"damage":0,"enemies":"Large Slime","floor":11,"turns":5},{"damage":48,"enemies":"3 Sentries","floor":12,"turns":12}],"seed_played":"1924397826572884590","potions_obtained":[{"floor":1,"key":"Energy Potion"},{"floor":4,"key":"SpeedPotion"}],"is_trial":false,"path_per_floor":["M","?","$","M","M","R","M","?","T","?","M","E"],"character_chosen":"WATCHER","items_purchased":[],"campfire_rested":0,"item_purchase_floors":[],"current_hp_per_floor":[71,64,64,64,54,54,41,46,46,46,46,0,0],"gold":110,"neow_bonus":"","is_daily":false,"chose_seed":false,"campfire_upgraded":1,"win_rate":0.0,"timestamp":1613297541,"path_taken":["M","?","$","M","M","R","M","?","T","?","?","E"],"items_purchased_type":[],"build_version":"2020-12-22","purchased_purges":2,"victory":false,"max_hp_per_floor":[72,72,72,72,72,72,72,77,77,77,77,77,77],"card_choices":[{"not_picked":["JustLucky","DeceiveReality","Pray"],"picked":"SKIP","floor":1},{"not_picked":["Collect","CrushJoints","Fasting2"],"picked":"SKIP","floor":4},{"not_picked":["Protect","FearNoEvil"],"picked":"PathToVictory","floor":5},{"not_picked":["WheelKick","CutThroughFate","Perseverance"],"picked":"SKIP","floor":7},{"not_picked":["WheelKick","CutThroughFate","Perseverance"],"picked":"SKIP","floor":7},{"not_picked":["CrushJoints","LikeWater"],"picked":"PathToVictory","floor":11}],"player_experience":270049,"relics_obtained":[{"floor":9,"key":"Boot"}],"event_choices":[{"cards_removed":["Defend_P"],"damage_healed":0,"gold_gain":0,"player_choice":"Card Removal","damage_taken":7,"max_hp_gain":0,"max_hp_loss":0,"event_name":"Golden Wing","floor":2,"gold_loss":0},{"damage_healed":0,"gold_gain":0,"player_choice":"Donut","damage_taken":0,"max_hp_gain":5,"max_hp_loss":0,"event_name":"Big Fish","floor":8,"gold_loss":0},{"damage_healed":0,"gold_gain":0,"player_choice":"Trade","damage_taken":0,"relics_obtained":["NlothsMask"],"max_hp_gain":0,"max_hp_loss":0,"event_name":"FaceTrader","floor":10,"gold_loss":0}],"is_beta":false,"boss_relics":[],"items_purged_floors":[0,3],"is_endless":false,"potions_floor_spawned":[1,4],"killed_by":"3 Sentries","ascension_level":0}}