{"host":"y087t2reloz9bi43","time":1613314943,"event":{"mods":["2.2 Compatiblity","AchievementEnabler","Aspiration","BaseMod","Beaked The Cultist","Bestiary","Better Note","Better Vampires","BetterRewards","ChefMod","Clockwork Mod","Colored Map","Colored Powertips","Conspire","Downfall","Ekko","Fireblade Mod","Friendly Minions","GifTheSpireLib","Gold Saver","Gremlin Mod","Halation","Hermit","Hubris","Infinite Spire","Jedi Mod","JesterMod","Jorbs\u0027s Wanderer Trilogy","Mad Scientist","Marisa????????","Mimic Mod","Minty Spire (QoL Compilation)","Permanent Neow","Potionbrewer","Rare Cards Sparkle","Relic Stats","Reliquary","Replay The Spire","Robot Space Explorer","Shade Mod","Shop Mod","StSLib","The Alterego","The Blackbeard","The Bug Knight","The Construct","The Cursed","The Disciple","The Exalted","The Hierophant","The Marked","The Mystic","The Necromancer","The Runesmith","The Senshi","The Servant 0.9.4","TheBandit","TheFirefly","TheHero","TheVacant","Transform Curses","Uncapped","everything is the same but u backflip on backflip","thorton"],"gold_per_floor":[109,127,146,159,174,503,503,521,551,579,579,679,693,728,728,728,728],"floor_reached":16,"language":"ENG","playtime":1841,"items_purged":[],"score":114,"play_id":"f0ccdfe9-fe96-4b4a-a662-85f5fc7e7b73","local_time":"20210214150223","is_ascension_mode":false,"campfire_choices":[{"data":"ekkoTheBoyWhoShatteredTime:HailOfBlades","floor":7,"key":"SMITH"},{"floor":11,"key":"REST"},{"data":"ekkoTheBoyWhoShatteredTime:LevelUp","floor":15,"key":"SMITH"}],"circlet_count":0,"master_deck":["ekkoTheBoyWhoShatteredTime:Strike","ekkoTheBoyWhoShatteredTime:Strike","ekkoTheBoyWhoShatteredTime:Strike","ekkoTheBoyWhoShatteredTime:Strike","ekkoTheBoyWhoShatteredTime:Strike","ekkoTheBoyWhoShatteredTime:Defend","ekkoTheBoyWhoShatteredTime:Defend","ekkoTheBoyWhoShatteredTime:Defend","ekkoTheBoyWhoShatteredTime:Defend","ekkoTheBoyWhoShatteredTime:TimeMaster","ekkoTheBoyWhoShatteredTime:Powered","hubris:Insight","ekkoTheBoyWhoShatteredTime:Greed","ekkoTheBoyWhoShatteredTime:HailOfBlades+1","ekkoTheBoyWhoShatteredTime:MotivateCrowds","ekkoTheBoyWhoShatteredTime:LevelUp+1","ekkoTheBoyWhoShatteredTime:Greed","ekkoTheBoyWhoShatteredTime:CalmingWaves","ekkoTheBoyWhoShatteredTime:Backtrack","ekkoTheBoyWhoShatteredTime:CalmingWaves","ekkoTheBoyWhoShatteredTime:Unchained"],"relics":["ekkoTheBoyWhoShatteredTime:zDriveResonance","Old Coin","reliquary:HotPoker","reliquary:TuningFork"],"acts_visited":["Exordium"],"potions_floor_usage":[6,16,16,16],"damage_taken":[{"damage":0,"enemies":"Small Slimes","floor":1,"turns":3},{"damage":1,"enemies":"Cultist","floor":2,"turns":4},{"damage":4,"enemies":"Jaw Worm","floor":3,"turns":2},{"damage":4,"enemies":"Blue Slaver","floor":4,"turns":2},{"damage":13,"enemies":"Lots of Slimes","floor":5,"turns":5},{"damage":13,"enemies":"3 Sentries","floor":6,"turns":6},{"damage":5,"enemies":"Large Slime","floor":8,"turns":6},{"damage":2,"enemies":"Blue Slaver","floor":9,"turns":6},{"damage":30,"enemies":"Lagavulin","floor":10,"turns":6},{"damage":1,"enemies":"Blue Slaver","floor":13,"turns":3},{"damage":0,"enemies":"3 Louse","floor":14,"turns":8},{"damage":31,"enemies":"The Guardian","floor":16,"turns":10}],"seed_played":"329184133411394613","potions_obtained":[{"floor":2,"key":"potionbrewer:InfectionPotion"},{"floor":3,"key":"Ancient Potion"},{"floor":4,"key":"sneckomod:MuddlingPotion"},{"floor":8,"key":"sneckomod:MuddlingPotion"},{"floor":10,"key":"potionbrewer:NoxiousPotion"}],"is_trial":false,"path_per_floor":["M","M","M","M","M","E","R","M","MIM","E","R","?","M","MIM","R","B"],"character_chosen":"EKKO_THE_BOY_WHO_SHATTERED_TIME","items_purchased":[],"campfire_rested":1,"item_purchase_floors":[],"current_hp_per_floor":[78,77,73,69,56,43,43,38,36,6,29,29,28,28,28,0,0],"gold":728,"neow_bonus":"RANDOM_COLORLESS","is_daily":false,"chose_seed":false,"campfire_upgraded":2,"win_rate":0.0,"timestamp":1613314943,"path_taken":["M","M","M","M","M","E","R","M","MIM","E","R","?","?","?","R","BOSS"],"items_purchased_type":[],"build_version":"2020-12-22","purchased_purges":0,"victory":false,"max_hp_per_floor":[78,78,78,78,78,78,78,78,78,78,78,78,78,78,78,78,78],"relic_stats":{"counters":[12,61],"obtain_stats":[{"reliquary:HotPoker":10,"reliquary:TuningFork":14,"ekkoTheBoyWhoShatteredTime:zDriveResonance":0,"Old Coin":6},{"reliquary:HotPoker":9,"reliquary:TuningFork":11,"ekkoTheBoyWhoShatteredTime:zDriveResonance":0,"Old Coin":6},{"reliquary:HotPoker":40,"reliquary:TuningFork":51,"ekkoTheBoyWhoShatteredTime:zDriveResonance":0,"Old Coin":22}]},"card_choices":[{"not_picked":["Replay:Sssssssssshield","Swift Strike"],"picked":"hubris:Insight","floor":0},{"not_picked":["ekkoTheBoyWhoShatteredTime:ComeAtMe","ekkoTheBoyWhoShatteredTime:Backtrack"],"picked":"ekkoTheBoyWhoShatteredTime:Greed","floor":1},{"not_picked":["ekkoTheBoyWhoShatteredTime:KneeNSwordCombo","ekkoTheBoyWhoShatteredTime:ItemsAfterimage"],"picked":"ekkoTheBoyWhoShatteredTime:HailOfBlades","floor":2},{"not_picked":["ekkoTheBoyWhoShatteredTime:NaggingBlow","ekkoTheBoyWhoShatteredTime:Leap","ekkoTheBoyWhoShatteredTime:AfterimageBait"],"picked":"SKIP","floor":3},{"not_picked":["ekkoTheBoyWhoShatteredTime:Backtrack","ekkoTheBoyWhoShatteredTime:QuickBreak"],"picked":"ekkoTheBoyWhoShatteredTime:MotivateCrowds","floor":4},{"not_picked":["ekkoTheBoyWhoShatteredTime:HauntedAfterimage","ekkoTheBoyWhoShatteredTime:Resocharge"],"picked":"ekkoTheBoyWhoShatteredTime:LevelUp","floor":5},{"not_picked":["ekkoTheBoyWhoShatteredTime:SneakHit","ekkoTheBoyWhoShatteredTime:MicCheck","ekkoTheBoyWhoShatteredTime:FeelIt"],"picked":"SKIP","floor":6},{"not_picked":["ekkoTheBoyWhoShatteredTime:HauntedAfterimage","ekkoTheBoyWhoShatteredTime:AfterimageDualStroke"],"picked":"ekkoTheBoyWhoShatteredTime:Greed","floor":8},{"not_picked":["ekkoTheBoyWhoShatteredTime:NaggingBlow","ekkoTheBoyWhoShatteredTime:Greed"],"picked":"ekkoTheBoyWhoShatteredTime:CalmingWaves","floor":9},{"not_picked":["ekkoTheBoyWhoShatteredTime:Resocharge","ekkoTheBoyWhoShatteredTime:Discharge"],"picked":"ekkoTheBoyWhoShatteredTime:Backtrack","floor":10},{"not_picked":["ekkoTheBoyWhoShatteredTime:TimeRecall","ekkoTheBoyWhoShatteredTime:Disturblast"],"picked":"ekkoTheBoyWhoShatteredTime:CalmingWaves","floor":13},{"not_picked":["ekkoTheBoyWhoShatteredTime:AfterimageHit","ekkoTheBoyWhoShatteredTime:BansheesVeil"],"picked":"ekkoTheBoyWhoShatteredTime:Unchained","floor":14}],"player_experience":490346,"relics_obtained":[{"floor":6,"key":"Old Coin"},{"floor":10,"key":"reliquary:HotPoker"},{"floor":14,"key":"reliquary:TuningFork"}],"event_choices":[{"damage_healed":0,"gold_gain":100,"player_choice":"Pray","damage_taken":0,"max_hp_gain":0,"max_hp_loss":0,"event_name":"Golden Shrine","floor":12,"gold_loss":0}],"is_beta":false,"boss_relics":[],"items_purged_floors":[],"is_endless":false,"potions_floor_spawned":[2,3,4,8,10],"killed_by":"The Guardian","ascension_level":0}}