{"host":"0fd22hpf43j6tvvm","time":1613334614,"event":{"mods":["AchievementEnabler","BaseMod","Colored Map","Minty Spire (QoL Compilation)","Relic Stats"],"gold_per_floor":[12,32,32,32,53,93,93,134,134,59,77,110,123,23,23,143,143,161,161,181,106,106,150,150,181,181,197,197,197,197,197],"floor_reached":30,"language":"ENG","playtime":1809,"items_purged":["Strike_R","Strike_R"],"score":476,"play_id":"60923b45-3ef5-444d-a9ac-d6fccbf44b0e","local_time":"20210214153014","is_ascension_mode":true,"campfire_choices":[{"data":"Twin Strike","floor":7.0,"key":"SMITH"},{"data":"Feed","floor":15.0,"key":"SMITH"},{"data":"True Grit","floor":24.0,"key":"SMITH"}],"circlet_count":0,"master_deck":["Strike_R","Defend_R","Bash","Pommel Strike","Twin Strike+1","Spot Weakness","Metallicize","Power Through","Shrug It Off","Feed+1","Immolate","Hemokinesis+1","True Grit+1","Warcry+1","Shockwave","Infernal Blade"],"relics":["Burning Blood","Golden Idol","Pen Nib","Du-Vu Doll","Meat on the Bone","Lizard Tail","Black Star","Oddly Smooth Stone","Bottled Tornado","Smiling Mask","MealTicket","White Beast Statue","CeramicFish"],"acts_visited":["Exordium","TheCity"],"potions_floor_usage":[30],"damage_taken":[{"damage":11.0,"enemies":"Small Slimes","floor":1.0,"turns":5.0},{"damage":7.0,"enemies":"Jaw Worm","floor":2.0,"turns":3.0},{"damage":1.0,"enemies":"Cultist","floor":5.0,"turns":3.0},{"damage":16.0,"enemies":"Gremlin Nob","floor":6.0,"turns":3.0},{"damage":23.0,"enemies":"3 Sentries","floor":8.0,"turns":7.0},{"damage":20.0,"enemies":"Lots of Slimes","floor":11.0,"turns":4.0},{"damage":13.0,"enemies":"Gremlin Nob","floor":12.0,"turns":4.0},{"damage":9.0,"enemies":"Exordium Thugs","floor":13.0,"turns":3.0},{"damage":14.0,"enemies":"Slime Boss","floor":16.0,"turns":10.0},{"damage":2.0,"enemies":"Chosen","floor":18.0,"turns":6.0},{"damage":9.0,"enemies":"3 Byrds","floor":20.0,"turns":8.0},{"damage":38.0,"enemies":"Slavers","floor":23.0,"turns":4.0},{"damage":8.0,"enemies":"Gremlin Leader","floor":25.0,"turns":7.0},{"damage":19.0,"enemies":"Centurion and Healer","floor":27.0,"turns":8.0},{"damage":116,"enemies":"Book of Stabbing","floor":30,"turns":8}],"seed_played":"-3013416901101170442","potions_obtained":[{"floor":2.0,"key":"Fire Potion"},{"floor":5.0,"key":"Dexterity Potion"},{"floor":8.0,"key":"SpeedPotion"},{"floor":12.0,"key":"BlessingOfTheForge"},{"floor":16.0,"key":"DuplicationPotion"},{"floor":23.0,"key":"Block Potion"},{"floor":27.0,"key":"Block Potion"}],"is_trial":false,"path_per_floor":["M","M","?","?","M","E","R","E","T","$","M","E","M","$","R","B",null,"M","?","M","?","?","E","R","E","T","M","?","?","E"],"character_chosen":"IRONCLAD","items_purchased":[],"campfire_rested":0,"item_purchase_floors":[],"current_hp_per_floor":[67,66,46,46,51,41,41,24,24,24,22,27,36,36,36,44,74,78,78,79,79,79,63,63,61,61,64,64,64,0,0],"gold":197,"neow_bonus":"REMOVE_TWO","is_daily":false,"chose_seed":false,"campfire_upgraded":3,"win_rate":0.0,"timestamp":1613334614,"path_taken":["M","M","?","?","M","E","R","E","T","$","?","E","?","?","R","BOSS","M","?","M","?","?","E","R","E","T","M","?","?","E"],"items_purchased_type":[],"build_version":"2020-12-22","purchased_purges":2,"victory":false,"max_hp_per_floor":[80,80,80,80,80,80,80,80,80,80,80,80,80,80,80,84,84,84,84,88,88,88,92,92,92,92,96,96,96,96,96],"relic_stats":{"Lizard Tail":48,"counters":[15,83],"Golden Idol":84,"CeramicFish":0,"MealTicket":0,"Pen Nib":[9],"Black Star":2,"Smiling Mask":0,"obtain_stats":[{"Golden Idol":3,"CeramicFish":29,"Oddly Smooth Stone":23,"Pen Nib":6,"Bottled Tornado":23,"Smiling Mask":25,"Burning Blood":0,"White Beast Statue":26,"Du-Vu Doll":8,"Lizard Tail":12,"MealTicket":25,"Black Star":17,"Meat on the Bone":9},{"Golden Idol":2,"CeramicFish":14,"Oddly Smooth Stone":12,"Pen Nib":4,"Bottled Tornado":12,"Smiling Mask":13,"Burning Blood":0,"White Beast Statue":13,"Du-Vu Doll":5,"Lizard Tail":7,"MealTicket":13,"Black Star":9,"Meat on the Bone":5},{"Golden Idol":8,"CeramicFish":75,"Oddly Smooth Stone":60,"Pen Nib":14,"Bottled Tornado":60,"Smiling Mask":67,"Burning Blood":0,"White Beast Statue":67,"Du-Vu Doll":21,"Lizard Tail":29,"MealTicket":67,"Black Star":42,"Meat on the Bone":21}],"Burning Blood":84,"Meat on the Bone":72},"card_choices":[{"not_picked":["Intimidate","Power Through"],"picked":"Pommel Strike","floor":1.0},{"not_picked":["Disarm","Intimidate"],"picked":"Twin Strike","floor":2.0},{"not_picked":["Twin Strike","Havoc"],"picked":"Spot Weakness","floor":5.0},{"not_picked":["Combust","Feel No Pain"],"picked":"Metallicize","floor":6.0},{"not_picked":["Iron Wave","Armaments"],"picked":"Power Through","floor":8.0},{"not_picked":["Spot Weakness","Wild Strike"],"picked":"Shrug It Off","floor":11.0},{"not_picked":["Perfected Strike","Dark Embrace","Warcry"],"picked":"SKIP","floor":12.0},{"not_picked":["Bloodletting","Pommel Strike"],"picked":"Feed","floor":13.0},{"not_picked":["Offering","Reaper"],"picked":"Immolate","floor":16.0},{"not_picked":["Anger+1","Perfected Strike","Blood for Blood"],"picked":"SKIP","floor":18.0},{"not_picked":["Heavy Blade","Burning Pact"],"picked":"Hemokinesis+1","floor":20.0},{"not_picked":["Body Slam","Bloodletting"],"picked":"True Grit","floor":23.0},{"not_picked":["Hemokinesis","Bludgeon"],"picked":"Warcry+1","floor":25.0},{"not_picked":["Cleave","Rupture+1"],"picked":"Shockwave","floor":27.0}],"player_experience":569142,"relics_obtained":[{"floor":6.0,"key":"Pen Nib"},{"floor":8.0,"key":"Du-Vu Doll"},{"floor":9.0,"key":"Meat on the Bone"},{"floor":12.0,"key":"Lizard Tail"},{"floor":23.0,"key":"Oddly Smooth Stone"},{"floor":23.0,"key":"Bottled Tornado"},{"floor":25.0,"key":"Smiling Mask"},{"floor":25.0,"key":"MealTicket"},{"floor":26.0,"key":"White Beast Statue"}],"event_choices":[{"damage_healed":0.0,"max_hp_gain":0.0,"max_hp_loss":0.0,"gold_gain":0.0,"event_name":"Golden Idol","player_choice":"Take Damage","floor":3.0,"gold_loss":0.0,"damage_taken":20.0,"relics_obtained":["Golden Idol"]},{"cards_removed":["Strike_R"],"damage_healed":0.0,"max_hp_gain":0.0,"max_hp_loss":0.0,"gold_gain":0.0,"event_name":"Bonfire Elementals","player_choice":"Offered Basic","floor":4.0,"gold_loss":0.0,"damage_taken":0.0},{"cards_removed":["Defend_R"],"damage_healed":0.0,"max_hp_gain":0.0,"max_hp_loss":0.0,"gold_gain":0.0,"event_name":"Back to Basics","player_choice":"Elegance","floor":19.0,"gold_loss":0.0,"damage_taken":0.0},{"cards_removed":["Strike_R"],"damage_healed":0.0,"max_hp_gain":0.0,"max_hp_loss":0.0,"gold_gain":0.0,"event_name":"Beggar","player_choice":"Gave Gold","floor":21.0,"gold_loss":75.0,"damage_taken":0.0},{"damage_healed":0.0,"max_hp_gain":0.0,"max_hp_loss":0.0,"gold_gain":0.0,"event_name":"Vampires","player_choice":"Ignored","floor":22.0,"gold_loss":0.0,"damage_taken":0.0},{"damage_healed":0.0,"max_hp_gain":0.0,"max_hp_loss":0.0,"gold_gain":0.0,"event_name":"The Library","player_choice":"Read","floor":28.0,"gold_loss":0.0,"damage_taken":0.0,"cards_obtained":["Infernal Blade"]},{"damage_healed":0.0,"max_hp_gain":0.0,"max_hp_loss":0.0,"gold_gain":0.0,"event_name":"The Mausoleum","player_choice":"Opened","floor":29.0,"gold_loss":0.0,"damage_taken":0.0,"relics_obtained":["CeramicFish"]}],"is_beta":false,"boss_relics":[{"not_picked":["Pandora\u0027s Box","Astrolabe"],"picked":"Black Star"}],"items_purged_floors":[10,14],"is_endless":false,"potions_floor_spawned":[2,5,8,12,16,18,23,27],"killed_by":"Book of Stabbing","ascension_level":9}}