{"host":"ibgtsljv18d2rnte","time":1613339482,"event":{"mods":["AchievementEnabler","BaseMod","Better Match","Hermit","Koishi","Marisa????????","Minty Spire (QoL Compilation)","Prisma Mod","StSLib","The Marked","The Servant 0.9.4","Waifu the Spire","Yakumo Yukari mod","everything is the same but u backflip on backflip","slay the spire mod where everything is the same but ironclad has a cowboy hat"],"gold_per_floor":[112,112,128,148,159,190,201,201,201,201,21,49,61,236,236,236,236],"floor_reached":16,"language":"ENG","playtime":517,"items_purged":[],"score":134,"play_id":"6f72eac5-52bb-44f1-b025-10a2419ff924","local_time":"20210214145122","is_ascension_mode":true,"campfire_choices":[{"data":"ShatteredReality","floor":8,"key":"SMITH"},{"floor":10,"key":"REST"},{"floor":15,"key":"REST"}],"circlet_count":0,"master_deck":["Strike_S","Strike_S","Strike_S","Strike_S","Defend_S","Defend_S","Defend_S","Defend_S","KidneyShot","Exchange","Rearm","Barrier","ShatteredReality+1","TrueSight","DoubleEdge","Hightail","BottledTime","BestPractice+1","DualDimension","Doubt"],"relics":["Uniform","Bottled Tornado","MealTicket","Frozen Egg 2"],"acts_visited":["Exordium"],"potions_floor_usage":[3,6,6,7,12,12,16],"damage_taken":[{"damage":3,"enemies":"2 Louse","floor":1,"turns":2},{"damage":2,"enemies":"Cultist","floor":3,"turns":4},{"damage":2,"enemies":"Jaw Worm","floor":4,"turns":5},{"damage":5,"enemies":"2 Fungi Beasts","floor":5,"turns":3},{"damage":19,"enemies":"Gremlin Nob","floor":6,"turns":5},{"damage":0,"enemies":"Gremlin Gang","floor":7,"turns":3},{"damage":23,"enemies":"Lagavulin","floor":12,"turns":8},{"damage":12,"enemies":"Looter","floor":13,"turns":3},{"damage":38,"enemies":"The Guardian","floor":16,"turns":3}],"seed_played":"8191838350202140893","potions_obtained":[{"floor":0,"key":"Ancient Potion"},{"floor":0,"key":"LiquidBronze"},{"floor":0,"key":"ColorlessPotion"},{"floor":2,"key":"CultistPotion"},{"floor":2,"key":"Fruit Juice"},{"floor":4,"key":"Fire Potion"},{"floor":6,"key":"SpeedPotion"},{"floor":7,"key":"SteroidPotion"},{"floor":13,"key":"AttackPotion"}],"is_trial":false,"path_per_floor":["M","?","M","M","M","E","M","R","T","R","$","E","M","?","R","B"],"character_chosen":"THE_SERVANT","items_purchased":["MealTicket","BottledTime"],"campfire_rested":2,"item_purchase_floors":[11,11],"current_hp_per_floor":[62,62,65,63,58,39,39,39,39,60,60,37,25,25,46,8,8],"gold":236,"neow_bonus":"THREE_SMALL_POTIONS","is_daily":false,"chose_seed":false,"campfire_upgraded":1,"win_rate":0.0,"timestamp":1613339482,"path_taken":["M","?","?","M","M","E","M","R","T","R","$","E","M","?","R","BOSS"],"items_purchased_type":["Relic","Card"],"build_version":"2020-12-22","purchased_purges":0,"victory":false,"max_hp_per_floor":[65,65,70,70,70,70,70,70,70,70,70,70,70,70,70,70,70],"card_choices":[{"not_picked":["Spin","SurpressingFire"],"picked":"Rearm","floor":1},{"not_picked":["Collapse","Alleviate"],"picked":"Barrier","floor":3},{"not_picked":["FanOfKnives","Rewind"],"picked":"ShatteredReality","floor":4},{"not_picked":["Rewind","FastForward"],"picked":"TrueSight","floor":5},{"not_picked":["Unruled","ForgedInTime"],"picked":"DoubleEdge","floor":6},{"not_picked":["BottledTime","Defy"],"picked":"Hightail","floor":7},{"not_picked":["Advance","Potential"],"picked":"BestPractice+1","floor":12},{"not_picked":["Alleviate","DoubleEdge"],"picked":"DualDimension","floor":13}],"player_experience":115226,"relics_obtained":[{"floor":6,"key":"Bottled Tornado"},{"floor":12,"key":"Frozen Egg 2"}],"event_choices":[{"damage_healed":0,"gold_gain":0,"player_choice":"Got Potions","damage_taken":0,"max_hp_gain":0,"max_hp_loss":0,"event_name":"Lab","floor":2,"gold_loss":0},{"damage_healed":0,"gold_gain":175,"player_choice":"AGREE","damage_taken":0,"max_hp_gain":0,"max_hp_loss":0,"event_name":"Liars Game","floor":14,"gold_loss":0,"cards_obtained":["Doubt"]}],"is_beta":false,"boss_relics":[],"items_purged_floors":[],"is_endless":false,"potions_floor_spawned":[4,6,7,13],"killed_by":"The Guardian","ascension_level":4}}