{"host":"BaronFel","time":1613274690,"event":{"mods":["BaseMod","Filter the Spire","Highlight Path","Minty Spire (QoL Compilation)","Relic Stats","ojb\u0027s Info Mod"],"gold_per_floor":[118,118,132,132,148,148,179,11,11,28,63,63,83,102,102,181,181,200,200,29,45,45,45,61,92,118,147,147,147,181,193,193,267,267,278,278,142,158,174,209,222,255,255,255,255,266,321,353,353,353,353,353,353,44,77,77],"floor_reached":57,"language":"ENG","playtime":10134,"items_purged":["Pain","Strike_R"],"score":2995,"play_id":"8c68bc15-a44f-40a3-b71b-c29b4fa8bc44","local_time":"20210213215130","is_ascension_mode":true,"campfire_choices":[{"data":"Shockwave","floor":6.0,"key":"SMITH"},{"data":"Metamorphosis","floor":12.0,"key":"SMITH"},{"floor":15.0,"key":"REST"},{"data":"Burning Pact","floor":23.0,"key":"SMITH"},{"data":"Spot Weakness","floor":29.0,"key":"SMITH"},{"data":"Corruption","floor":32.0,"key":"SMITH"},{"floor":44.0,"key":"RECALL"},{"floor":49.0,"key":"REST"},{"floor":53.0,"key":"REST"}],"circlet_count":0,"master_deck":["AscendersBane","Strike_R","Strike_R","Strike_R","Strike_R","Defend_R","Defend_R","Defend_R","Defend_R","Bash","Metamorphosis+1","Armaments+1","Shockwave+1","Anger","Exhume","Spot Weakness+1","Shrug It Off","Metallicize","Corruption+1","Burning Pact+1","Reaper","Feel No Pain+1","Fiend Fire","Disarm","Offering","Feel No Pain","Pummel","Dual Wield","True Grit+1","Armaments+1","Feel No Pain","Feel No Pain"],"relics":["Burning Blood","Bird Faced Urn","Sling","TungstenRod","Orichalcum","Runic Pyramid","Nunchaku","Centennial Puzzle","Smiling Mask","Fusion Hammer","WarpedTongs","HornCleat","Mummified Hand","Toxic Egg 2","Incense Burner","Happy Flower","Art of War","Anchor"],"acts_visited":["Exordium","TheCity","TheBeyond","TheEnding"],"potions_floor_usage":[55,56,56],"damage_taken":[{"damage":7.0,"enemies":"Small Slimes","floor":1.0,"turns":4.0},{"damage":2.0,"enemies":"Jaw Worm","floor":3.0,"turns":3.0},{"damage":8.0,"enemies":"Cultist","floor":5.0,"turns":5.0},{"damage":17.0,"enemies":"Lagavulin","floor":7.0,"turns":7.0},{"damage":4.0,"enemies":"Exordium Thugs","floor":10.0,"turns":3.0},{"damage":41.0,"enemies":"Gremlin Nob","floor":11.0,"turns":6.0},{"damage":3.0,"enemies":"Exordium Wildlife","floor":13.0,"turns":3.0},{"damage":3.0,"enemies":"3 Louse","floor":14.0,"turns":4.0},{"damage":18.0,"enemies":"Slime Boss","floor":16.0,"turns":4.0},{"damage":12.0,"enemies":"2 Thieves","floor":18.0,"turns":5.0},{"damage":10.0,"enemies":"Spheric Guardian","floor":21.0,"turns":5.0},{"damage":1.0,"enemies":"Snecko","floor":24.0,"turns":7.0},{"damage":0.0,"enemies":"Gremlin Leader","floor":25.0,"turns":5.0},{"damage":22.0,"enemies":"Slavers","floor":27.0,"turns":4.0},{"damage":18.0,"enemies":"Book of Stabbing","floor":30.0,"turns":4.0},{"damage":33.0,"enemies":"Cultist and Chosen","floor":31.0,"turns":9.0},{"damage":1.0,"enemies":"Automaton","floor":33.0,"turns":7.0},{"damage":10.0,"enemies":"3 Darklings","floor":35.0,"turns":5.0},{"damage":18.0,"enemies":"3 Shapes","floor":38.0,"turns":3.0},{"damage":18.0,"enemies":"Jaw Worm Horde","floor":39.0,"turns":4.0},{"damage":50.0,"enemies":"Reptomancer","floor":40.0,"turns":8.0},{"damage":6.0,"enemies":"Transient","floor":41.0,"turns":6.0},{"damage":5.0,"enemies":"Giant Head","floor":42.0,"turns":7.0},{"damage":5.0,"enemies":"Spire Growth","floor":46.0,"turns":4.0},{"damage":10.0,"enemies":"2 Orb Walkers","floor":47.0,"turns":5.0},{"damage":49.0,"enemies":"Reptomancer","floor":48.0,"turns":6.0},{"damage":28.0,"enemies":"Awakened One","floor":50.0,"turns":14.0},{"damage":8.0,"enemies":"Time Eater","floor":51.0,"turns":8.0},{"damage":22,"enemies":"Shield and Spear","floor":55,"turns":8},{"damage":91,"enemies":"The Heart","floor":56,"turns":12}],"seed_played":"-6028852330457477037","potions_obtained":[{"floor":5.0,"key":"Fire Potion"},{"floor":7.0,"key":"Explosive Potion"},{"floor":10.0,"key":"Weak Potion"},{"floor":14.0,"key":"AttackPotion"},{"floor":18.0,"key":"Explosive Potion"},{"floor":21.0,"key":"SkillPotion"},{"floor":25.0,"key":"Fire Potion"},{"floor":30.0,"key":"Strength Potion"},{"floor":38.0,"key":"EssenceOfSteel"},{"floor":39.0,"key":"Energy Potion"},{"floor":42.0,"key":"GamblersBrew"},{"floor":55,"key":"SkillPotion"}],"is_trial":false,"path_per_floor":["M","?","M","?","M","R","E","$","T","M","E","R","M","M","R","B",null,"M","?","$","M","$","R","M","E","T","E","?","R","E","M","R","B",null,"M","?","$","M","M","E","M","E","T","R","?","M","?","E","R","B","B",null,"R","$","E","B",null],"character_chosen":"IRONCLAD","items_purchased":["Sling","Reaper","Feel No Pain","Block Potion","Art of War","Feel No Pain"],"campfire_rested":3,"item_purchase_floors":[8,20,37,54,54,54],"current_hp_per_floor":[67,67,68,68,66,66,55,55,55,57,22,22,25,28,48,38,61,59,68,68,68,68,68,68,68,68,68,68,68,68,61,61,68,68,68,68,68,62,68,46,68,68,68,68,68,68,68,68,68,68,68,68,68,68,68,41],"gold":77,"neow_bonus":"RANDOM_COLORLESS_2","is_daily":false,"chose_seed":false,"campfire_upgraded":5,"win_rate":0.0,"timestamp":1613274690,"path_taken":["M","?","M","?","M","R","E","$","T","M","E","R","?","M","R","BOSS","M","?","?","M","?","R","?","E","T","E","?","R","E","M","R","BOSS","M","?","$","?","M","E","M","E","T","R","?","M","?","E","R","BOSS","BOSS","R","$","E","BOSS"],"items_purchased_type":["Relic","Card","Card","Potion","Relic","Card"],"build_version":"2020-12-18","purchased_purges":2,"victory":true,"max_hp_per_floor":[68,68,68,68,68,68,68,68,68,68,68,68,68,68,68,68,68,68,68,68,68,68,68,68,68,68,68,68,68,68,68,68,68,68,68,68,68,68,68,68,68,68,68,68,68,68,68,68,68,68,68,68,68,68,68,68],"relic_stats":{"Happy Flower":[14],"counters":[30,175],"Orichalcum":[126],"Smiling Mask":75,"Burning Blood":96,"WarpedTongs":[79],"Nunchaku":[24],"Centennial Puzzle":[48],"Mummified Hand":[42],"Bird Faced Urn":[106],"Art of War":[4],"obtain_stats":[{"Happy Flower":48,"Incense Burner":47,"Orichalcum":11,"Sling":8,"Smiling Mask":30,"Burning Blood":0,"WarpedTongs":36,"Nunchaku":25,"Centennial Puzzle":27,"Anchor":55,"HornCleat":40,"Mummified Hand":42,"Bird Faced Urn":7,"Fusion Hammer":34,"Art of War":54,"Toxic Egg 2":43,"TungstenRod":9,"Runic Pyramid":17},{"Happy Flower":26,"Incense Burner":25,"Orichalcum":6,"Sling":4,"Smiling Mask":15,"Burning Blood":0,"WarpedTongs":18,"Nunchaku":13,"Centennial Puzzle":14,"Anchor":29,"HornCleat":21,"Mummified Hand":23,"Bird Faced Urn":4,"Fusion Hammer":17,"Art of War":28,"Toxic Egg 2":23,"TungstenRod":4,"Runic Pyramid":9},{"Happy Flower":133,"Incense Burner":127,"Orichalcum":28,"Sling":19,"Smiling Mask":69,"Burning Blood":0,"WarpedTongs":90,"Nunchaku":61,"Centennial Puzzle":65,"Anchor":163,"HornCleat":105,"Mummified Hand":118,"Bird Faced Urn":19,"Fusion Hammer":85,"Art of War":155,"Toxic Egg 2":118,"TungstenRod":19,"Runic Pyramid":39}],"TungstenRod":96},"card_choices":[{"not_picked":["Transmutation","Panache"],"picked":"Metamorphosis","floor":0.0},{"not_picked":["Sword Boomerang","Iron Wave"],"picked":"Armaments","floor":1.0},{"not_picked":["Entrench","Headbutt"],"picked":"Shockwave","floor":3.0},{"not_picked":["Rampage","Body Slam"],"picked":"Anger","floor":5.0},{"not_picked":["Anger","Perfected Strike"],"picked":"Exhume","floor":7.0},{"not_picked":["Cleave","Twin Strike"],"picked":"Spot Weakness","floor":10.0},{"not_picked":["Rampage","Wild Strike"],"picked":"Shrug It Off","floor":11.0},{"not_picked":["Body Slam","Power Through","Ghostly Armor"],"picked":"SKIP","floor":13.0},{"not_picked":["Warcry","Wild Strike"],"picked":"Metallicize","floor":14.0},{"not_picked":["Barricade","Double Tap"],"picked":"Corruption","floor":16.0},{"not_picked":["Heavy Blade","Wild Strike"],"picked":"Burning Pact","floor":18.0},{"not_picked":["Sword Boomerang","Clash+1"],"picked":"Feel No Pain+1","floor":21.0},{"not_picked":["Pommel Strike","Sword Boomerang","Wild Strike"],"picked":"SKIP","floor":24.0},{"not_picked":["Clash+1","Flex"],"picked":"Fiend Fire","floor":25.0},{"not_picked":["Searing Blow","Iron Wave","Twin Strike"],"picked":"SKIP","floor":27.0},{"not_picked":["Perfected Strike","True Grit"],"picked":"Disarm","floor":31.0},{"not_picked":["Brutality","Bludgeon"],"picked":"Offering","floor":33.0},{"not_picked":["Seeing Red","True Grit","Fire Breathing"],"picked":"SKIP","floor":35.0},{"not_picked":["Seeing Red","True Grit","Fire Breathing"],"picked":"SKIP","floor":35.0},{"not_picked":["Warcry","Inflame"],"picked":"Pummel","floor":38.0},{"not_picked":["Cleave","Evolve","Rage"],"picked":"SKIP","floor":39.0},{"not_picked":["Sword Boomerang","Cleave","Warcry"],"picked":"SKIP","floor":40.0},{"not_picked":["Armaments","Blood for Blood+1"],"picked":"Dual Wield","floor":41.0},{"not_picked":["Anger","Body Slam","Carnage"],"picked":"SKIP","floor":42.0},{"not_picked":["Clash","Entrench+1"],"picked":"True Grit+1","floor":46.0},{"not_picked":["Rage+1","Demon Form"],"picked":"Armaments+1","floor":48.0},{"not_picked":["Heavy Blade","Warcry+1"],"picked":"Feel No Pain","floor":55}],"player_experience":1147643,"relics_obtained":[{"floor":7.0,"key":"Bird Faced Urn"},{"floor":9.0,"key":"TungstenRod"},{"floor":11.0,"key":"Orichalcum"},{"floor":25.0,"key":"Nunchaku"},{"floor":27.0,"key":"Centennial Puzzle"},{"floor":30.0,"key":"Smiling Mask"},{"floor":40.0,"key":"HornCleat"},{"floor":42.0,"key":"Mummified Hand"},{"floor":43.0,"key":"Toxic Egg 2"},{"floor":47.0,"key":"Incense Burner"},{"floor":48.0,"key":"Happy Flower"},{"floor":55,"key":"Anchor"}],"event_choices":[{"damage_healed":0.0,"max_hp_gain":0.0,"max_hp_loss":0.0,"gold_gain":0.0,"event_name":"Living Wall","player_choice":"Grow","floor":2.0,"gold_loss":0.0,"damage_taken":0.0,"cards_upgraded":["Armaments"]},{"damage_healed":0.0,"max_hp_gain":0.0,"max_hp_loss":0.0,"gold_gain":0.0,"event_name":"Scrap Ooze","player_choice":"Fled","floor":4.0,"gold_loss":0.0,"damage_taken":0.0},{"damage_healed":9.0,"max_hp_gain":0.0,"max_hp_loss":0.0,"gold_gain":0.0,"event_name":"Wheel of Change","player_choice":"Full Heal","floor":19.0,"gold_loss":0.0,"damage_taken":0.0},{"damage_healed":0.0,"max_hp_gain":0.0,"max_hp_loss":0.0,"gold_gain":0.0,"event_name":"Ghosts","player_choice":"Ignored","floor":28.0,"gold_loss":0.0,"damage_taken":0.0},{"damage_healed":0.0,"max_hp_gain":0.0,"max_hp_loss":0.0,"gold_gain":0.0,"event_name":"Accursed Blacksmith","player_choice":"Rummage","floor":36.0,"gold_loss":0.0,"damage_taken":0.0,"relics_obtained":["WarpedTongs"],"cards_obtained":["Pain"]},{"damage_healed":0.0,"max_hp_gain":0.0,"max_hp_loss":0.0,"gold_gain":0.0,"event_name":"Tomb of Lord Red Mask","player_choice":"Ignored","floor":45.0,"gold_loss":0.0,"damage_taken":0.0},{"damage_healed":0.0,"max_hp_gain":0.0,"max_hp_loss":0.0,"gold_gain":0.0,"event_name":"Mysterious Sphere","player_choice":"Fight","floor":47.0,"gold_loss":0.0,"damage_taken":0.0}],"is_beta":true,"boss_relics":[{"not_picked":["Calling Bell","SacredBark"],"picked":"Runic Pyramid"},{"not_picked":["Black Blood","Black Star"],"picked":"Fusion Hammer"}],"items_purged_floors":[37,54],"is_endless":false,"potions_floor_spawned":[5,7,10,14,18,21,25,30,38,39,42,46,47,55],"ascension_level":20}}