{"host":"1avr1135to2copjv","time":1613327520,"event":{"mods":["BaseMod","Colored Map","Colored Powertips","Minty Spire (QoL Compilation)","Relic Stats","StSLib"],"gold_per_floor":[118,6,17,17,17,48,63,74,74,74,87,121,121,131,131,208,208,228,243,168,30,30,30,44,44,44,44,60,73,87,100,100,172,172,186,199,253,271,284,284,313,324,324,21,21,47,63,92,92,92,92],"floor_reached":50,"language":"ENG","playtime":2859,"items_purged":["Strike_R"],"score":1321,"play_id":"f94c9317-ffb3-49ac-bdbb-9189fd44a5a8","local_time":"20210214213200","is_ascension_mode":true,"campfire_choices":[{"data":"Inflame","floor":10,"key":"SMITH"},{"data":"Flame Barrier","floor":13,"key":"SMITH"},{"floor":15,"key":"REST"},{"data":"Feed","floor":23,"key":"SMITH"},{"data":"Uppercut","floor":25,"key":"SMITH"},{"data":"Juggernaut","floor":27,"key":"SMITH"},{"data":"Inflame","floor":32,"key":"SMITH"},{"data":"Power Through","floor":40,"key":"SMITH"},{"floor":45,"key":"RECALL"},{"floor":49,"key":"REST"}],"circlet_count":0,"master_deck":["AscendersBane","Strike_R","Strike_R","Defend_R","Defend_R","Defend_R","Defend_R","Bash","Inflame+1","Flame Barrier+1","Anger","Battle Trance","Blood for Blood","Cleave","Headbutt","Sword Boomerang","Uppercut+1","Feed+1","Heavy Blade+1","Shrug It Off","Barricade","Juggernaut+1","Power Through+1","True Grit","Inflame+1","True Grit+1","Corruption","Fire Breathing","Burning Pact+1","Ghostly Armor+1","Warcry+1","True Grit+1","Ghostly Armor","Sentinel","Decay","Evolve","Shrug It Off"],"relics":["Burning Blood","NeowsBlessing","Bag of Marbles","Mummified Hand","Mercury Hourglass","Cursed Key","Snecko Eye","Champion Belt","Lantern","Toolbox","Orichalcum","Omamori"],"acts_visited":["Exordium","TheCity","TheBeyond"],"potions_floor_usage":[19,37,41,48,50,50],"damage_taken":[{"damage":0,"enemies":"Cultist","floor":1,"turns":1},{"damage":0,"enemies":"Jaw Worm","floor":3,"turns":1},{"damage":0,"enemies":"Gremlin Nob","floor":6,"turns":1},{"damage":6,"enemies":"2 Louse","floor":7,"turns":3},{"damage":17,"enemies":"Exordium Thugs","floor":8,"turns":5},{"damage":6,"enemies":"Looter","floor":11,"turns":3},{"damage":23,"enemies":"Lagavulin","floor":12,"turns":6},{"damage":0,"enemies":"Large Slime","floor":14,"turns":4},{"damage":18,"enemies":"The Guardian","floor":16,"turns":9},{"damage":6,"enemies":"Spheric Guardian","floor":18,"turns":3},{"damage":0,"enemies":"Chosen","floor":19,"turns":2},{"damage":12,"enemies":"Centurion and Healer","floor":24,"turns":5},{"damage":14,"enemies":"3 Cultists","floor":28,"turns":4},{"damage":26,"enemies":"Cultist and Chosen","floor":29,"turns":4},{"damage":0,"enemies":"Centurion and Healer","floor":30,"turns":5},{"damage":30,"enemies":"Snake Plant","floor":31,"turns":5},{"damage":19,"enemies":"Automaton","floor":33,"turns":10},{"damage":3,"enemies":"Orb Walker","floor":35,"turns":2},{"damage":0,"enemies":"3 Shapes","floor":36,"turns":6},{"damage":18,"enemies":"2 Orb Walkers","floor":37,"turns":2},{"damage":26,"enemies":"Spire Growth","floor":38,"turns":4},{"damage":13,"enemies":"Maw","floor":39,"turns":6},{"damage":0,"enemies":"Reptomancer","floor":41,"turns":5},{"damage":15,"enemies":"4 Shapes","floor":42,"turns":4},{"damage":0,"enemies":"Giant Head","floor":46,"turns":6},{"damage":5,"enemies":"Sphere and 2 Shapes","floor":47,"turns":3},{"damage":37,"enemies":"Reptomancer","floor":48,"turns":7},{"damage":129,"enemies":"Awakened One","floor":50,"turns":13}],"seed_played":"3554926299200467974","potions_obtained":[{"floor":1,"key":"ElixirPotion"},{"floor":3,"key":"LiquidMemories"},{"floor":24,"key":"PowerPotion"},{"floor":31,"key":"Dexterity Potion"},{"floor":37,"key":"Swift Potion"},{"floor":42,"key":"Regen Potion"},{"floor":48,"key":"Regen Potion"}],"is_trial":false,"path_per_floor":["M","$","M","?","$","E","M","M","T","R","M","E","R","M","R","B",null,"M","M","?","$","?","R","M","R","T","R","M","M","M","M","R","B",null,"M","M","?","M","M","R","E","M","T","$","R","E","M","E","R","B"],"character_chosen":"IRONCLAD","items_purchased":["Flame Barrier","Shrug It Off","Barricade","Evolve","Toolbox","Shrug It Off"],"campfire_rested":2,"item_purchase_floors":[2,21,21,44,44,44],"current_hp_per_floor":[74,74,75,75,75,75,75,64,64,64,64,47,47,53,75,63,72,75,81,81,81,81,81,79,79,79,79,75,59,69,45,45,36,85,88,98,86,70,67,67,77,72,72,72,72,82,83,67,104,0,0],"gold":92,"neow_bonus":"THREE_ENEMY_KILL","is_daily":false,"chose_seed":false,"campfire_upgraded":7,"win_rate":0.0,"timestamp":1613327520,"path_taken":["M","?","M","?","$","E","?","M","T","R","M","E","R","M","R","BOSS","M","?","?","?","?","R","M","R","T","R","M","M","M","?","R","BOSS","M","M","?","M","M","R","E","M","T","$","R","E","M","E","R","BOSS"],"items_purchased_type":["Card","Card","Card","Card","Relic","Card"],"build_version":"2020-12-22","purchased_purges":1,"victory":false,"max_hp_per_floor":[75,75,75,75,75,75,75,75,75,75,75,75,75,75,75,75,75,78,81,81,81,81,81,85,85,85,85,89,93,97,97,97,101,101,101,105,105,109,113,113,117,121,121,121,121,125,125,125,125,125,125],"relic_stats":{"counters":[28,128],"Mummified Hand":[139],"Snecko Eye":[107,111,112,123],"Champion Belt":[31],"Orichalcum":[0],"Cursed Key":1,"obtain_stats":[{"Lantern":41,"NeowsBlessing":0,"Mummified Hand":9,"Snecko Eye":34,"Toolbox":44,"Bag of Marbles":6,"Omamori":48,"Champion Belt":37,"Orichalcum":46,"Cursed Key":17,"Burning Blood":0,"Mercury Hourglass":12},{"Lantern":23,"NeowsBlessing":0,"Mummified Hand":5,"Snecko Eye":17,"Toolbox":24,"Bag of Marbles":3,"Omamori":27,"Champion Belt":20,"Orichalcum":25,"Cursed Key":9,"Burning Blood":0,"Mercury Hourglass":7},{"Lantern":95,"NeowsBlessing":0,"Mummified Hand":11,"Snecko Eye":70,"Toolbox":99,"Bag of Marbles":3,"Omamori":115,"Champion Belt":80,"Orichalcum":105,"Cursed Key":32,"Burning Blood":0,"Mercury Hourglass":20}],"Burning Blood":148,"Mercury Hourglass":[495]},"card_choices":[{"not_picked":["Bloodletting","Dual Wield"],"picked":"Inflame","floor":1},{"not_picked":["Flex","Seeing Red"],"picked":"Anger","floor":3},{"not_picked":["Evolve","Anger"],"picked":"Battle Trance","floor":6},{"not_picked":["Second Wind","Body Slam"],"picked":"Blood for Blood","floor":7},{"not_picked":["Battle Trance","Bloodletting"],"picked":"Cleave","floor":8},{"not_picked":["Anger","Pommel Strike"],"picked":"Headbutt","floor":11},{"not_picked":["Ghostly Armor","Bloodletting"],"picked":"Sword Boomerang","floor":12},{"not_picked":["Feel No Pain","Heavy Blade"],"picked":"Uppercut","floor":14},{"not_picked":["Impervious","Juggernaut"],"picked":"Feed","floor":16},{"not_picked":["Uppercut+1","Battle Trance"],"picked":"Heavy Blade+1","floor":18},{"not_picked":["Thunderclap","Flex","Sever Soul"],"picked":"SKIP","floor":19},{"not_picked":["Flex","Twin Strike"],"picked":"Juggernaut","floor":24},{"not_picked":["Warcry","Iron Wave"],"picked":"Power Through","floor":28},{"not_picked":["Iron Wave","Clash"],"picked":"True Grit","floor":29},{"not_picked":["True Grit","Sentinel+1"],"picked":"Inflame","floor":30},{"not_picked":["Rupture+1","Clash"],"picked":"True Grit+1","floor":31},{"not_picked":["Fiend Fire","Feed"],"picked":"Corruption","floor":33},{"not_picked":["Intimidate+1","Cleave+1"],"picked":"Fire Breathing","floor":35},{"not_picked":["Metallicize","Cleave"],"picked":"Burning Pact+1","floor":36},{"not_picked":["Iron Wave","Rampage"],"picked":"Ghostly Armor+1","floor":37},{"not_picked":["Sword Boomerang+1","Clash"],"picked":"Warcry+1","floor":38},{"not_picked":["Headbutt","Hemokinesis+1"],"picked":"True Grit+1","floor":39},{"not_picked":["Headbutt","Pommel Strike+1"],"picked":"Ghostly Armor","floor":41},{"not_picked":["Bloodletting+1","Intimidate"],"picked":"Sentinel","floor":42},{"not_picked":["Clothesline+1","Whirlwind","Twin Strike+1"],"picked":"SKIP","floor":46},{"not_picked":["Sword Boomerang+1","True Grit","Heavy Blade"],"picked":"SKIP","floor":47},{"not_picked":["Clash","Headbutt","Immolate"],"picked":"SKIP","floor":48}],"player_experience":1031080,"relics_obtained":[{"floor":6,"key":"Bag of Marbles"},{"floor":9,"key":"Mummified Hand"},{"floor":12,"key":"Mercury Hourglass"},{"floor":37,"key":"Champion Belt"},{"floor":41,"key":"Lantern"},{"floor":46,"key":"Orichalcum"},{"floor":48,"key":"Omamori"}],"event_choices":[{"cards_removed":["Strike_R"],"damage_healed":0,"gold_gain":0,"player_choice":"Card Removal","damage_taken":0,"max_hp_gain":0,"max_hp_loss":0,"event_name":"Wheel of Change","floor":4,"gold_loss":0},{"cards_removed":["Strike_R"],"damage_healed":0,"gold_gain":0,"player_choice":"Gave Gold","damage_taken":0,"max_hp_gain":0,"max_hp_loss":0,"event_name":"Beggar","floor":20,"gold_loss":75},{"damage_healed":0,"gold_gain":0,"player_choice":"Ignored","damage_taken":0,"max_hp_gain":0,"max_hp_loss":0,"event_name":"The Mausoleum","floor":22,"gold_loss":0},{"damage_healed":0,"gold_gain":0,"player_choice":"Fight","damage_taken":0,"max_hp_gain":0,"max_hp_loss":0,"event_name":"Mysterious Sphere","floor":37,"gold_loss":0}],"is_beta":false,"boss_relics":[{"not_picked":["Black Star","Calling Bell"],"picked":"Cursed Key"},{"not_picked":["Runic Dome","Coffee Dripper"],"picked":"Snecko Eye"}],"items_purged_floors":[2],"is_endless":false,"potions_floor_spawned":[1,3,7,11,18,24,31,37,42,46,48],"killed_by":"Awakened One","ascension_level":20}}