{"host":"bvp2uifzy1c463d9","time":1613294736,"event":{"mods":["AchievementEnabler","BaseMod","Better Note","Block Reminder","Bossed Relics","ChefMod","Colored Map","Colored Powertips","Energized Spire","Hermit","Highlight Path","Hubris","Infinite Spire","Minty Spire (QoL Compilation)","Random Character Button","Relic Sorter","Relic Stats","Reliquary","Replay The Spire","Robot Space Explorer","StSLib","The Blue Laboratory","The Jungle","The Servant 0.9.4","Wandering Minibosses"],"gold_per_floor":[114,114,130,129,140,140,140,140,140,167,167,193,184,202,202,292,292,264,1002,1002,1016,486,486,517,517,517,535,551,551,562,562,562],"floor_reached":31,"language":"ENG","playtime":1315,"items_purged":["hermit:Feint"],"score":321,"play_id":"a134953e-edbd-4361-ad31-e0a978355137","local_time":"20210214032536","is_ascension_mode":true,"campfire_choices":[{"floor":6,"key":"REST"},{"data":"hermit:Roulette","floor":8,"key":"SMITH"},{"data":"hermit:HighCaliber","floor":11,"key":"SMITH"},{"data":"hermit:CalledShot","floor":15,"key":"SMITH"},{"data":"hermit:BodyArmor","floor":23,"key":"SMITH"},{"floor":25,"key":"REST"},{"data":"hermit:HighNoon","floor":29,"key":"SMITH"}],"circlet_count":0,"master_deck":["hermit:Strike_Hermit+1","hermit:Strike_Hermit","hermit:Strike_Hermit","hermit:Strike_Hermit","hermit:Defend_Hermit","hermit:Defend_Hermit","hermit:Defend_Hermit","hermit:Defend_Hermit","hermit:Snapshot","hermit:Covet+1","hermit:CalledShot+1","hermit:Roulette+1","hermit:Maintenance+1","hermit:HighCaliber+1","hermit:Gambit","hermit:LuckOfTheDraw+1","hermit:BodyArmor+1","hermit:BodyArmor+1","hermit:WideOpen","hermit:HighNoon+1"],"relics":["Ring of Chaos","Du-Vu Doll","hermit:RyeStalk","ReplayTheSpireMod:Lightbulb","Black Star","wanderingMiniBosses:MasterThiefsPresence","infinitespire:PuzzleCube","reliquary:BrokenClock","reliquary:RosewoodLute","Potion Belt","Replay:Mystery Machine","Replay:Accelerometer"],"acts_visited":["Exordium","TheCity"],"potions_floor_usage":[19,24],"damage_taken":[{"damage":7,"enemies":"Small Slimes","floor":1,"turns":2},{"damage":3,"enemies":"2 Louse","floor":3,"turns":2},{"damage":2,"enemies":"Jaw Worm","floor":4,"turns":6},{"damage":8,"enemies":"Looter","floor":5,"turns":4},{"damage":9,"enemies":"Lagavulin","floor":10,"turns":5},{"damage":9,"enemies":"3 Sentries","floor":12,"turns":6},{"damage":0,"enemies":"Lots of Slimes","floor":13,"turns":6},{"damage":0,"enemies":"Exordium Wildlife","floor":14,"turns":2},{"damage":1,"enemies":"Hexaghost","floor":16,"turns":9},{"damage":23,"enemies":"2 Thieves","floor":18,"turns":4},{"damage":24,"enemies":"3 Byrds","floor":19,"turns":6},{"damage":1,"enemies":"Centurion and Healer","floor":21,"turns":6},{"damage":9,"enemies":"Slavers","floor":24,"turns":4},{"damage":20,"enemies":"Snake Plant","floor":27,"turns":3},{"damage":6,"enemies":"Sentry and Sphere","floor":28,"turns":4},{"damage":0,"enemies":"Centurion and Healer","floor":30,"turns":3},{"damage":19,"enemies":"Snake Plant","floor":31,"turns":2}],"seed_played":"-7027555895212727520","potions_obtained":[{"floor":3,"key":"hermit:BlackBile"},{"floor":4,"key":"hermit:Tonic"},{"floor":5,"key":"Death Potion"},{"floor":27,"key":"BlessingOfTheForge"}],"is_trial":false,"path_per_floor":["M","?","M","M","M","R","?","R","T","E","R","E","M","M","R_BF","B",null,"M","M","?","M","$","R","E","R","T","M","M","R","M","M"],"character_chosen":"HERMIT","items_purchased":["infinitespire:PuzzleCube","reliquary:BrokenClock","reliquary:RosewoodLute"],"campfire_rested":2,"item_purchase_floors":[22,22,22],"current_hp_per_floor":[68,53,50,48,40,62,62,62,62,53,53,44,44,44,44,43,75,52,28,28,27,27,27,18,40,40,20,14,14,14,0,0],"gold":562,"neow_bonus":"BOSS_RELIC","is_daily":false,"chose_seed":false,"campfire_upgraded":5,"win_rate":0.0,"timestamp":1613294736,"path_taken":["M","?","M","M","M","R","?","R","T","E","R","E","M","?","R_BF","BOSS","M","M","?","M","$","R","E","R","T","M","M","R","?","M"],"items_purchased_type":["Relic","Relic","Relic"],"build_version":"2020-12-22","purchased_purges":1,"victory":false,"max_hp_per_floor":[75,75,75,75,75,75,75,75,75,75,75,75,75,75,75,75,75,75,75,75,75,75,75,75,75,75,75,75,75,75,75,75],"relic_stats":{"counters":[17,74],"Black Star":1,"obtain_stats":[{"Potion Belt":24,"Replay:Accelerometer":26,"wanderingMiniBosses:MasterThiefsPresence":19,"Ring of Chaos":0,"reliquary:RosewoodLute":22,"Replay:Mystery Machine":24,"Du-Vu Doll":9,"hermit:RyeStalk":10,"Black Star":17,"reliquary:BrokenClock":22,"ReplayTheSpireMod:Lightbulb":12,"hermit:Momento":0,"infinitespire:PuzzleCube":22},{"Potion Belt":13,"Replay:Accelerometer":13,"wanderingMiniBosses:MasterThiefsPresence":11,"Ring of Chaos":0,"reliquary:RosewoodLute":12,"Replay:Mystery Machine":13,"Du-Vu Doll":4,"hermit:RyeStalk":5,"Black Star":9,"reliquary:BrokenClock":12,"ReplayTheSpireMod:Lightbulb":6,"hermit:Momento":0,"infinitespire:PuzzleCube":12},{"Potion Belt":62,"Replay:Accelerometer":62,"wanderingMiniBosses:MasterThiefsPresence":52,"Ring of Chaos":0,"reliquary:RosewoodLute":58,"Replay:Mystery Machine":62,"Du-Vu Doll":14,"hermit:RyeStalk":19,"Black Star":42,"reliquary:BrokenClock":58,"ReplayTheSpireMod:Lightbulb":25,"hermit:Momento":0,"infinitespire:PuzzleCube":58}]},"card_choices":[{"not_picked":["hermit:Manifest","hermit:ItchyTrigger"],"picked":"hermit:Feint","floor":1},{"not_picked":["hermit:Misfire","hermit:TakeAim"],"picked":"hermit:CalledShot","floor":3},{"not_picked":["hermit:Misfire","hermit:Glare"],"picked":"hermit:Roulette","floor":4},{"not_picked":["hermit:Roulette","hermit:Vantage"],"picked":"hermit:Maintenance","floor":5},{"not_picked":["hermit:EternalForm","hermit:Scavenge"],"picked":"hermit:HighCaliber","floor":10},{"not_picked":["hermit:Misfire","hermit:Magnum","hermit:Headshot"],"picked":"SKIP","floor":12},{"not_picked":["hermit:Deadeye","hermit:PistolWhip","hermit:Manifest"],"picked":"SKIP","floor":13},{"not_picked":["hermit:Misfire","hermit:TakeAim","hermit:Snipe"],"picked":"SKIP","floor":14},{"not_picked":["hermit:FatalDesire","hermit:Dissolve"],"picked":"hermit:Gambit","floor":16},{"not_picked":["hermit:Headshot+1","hermit:Manifest"],"picked":"hermit:LuckOfTheDraw","floor":18},{"not_picked":["hermit:NoHoldsBarred+1","hermit:Grudge"],"picked":"hermit:BodyArmor+1","floor":19},{"not_picked":["hermit:Virtue","hermit:Headshot+1"],"picked":"hermit:BodyArmor","floor":21},{"not_picked":["hermit:LuckOfTheDraw","hermit:FullyLoaded","hermit:Coalescence"],"picked":"SKIP","floor":24},{"not_picked":["hermit:Vantage","hermit:Glare"],"picked":"hermit:WideOpen","floor":27},{"not_picked":["hermit:BigShot","hermit:TakeAim"],"picked":"hermit:HighNoon","floor":28},{"not_picked":["hermit:BodyArmor+1","hermit:CalledShot","hermit:LowProfile"],"picked":"SKIP","floor":30}],"player_experience":360402,"relics_obtained":[{"floor":9,"key":"Du-Vu Doll"},{"floor":10,"key":"hermit:RyeStalk"},{"floor":12,"key":"ReplayTheSpireMod:Lightbulb"},{"floor":19,"key":"wanderingMiniBosses:MasterThiefsPresence"},{"floor":24,"key":"Potion Belt"},{"floor":24,"key":"Replay:Mystery Machine"},{"floor":26,"key":"Replay:Accelerometer"}],"event_choices":[{"damage_healed":0,"gold_gain":0,"player_choice":"Entered Light","damage_taken":15,"max_hp_gain":0,"max_hp_loss":0,"event_name":"Shining Light","floor":2,"gold_loss":0,"cards_upgraded":["hermit:Covet","hermit:Strike_Hermit"]},{"damage_healed":0,"gold_gain":0,"player_choice":"Grow","damage_taken":0,"max_hp_gain":0,"max_hp_loss":0,"event_name":"Living Wall","floor":7,"gold_loss":0,"cards_upgraded":["hermit:Maintenance"]},{"damage_healed":0,"gold_gain":0,"player_choice":"Forge","damage_taken":0,"max_hp_gain":0,"max_hp_loss":0,"event_name":"Accursed Blacksmith","floor":20,"gold_loss":0,"cards_upgraded":["hermit:LuckOfTheDraw"]}],"is_beta":false,"boss_relics":[{"not_picked":["energizedSpire:CursedPentagram","Replay:Wanted Poster"],"picked":"Black Star"}],"items_purged_floors":[22],"is_endless":false,"potions_floor_spawned":[3,4,5,13,16,27],"killed_by":"Snake Plant","ascension_level":2}}