{"host":"mo324zvkdr1xwprd","time":1613267714,"event":{"mods":["BaseMod","Better Note","BetterRewards","Hermit","Highlight Path","Hubris","Minty Spire (QoL Compilation)","Quick Restart","Rare Cards Sparkle","Shop Mod","StSLib","The Cursed","The Hierophant"],"gold_per_floor":[361,2,19,36,111,139,104,119,119,153,2,2,2,22,22,146,146,171,196,212,230,250,250,275,311,311,311,311,352,352,390,390,514,514,532,337,355,380,380,401,444,444,520,520,564,589,340,371,371,371,371],"floor_reached":50,"language":"ENG","playtime":3241,"items_purged":[],"score":937,"play_id":"d1aac2e1-e7fd-4fc9-96a3-3f387a4cdc86","local_time":"20210214015514","is_ascension_mode":true,"campfire_choices":[{"data":"Feed","floor":12.0,"key":"SMITH"},{"data":"Reaper","floor":15.0,"key":"SMITH"},{"data":"Demon Form","floor":23.0,"key":"SMITH"},{"floor":32.0,"key":"REST"},{"floor":42.0,"key":"RECALL"},{"data":"Limit Break","floor":44.0,"key":"SMITH"},{"floor":49.0,"key":"REST"}],"circlet_count":0,"master_deck":["Strike_R","Strike_R","Strike_R","Strike_R","Strike_R","Defend_R","Defend_R","Defend_R","Defend_R","Bash","Flex","Feed+1","Flex","Discovery","Dropkick","Carnage","Flex","Cleave","Reaper+1","Demon Form+1","Pommel Strike","Flame Barrier","Armaments","Dual Wield","Anger","True Grit+1","Carnage","Iron Wave","Clothesline","Feed","Heavy Blade","Thunderclap","Heavy Blade","Limit Break+1","Thunderclap+1","Thunderclap+1","Bludgeon","Parasite","Flex+1","Discovery","Flame Barrier+1"],"relics":["Burning Blood","Pen Nib","Gremlin Horn","HornCleat","Pear","Bag of Preparation","Golden Idol","Mark of Pain","Ancient Tea Set","hubris:Icosahedron","Toy Ornithopter","hubris:Potato","SlaversCollar","Sling","Dead Branch","Blue Candle","hubris:ChampionShield","Oddly Smooth Stone","Eternal Feather"],"acts_visited":["TheCity","TheBeyond"],"potions_floor_usage":[50],"damage_taken":[{"damage":4.0,"enemies":"2 Louse","floor":1.0,"turns":3.0},{"damage":2.0,"enemies":"Small Slimes","floor":3.0,"turns":3.0},{"damage":13.0,"enemies":"Jaw Worm","floor":4.0,"turns":6.0},{"damage":23.0,"enemies":"Lagavulin","floor":6.0,"turns":6.0},{"damage":1.0,"enemies":"Exordium Wildlife","floor":8.0,"turns":3.0},{"damage":0.0,"enemies":"Gremlin Nob","floor":10.0,"turns":2.0},{"damage":3.0,"enemies":"Looter","floor":14.0,"turns":3.0},{"damage":75.0,"enemies":"The Guardian","floor":16.0,"turns":12.0},{"damage":12.0,"enemies":"2 Thieves","floor":18.0,"turns":4.0},{"damage":0.0,"enemies":"3 Byrds","floor":19.0,"turns":4.0},{"damage":22.0,"enemies":"Sentry and Sphere","floor":20.0,"turns":5.0},{"damage":28.0,"enemies":"Cultist and Chosen","floor":21.0,"turns":5.0},{"damage":18.0,"enemies":"Chosen and Byrds","floor":22.0,"turns":4.0},{"damage":18.0,"enemies":"Snecko","floor":24.0,"turns":4.0},{"damage":56.0,"enemies":"Book of Stabbing","floor":25.0,"turns":6.0},{"damage":0.0,"enemies":"Gremlin Leader","floor":29.0,"turns":3.0},{"damage":42.0,"enemies":"Book of Stabbing","floor":31.0,"turns":5.0},{"damage":45.0,"enemies":"hubris:MusketHawk","floor":33.0,"turns":8.0},{"damage":28.0,"enemies":"Orb Walker","floor":35.0,"turns":4.0},{"damage":14.0,"enemies":"3 Darklings","floor":37.0,"turns":3.0},{"damage":7.0,"enemies":"Jaw Worm Horde","floor":38.0,"turns":4.0},{"damage":37.0,"enemies":"Transient","floor":40.0,"turns":5.0},{"damage":26.0,"enemies":"Giant Head","floor":41.0,"turns":6.0},{"damage":43.0,"enemies":"Reptomancer","floor":45.0,"turns":4.0},{"damage":21.0,"enemies":"Writhing Mass","floor":46.0,"turns":5.0},{"damage":47.0,"enemies":"Giant Head","floor":48.0,"turns":6.0},{"damage":119,"enemies":"Awakened One","floor":50,"turns":8}],"seed_played":"2601910558163925406","potions_obtained":[{"floor":3.0,"key":"Block Potion"},{"floor":4.0,"key":"ColorlessPotion"},{"floor":8.0,"key":"Swift Potion"},{"floor":18.0,"key":"BloodPotion"},{"floor":22.0,"key":"DistilledChaos"},{"floor":24.0,"key":"EssenceOfSteel"},{"floor":25.0,"key":"SneckoOil"},{"floor":33.0,"key":"PowerPotion"},{"floor":37.0,"key":"Strength Potion"},{"floor":40.0,"key":"BloodPotion"},{"floor":41.0,"key":"SteroidPotion"}],"is_trial":false,"path_per_floor":["M","$","M","M","?","E","?","M","T","E","$","R","?","M","R","B",null,"M","M","M","M","M","R","M","E","T","?","?","E","?","E","R","B",null,"M","$","M","M","?","M","E","R","T","R","E","M","$","E","R","B"],"character_chosen":"IRONCLAD","items_purchased":["Feed","Pen Nib","Flex","Discovery","Bag of Preparation","Thunderclap","Sling","Oddly Smooth Stone","Discovery"],"campfire_rested":2,"item_purchase_floors":[2,2,2,2,11,36,36,47,47],"current_hp_per_floor":[72,72,75,71,60,46,66,74,74,93,93,93,69,78,78,18,101,105,109,93,86,77,77,75,61,61,100,100,106,106,70,105,71,117,99,99,114,117,117,91,105,105,105,105,72,62,62,21,83,0,0],"gold":371,"neow_bonus":"TWO_FIFTY_GOLD","is_daily":false,"chose_seed":false,"campfire_upgraded":4,"win_rate":0.0,"timestamp":1613267714,"path_taken":["M","$","M","M","?","E","?","M","T","E","$","R","?","M","R","BOSS","M","M","M","M","M","R","M","E","T","?","?","E","?","E","R","BOSS","M","$","M","M","?","M","E","R","T","R","E","M","$","E","R","BOSS"],"items_purchased_type":["Card","Relic","Card","Card","Relic","Card","Relic","Relic","Card"],"build_version":"2020-12-22","purchased_purges":0,"victory":false,"max_hp_per_floor":[72,72,75,78,78,81,81,84,84,97,97,97,97,97,97,101,101,105,109,109,113,113,113,113,117,117,117,117,117,117,117,117,117,117,121,121,121,125,125,125,125,125,125,125,129,129,129,129,129,129,129],"card_choices":[{"not_picked":["Armaments","Shrug It Off"],"picked":"Flex","floor":1.0},{"not_picked":["Wild Strike","Rupture"],"picked":"Dropkick","floor":3.0},{"not_picked":["Headbutt","Wild Strike"],"picked":"Carnage","floor":4.0},{"not_picked":["Spot Weakness","Clash"],"picked":"Flex","floor":6.0},{"not_picked":["Fire Breathing","Intimidate"],"picked":"Cleave","floor":8.0},{"not_picked":["True Grit","hubris:ReadiedAction"],"picked":"Reaper","floor":10.0},{"not_picked":["True Grit","Clothesline"],"picked":"Twin Strike","floor":14.0},{"not_picked":["Feed","Fiend Fire"],"picked":"Demon Form","floor":16.0},{"not_picked":["Wild Strike","hubris:SharpeningStone"],"picked":"Pommel Strike","floor":18.0},{"not_picked":["Feel No Pain","Rupture"],"picked":"Flame Barrier","floor":19.0},{"not_picked":["Metallicize+1","Battle Trance"],"picked":"Armaments","floor":20.0},{"not_picked":["Twin Strike+1","Headbutt"],"picked":"Dual Wield","floor":21.0},{"not_picked":["Pommel Strike","Cleave"],"picked":"Anger","floor":22.0},{"not_picked":["Berserk","Body Slam+1"],"picked":"True Grit+1","floor":24.0},{"not_picked":["Headbutt","Clash+1"],"picked":"Carnage","floor":25.0},{"not_picked":["Searing Blow","Clash"],"picked":"Iron Wave","floor":29.0},{"not_picked":["Power Through","Dark Embrace"],"picked":"Clothesline","floor":31.0},{"not_picked":["Exhume","Corruption"],"picked":"Feed","floor":33.0},{"not_picked":["Iron Wave+1","Battle Trance+1"],"picked":"Heavy Blade","floor":35.0},{"not_picked":["Body Slam","Clothesline"],"picked":"Heavy Blade","floor":37.0},{"not_picked":["Havoc","Perfected Strike"],"picked":"Limit Break","floor":38.0},{"not_picked":["Warcry+1","Twin Strike"],"picked":"Thunderclap+1","floor":40.0},{"not_picked":["Rupture+1","Twin Strike+1"],"picked":"Thunderclap+1","floor":41.0},{"not_picked":["Power Through","Demon Form"],"picked":"Bludgeon","floor":45.0},{"not_picked":["Clash","Whirlwind+1"],"picked":"Flex+1","floor":46.0},{"not_picked":["Reckless Charge","Wild Strike"],"picked":"Flame Barrier+1","floor":48.0}],"player_experience":641283,"relics_obtained":[{"floor":6.0,"key":"Gremlin Horn"},{"floor":9.0,"key":"HornCleat"},{"floor":10.0,"key":"Pear"},{"floor":25.0,"key":"Ancient Tea Set"},{"floor":29.0,"key":"Toy Ornithopter"},{"floor":31.0,"key":"hubris:Potato"},{"floor":41.0,"key":"Dead Branch"},{"floor":43.0,"key":"Blue Candle"},{"floor":45.0,"key":"hubris:ChampionShield"},{"floor":48.0,"key":"Eternal Feather"}],"event_choices":[{"damage_healed":0.0,"max_hp_gain":0.0,"max_hp_loss":0.0,"gold_gain":75.0,"event_name":"World of Goop","player_choice":"Gather Gold","floor":5.0,"gold_loss":0.0,"damage_taken":11.0},{"damage_healed":20.0,"max_hp_gain":0.0,"max_hp_loss":0.0,"gold_gain":0.0,"event_name":"The Cleric","player_choice":"Healed","floor":7.0,"gold_loss":35.0,"damage_taken":0.0},{"damage_healed":0.0,"max_hp_gain":0.0,"max_hp_loss":0.0,"gold_gain":0.0,"event_name":"Golden Idol","player_choice":"Take Damage","floor":13.0,"gold_loss":0.0,"damage_taken":24.0,"relics_obtained":["Golden Idol"]},{"damage_healed":39.0,"max_hp_gain":0.0,"max_hp_loss":0.0,"gold_gain":0.0,"event_name":"The Library","player_choice":"Heal","floor":27.0,"gold_loss":0.0,"damage_taken":0.0},{"damage_healed":0.0,"max_hp_gain":0.0,"max_hp_loss":0.0,"gold_gain":0.0,"event_name":"Beggar","player_choice":"Ignored","floor":30.0,"gold_loss":0.0,"damage_taken":0.0},{"cards_removed":["Twin Strike"],"damage_healed":0.0,"max_hp_gain":0.0,"max_hp_loss":0.0,"gold_gain":0.0,"event_name":"Falling","player_choice":"Removed Attack","floor":39.0,"gold_loss":0.0,"damage_taken":0.0}],"is_beta":false,"boss_relics":[{"not_picked":["hubris:HollowSoul","hubris:VirtuousBlindfold"],"picked":"Mark of Pain"},{"not_picked":["Snecko Eye","Black Star"],"picked":"SlaversCollar"}],"items_purged_floors":[],"is_endless":false,"potions_floor_spawned":[3,4,8,18,22,24,25,33,37,40,41],"killed_by":"Awakened One","ascension_level":4}}