{"host":"13crfpsgpirtz3r4","time":1613277043,"event":{"mods":["Act Like it!","Ascension Reborn","Aspiration","Astrologer","Bard","BaseMod","BetterRewards","CapriCore","Colored Powertips","Downfall","Friendly Minions","Gold Saver","GungeonMod","Hermit","Highlight Path","Hubris","Jorbs\u0027s Wanderer Trilogy","MarisaÅiñ∂âJÅ@ñÇóùçπÅj","Minty Spire (QoL Compilation)","READ ME - Guardian Mod","READ ME - Snecko Mod","Rare Cards Sparkle","Replay The Spire","Shop Mod","StSLib","The Animator","The Bug Knight","The Construct","The Cursed","The Disciple","The Exalted","The Hierophant","The Jungle","The Necromancer","The Poker Player","The Runesmith","The Servant 0.9.4","TheBandit","Wandering Minibosses","everything is the same but u backflip on backflip","slay the spire mod where everything is the same but ironclad has a cowboy hat"],"gold_per_floor":[134,120,138,138,0,18,36,36,104,150,170,183,183,193,193,298,298,266,216,216],"floor_reached":19,"language":"ENG","playtime":2822,"items_purged":[],"score":162,"play_id":"913553cd-0f28-403e-9d6f-40eeb79d7046","local_time":"20210213203043","is_ascension_mode":true,"campfire_choices":[],"circlet_count":0,"master_deck":["Strike_S","Strike_S","Strike_S","Strike_S","Defend_S","Defend_S","Defend_S","Defend_S","KidneyShot","Exchange","Rearm","Sabotage","Luminosity","DoubleEdge","Swift Strike+1","Spin","ShatteredReality","ReturningBlade","Potential","Defy","Dilation","FastForward+1"],"relics":["Frozen Egg 2","hubris:ToyBattleship","Spirit Poop"],"acts_visited":["Exordium","TheCity"],"potions_floor_usage":[7,11,16,16],"damage_taken":[{"damage":3,"enemies":"Small Slimes","floor":1,"turns":4},{"damage":5,"enemies":"Jaw Worm","floor":2,"turns":10},{"damage":0,"enemies":"Cultist","floor":3,"turns":3},{"damage":15,"enemies":"3 Louse","floor":6,"turns":5},{"damage":28,"enemies":"Exordium Thugs","floor":7,"turns":6},{"damage":19,"enemies":"Exordium Wildlife","floor":11,"turns":6},{"damage":3,"enemies":"Blue Slaver","floor":12,"turns":3},{"damage":8,"enemies":"Large Slime","floor":14,"turns":4},{"damage":14,"enemies":"Hexaghost","floor":16,"turns":10},{"damage":52,"enemies":"3 Byrds","floor":18,"turns":9},{"damage":26,"enemies":"Snecko","floor":19,"turns":5}],"seed_played":"7522080339556212709","potions_obtained":[{"floor":1,"key":"Swift Potion"},{"floor":3,"key":"sneckomod:MuddlingPotion"},{"floor":7,"key":"LiquidBronze"},{"floor":12,"key":"FearPotion"},{"floor":14,"key":"PowerPotion"}],"is_trial":false,"path_per_floor":["M","M","M","?","$","M","M","?","T","T","M","M","?","M","R","B",null,"M","M"],"character_chosen":"THE_SERVANT","items_purchased":["DoubleEdge","Swift Strike"],"campfire_rested":0,"item_purchase_floors":[5,5],"current_hp_per_floor":[68,63,63,63,63,48,20,43,43,43,24,21,21,13,34,20,71,19,0,0],"gold":216,"neow_bonus":"TEN_PERCENT_HP_BONUS","is_daily":false,"chose_seed":false,"campfire_upgraded":0,"win_rate":0.0,"timestamp":1613277043,"path_taken":["M","M","M","?","$","M","M","?","T","?","M","?","?","M","R","BOSS","M","M"],"items_purchased_type":["Card","Card"],"build_version":"2020-12-22","purchased_purges":0,"victory":false,"max_hp_per_floor":[71,71,71,71,71,71,71,71,71,71,71,71,71,71,71,71,71,71,71,71],"card_choices":[{"not_picked":["Barrier","TimeWarp"],"picked":"Rearm","floor":1},{"not_picked":["Potential","WasteNot"],"picked":"Sabotage","floor":2},{"not_picked":["TimeWarp","Defy"],"picked":"Luminosity","floor":3},{"not_picked":["Replace","Rewind"],"picked":"Spin","floor":6},{"not_picked":["DoubleEdge","Snipe"],"picked":"ShatteredReality","floor":7},{"not_picked":["LightFlow","TimeWarp"],"picked":"ReturningBlade","floor":11},{"not_picked":["Shuttle","Replace"],"picked":"Potential","floor":12},{"not_picked":["Shuttle","Potential"],"picked":"Defy","floor":14},{"not_picked":["Duplication","Deny"],"picked":"Dilation","floor":16},{"not_picked":["TimeWarp","Rearm"],"picked":"FastForward+1","floor":18}],"player_experience":108959,"relics_obtained":[{"floor":9,"key":"Kunai"},{"floor":10,"key":"hubris:ToyBattleship"}],"event_choices":[{"damage_healed":23,"gold_gain":0,"player_choice":"Banana","damage_taken":0,"max_hp_gain":0,"max_hp_loss":0,"event_name":"Big Fish","floor":8,"gold_loss":0},{"cards_removed":["Injury"],"damage_healed":0,"gold_gain":0,"player_choice":"Offered Curse","damage_taken":0,"relics_obtained":["Spirit Poop"],"max_hp_gain":0,"max_hp_loss":0,"event_name":"Bonfire Elementals","floor":13,"gold_loss":0}],"is_beta":false,"boss_relics":[{"not_picked":["SacredBark","aspiration:RunesmithSkillbook"],"picked":"hubris:ScarierMask"}],"items_purged_floors":[],"is_endless":false,"potions_floor_spawned":[1,3,7,12,14],"killed_by":"Snecko","ascension_level":0}}