{"host":"3498uni0c31c9bdm","time":1613330184,"event":{"mods":["BaseMod","Better Match","Better Note","Better Sensory Stone","Better Skull","Better Third Choice","Colored Map","Minty Spire (QoL Compilation)","Quick Restart","RNG Fix","Random Character Button","Replay The Spire","Shop Mod","Smile Girya","StSLib","Unceasing Turn Reminder"],"gold_per_floor":[113,113,113,113,126,157,157,1,28,41,61,61,26,51,51,156,156,166,166,178,178,178,203,203,203,203],"floor_reached":25,"language":"ENG","playtime":1296,"items_purged":[],"score":352,"play_id":"430e7c6b-ce74-4187-8f24-5edb88eacb32","local_time":"20210215061624","is_ascension_mode":true,"campfire_choices":[{"floor":7,"key":"REST"},{"floor":12,"key":"REST"},{"floor":15,"key":"RECALL"},{"floor":24,"key":"REST"}],"circlet_count":0,"master_deck":["AscendersBane","Strike_R","Strike_R","Strike_R","Strike_R","Defend_R","Defend_R","Defend_R","Defend_R","Bash","Rampage","Whirlwind","Clothesline","Iron Wave","Dropkick","Fire Breathing","Replay:Many Hands","CurseOfTheBell","Twin Strike+1","Demonic Infusion","Havoc+1"],"relics":["Burning Blood","Du-Vu Doll","ReplayTheSpireMod:Ring of Challenge","ReplayTheSpireMod:Ring of Addiction","Potion Belt","Chameleon Ring","Garlic","Sling","Dead Branch","Calling Bell","Replay:Accelerometer","Bird Faced Urn","Omamori","FaceOfCleric","Replay:Towering Pillar of Hats"],"acts_visited":["Exordium","TheCity"],"potions_floor_usage":[5,6,6,18,23,23],"damage_taken":[{"damage":3,"enemies":"Small Slimes","floor":1,"turns":4},{"damage":0,"enemies":"Cultist","floor":5,"turns":3},{"damage":45,"enemies":"Lagavulin","floor":6,"turns":7},{"damage":4,"enemies":"Jaw Worm","floor":10,"turns":3},{"damage":32,"enemies":"Gremlin Gang","floor":11,"turns":6},{"damage":13,"enemies":"Gremlin Nob","floor":14,"turns":4},{"damage":39,"enemies":"Fading Forest","floor":16,"turns":11},{"damage":20,"enemies":"Shell Parasite","floor":18,"turns":4},{"damage":26,"enemies":"Spheric Guardian","floor":20,"turns":5},{"damage":54,"enemies":"Gremlin Leader","floor":23,"turns":6},{"damage":43,"enemies":"Slavers","floor":25,"turns":5}],"seed_played":"4870073369452041250","potions_obtained":[{"floor":2,"key":"Adrenaline Potion"},{"floor":2,"key":"LiquidBronze"},{"floor":2,"key":"BlessingOfTheForge"},{"floor":5,"key":"Elixir"},{"floor":14,"key":"BloodPotion"},{"floor":18,"key":"Strength Potion"}],"is_trial":false,"path_per_floor":["M","?","$","?","M","E","R","$","T","M","M","R","?","E","R","B",null,"M","?","M","?","?","E","R","E"],"character_chosen":"IRONCLAD","items_purchased":["Sling"],"campfire_rested":3,"item_purchase_floors":[8],"current_hp_per_floor":[72,72,72,72,72,33,54,54,54,56,30,51,68,61,61,28,57,43,65,45,45,45,19,38,0,0],"gold":203,"neow_bonus":"ONE_RARE_RELIC","is_daily":false,"chose_seed":false,"campfire_upgraded":0,"win_rate":0.0,"timestamp":1613330184,"path_taken":["M","?","$","?","M","E","R","$","T","M","M","R","?","E","R","BOSS","M","?","?","?","?","E","R","E"],"items_purchased_type":["Relic"],"build_version":"2020-12-22","purchased_purges":0,"victory":false,"max_hp_per_floor":[72,72,72,72,72,72,72,72,72,70,70,70,68,68,68,66,66,66,66,66,66,64,65,65,65,65],"card_choices":[{"not_picked":["True Grit","Second Wind"],"picked":"Rampage","floor":1},{"not_picked":["Pommel Strike","Reckless Charge"],"picked":"Whirlwind","floor":5},{"not_picked":["Pommel Strike","Flex"],"picked":"Clothesline","floor":6},{"not_picked":["Life Link","Shrug It Off"],"picked":"Iron Wave","floor":10},{"not_picked":["Carnage","Burning Pact"],"picked":"Dropkick","floor":11},{"not_picked":["Life Link","ReplayTheSpireMod:Strike From Hell"],"picked":"Fire Breathing","floor":14},{"not_picked":["Corruption","Double Tap"],"picked":"Replay:Many Hands","floor":16},{"not_picked":["Sword Boomerang","Inflame+1"],"picked":"Twin Strike+1","floor":18},{"not_picked":["Clothesline","Headbutt"],"picked":"Demonic Infusion","floor":20},{"not_picked":["Immolate","Replay:Undeath\u0027s Touch+1"],"picked":"Havoc+1","floor":23}],"player_experience":906532,"relics_obtained":[{"floor":2,"key":"ReplayTheSpireMod:Ring of Challenge"},{"floor":2,"key":"ReplayTheSpireMod:Ring of Addiction"},{"floor":2,"key":"Potion Belt"},{"floor":2,"key":"Chameleon Ring"},{"floor":6,"key":"Garlic"},{"floor":14,"key":"Dead Branch"},{"floor":17,"key":"Replay:Accelerometer"},{"floor":17,"key":"Bird Faced Urn"},{"floor":17,"key":"Omamori"},{"floor":23,"key":"Replay:Towering Pillar of Hats"}],"event_choices":[{"cards_removed":["Strike_R"],"damage_healed":0,"gold_gain":0,"player_choice":"Purged","damage_taken":0,"max_hp_gain":0,"max_hp_loss":0,"event_name":"Purifier","floor":4,"gold_loss":0},{"damage_healed":17,"gold_gain":0,"player_choice":"Healed","damage_taken":0,"max_hp_gain":0,"max_hp_loss":0,"event_name":"The Cleric","floor":13,"gold_loss":35},{"damage_healed":22,"gold_gain":0,"player_choice":"Heal","damage_taken":0,"max_hp_gain":0,"max_hp_loss":0,"event_name":"The Library","floor":19,"gold_loss":0},{"damage_healed":0,"gold_gain":0,"player_choice":"Trade","damage_taken":0,"relics_obtained":["FaceOfCleric"],"max_hp_gain":0,"max_hp_loss":0,"event_name":"FaceTrader","floor":21,"gold_loss":0}],"is_beta":false,"boss_relics":[{"not_picked":["Ring of Chaos","Astrolabe"],"picked":"Calling Bell"}],"items_purged_floors":[],"is_endless":false,"potions_floor_spawned":[5,14,18],"killed_by":"Slavers","ascension_level":11}}