{"host":"g7mkzn6qfoxkk5sz","time":1613325365,"event":{"mods":["BaseMod","Colored Map","Colored Powertips","Downfall","Minty Spire (QoL Compilation)","StSLib"],"gold_per_floor":[99,118,132,148,163,177,177,177,202,216,239,239,239,249,261,362,362,362,376,376,389,408,84,84,184,184,184,119,131,131,131,147,248,248,248,267,277,212,271,296,323,323,341,341,341,341,341,352,366,366,366,366],"floor_reached":50,"language":"ENG","playtime":2982,"items_purged":["Normality","downfall:Haunted"],"score":523,"play_id":"bd003bc9-bf99-40f0-b590-edbc737dad37","local_time":"20210214195605","is_ascension_mode":false,"campfire_choices":[{"data":"hexamod:Sear","floor":1,"key":"SMITH"},{"data":"hexamod:BurningTouch","floor":8,"key":"SMITH"},{"floor":13,"key":"REST"},{"data":"hexamod:Hexaguard","floor":18,"key":"SMITH"},{"data":"hexamod:AdvancingGuard","floor":27,"key":"SMITH"},{"data":"hexamod:Incineration","floor":30,"key":"SMITH"},{"data":"hexamod:WildfireWeapon","floor":35,"key":"SMITH"},{"data":"1","floor":45,"key":"LIFT"},{"data":"2","floor":47,"key":"LIFT"}],"circlet_count":0,"master_deck":["hexamod:Strike","hexamod:Strike+1","hexamod:Defend+1","hexamod:Defend+1","hexamod:Defend+1","hexamod:Sear+1","hexamod:Float+1","hexamod:SpectersWail","hexamod:BurningTouch+1","hexamod:Hexaguard+1","hexamod:GhostflameBarrier+1","hexamod:ExtraCrispy+1","hexamod:AdvancingGuard+1","hexamod:NightmareStrike+1","hexamod:PowerFromBeyond+1","hexamod:Firestarter","hexamod:ThermalTransfer+1","hexamod:SixthSeal","hexamod:TimeWarp+1","hexamod:RadiantFlame+1","hexamod:GhostLash+1","hexamod:ShieldOfDarkness+1","hexamod:SkipABeat+1","hexamod:HeatShield+1","downfall:Haunted","hexamod:TimeWarp","hexamod:RetreatToShadows+1","hexamod:Incineration+1","hexamod:WildfireWeapon+1","hexamod:FifthSeal","hexamod:FastForward+1","hexamod:FirstSeal","hexamod:SecondSeal","hexamod:ThirdSeal","hexamod:FlamesFromBeyond+1","hexamod:SpectralAdrenaline+1","hexamod:NightmareGuise+1"],"relics":["hexamod:SpiritBrand","Kunai","Slimebound:PreparedRelic","Smiling Mask","downfall:ShatteredFragment","Astrolabe","MutagenicStrength","Mummified Hand","Toxic Egg 2","Darkstone Periapt","Question Card","Empty Cage","Girya","Omamori"],"acts_visited":["Exordium","TheCity","TheBeyond"],"potions_floor_usage":[16,23,28,32,33,33,38,50],"damage_taken":[{"damage":0,"enemies":"Cultist","floor":2,"turns":3},{"damage":0,"enemies":"2 Louse","floor":3,"turns":2},{"damage":0,"enemies":"Small Slimes","floor":4,"turns":3},{"damage":5,"enemies":"downfall:LooterAlt","floor":5,"turns":3},{"damage":0,"enemies":"Large Slime","floor":6,"turns":3},{"damage":19,"enemies":"Gremlin Nob","floor":9,"turns":4},{"damage":7,"enemies":"Blue Slaver","floor":10,"turns":3},{"damage":0,"enemies":"Lots of Slimes","floor":14,"turns":3},{"damage":0,"enemies":"Large Slime","floor":15,"turns":3},{"damage":28,"enemies":"DF_ARCHETYPE_STREAMLINE","floor":16,"turns":8},{"damage":0,"enemies":"3 Byrds","floor":19,"turns":4},{"damage":8,"enemies":"downfall:LooterAlt2","floor":21,"turns":3},{"damage":18,"enemies":"Snake Plant","floor":22,"turns":5},{"damage":0,"enemies":"downfall:FleeingMerchant","floor":23,"turns":4},{"damage":7,"enemies":"downfall:FleeingMerchant","floor":28,"turns":4},{"damage":21,"enemies":"Centurion and Healer","floor":29,"turns":5},{"damage":15,"enemies":"3 Cultists","floor":32,"turns":4},{"damage":32,"enemies":"IC_MUSHROOM_ARCHETYPE","floor":33,"turns":6},{"damage":0,"enemies":"Orb Walker","floor":36,"turns":3},{"damage":8,"enemies":"3 Shapes","floor":37,"turns":5},{"damage":3,"enemies":"downfall:FleeingMerchant","floor":38,"turns":4},{"damage":50,"enemies":"2 Orb Walkers","floor":39,"turns":5},{"damage":35,"enemies":"Maw","floor":40,"turns":7},{"damage":15,"enemies":"Jaw Worm Horde","floor":43,"turns":4},{"damage":3,"enemies":"Spire Growth","floor":48,"turns":3},{"damage":0,"enemies":"4 Shapes","floor":49,"turns":3},{"damage":103,"enemies":"WA_ARCHETYPE_DIVINITY","floor":50,"turns":5}],"seed_played":"4835840849410767122","potions_obtained":[{"floor":4,"key":"Explosive Potion"},{"floor":5,"key":"SpeedPotion"},{"floor":15,"key":"PowerPotion"},{"floor":16,"key":"SteroidPotion"},{"floor":19,"key":"Strength Potion"},{"floor":29,"key":"LiquidBronze"},{"floor":36,"key":"PowerPotion"},{"floor":43,"key":"GamblersBrew"},{"floor":48,"key":"hexamod:SoulburnPotion"}],"is_trial":false,"path_per_floor":["R","M","M","M","M","M","T","R","E","M","T","?","R","M","M","B",null,"R","M","?","M","M","$","T","?","?","R","$","M","R","T","M","B",null,"R","M","M","$","?","M","T","?","M","?","R","?","R","M","M","B"],"character_chosen":"THE_SPIRIT","items_purchased":["Mummified Hand","hexamod:SoulburnPotion"],"campfire_rested":1,"item_purchase_floors":[23,23],"current_hp_per_floor":[70,70,70,70,65,65,65,65,46,39,39,18,39,39,39,11,70,70,70,70,62,44,44,44,79,79,79,72,51,51,51,36,4,105,105,105,97,101,51,23,23,23,8,92,92,92,92,89,89,0,0,0],"gold":366,"neow_bonus":"THREE_CARDS","is_daily":false,"chose_seed":false,"campfire_upgraded":6,"win_rate":0.0,"timestamp":1613325365,"path_taken":["R","M","?","M","M","M","T","R","E","M","?","?","R","M","M","BOSS","R","M","?","M","M","$","T","?","?","R","$","M","R","?","M","BOSS","R","M","M","$","?","M","T","?","M","?","R","?","R","?","M","BOSS"],"items_purchased_type":["Relic","Potion"],"build_version":"2020-12-22","purchased_purges":2,"victory":false,"max_hp_per_floor":[70,70,70,70,70,70,70,70,70,70,70,70,70,70,70,70,70,70,70,70,70,70,70,70,105,105,105,105,105,105,105,105,105,105,105,105,105,105,105,105,105,105,105,92,92,92,92,92,92,92,92,92],"card_choices":[{"not_picked":["hexamod:BurningTouch","hexamod:GhostShield"],"picked":"hexamod:SpectersWail","floor":0},{"not_picked":["hexamod:Firestarter","hexamod:RetreatToShadows"],"picked":"hexamod:BurningTouch","floor":2},{"not_picked":["hexamod:BurningTouch","hexamod:SpectersWail"],"picked":"hexamod:Hexaguard","floor":3},{"not_picked":["hexamod:Hexaguard","hexamod:StepThrough"],"picked":"hexamod:GhostflameBarrier","floor":4},{"not_picked":["hexamod:SkipABeat","hexamod:DynamicBlow"],"picked":"hexamod:ExtraCrispy","floor":5},{"not_picked":["hexamod:BacktrackSmack","hexamod:GhostLash"],"picked":"hexamod:AdvancingGuard","floor":6},{"not_picked":["hexamod:FastForward","hexamod:GhostOfSpirePresent"],"picked":"hexamod:NightmareStrike","floor":9},{"not_picked":["hexamod:NightmareStrike","hexamod:GhostShield"],"picked":"hexamod:PowerFromBeyond","floor":10},{"not_picked":["hexamod:ShieldOfDarkness","hexamod:RainOfEmbers"],"picked":"hexamod:Firestarter","floor":14},{"not_picked":["hexamod:SwordOfDarkness","hexamod:HeatMetal"],"picked":"hexamod:ThermalTransfer","floor":15},{"not_picked":["hexamod:TimeOfNeed","hexamod:GhostOfSpirePresent"],"picked":"hexamod:SixthSeal","floor":16},{"not_picked":["hexamod:Firestarter","hexamod:ChargedBarrage"],"picked":"hexamod:ShieldOfDarkness+1","floor":19},{"not_picked":["hexamod:ThermalTransfer","hexamod:BacktrackSmack","hexamod:StepThrough"],"picked":"SKIP","floor":21},{"not_picked":["hexamod:SwordOfDarkness","hexamod:SpectersWail"],"picked":"hexamod:SkipABeat+1","floor":22},{"not_picked":["hexamod:FirstSeal","hexamod:InspiringFlames"],"picked":"hexamod:HeatShield+1","floor":23},{"not_picked":["hexamod:FastForward+1","hexamod:BacktrackSmack"],"picked":"hexamod:RetreatToShadows+1","floor":28},{"not_picked":["hexamod:FastForward+1","hexamod:BurningTouch+1"],"picked":"hexamod:Incineration","floor":29},{"not_picked":["hexamod:GhostLash","hexamod:ThermalTransfer","hexamod:EtherealExpedition+1"],"picked":"hexamod:WildfireWeapon","floor":32},{"not_picked":["hexamod:GhostflameInferno+1","hexamod:ParanormalForm","hexamod:UnlimitedPower+1"],"picked":"hexamod:FifthSeal","floor":33},{"not_picked":["hexamod:Haunt+1","hexamod:Again+1","hexamod:GhostOfSpireFuture+1"],"picked":"hexamod:FastForward+1","floor":36},{"not_picked":["hexamod:ThirdSeal","hexamod:SecondSeal"],"picked":"hexamod:FirstSeal","floor":37},{"not_picked":["hexamod:GhostLash","hexamod:Firestarter+1","hexamod:InspiringFlames+1","hexamod:GhostShield+1"],"picked":"SKIP","floor":37},{"not_picked":["hexamod:FourthSeal","hexamod:ThirdSeal"],"picked":"hexamod:SecondSeal","floor":38},{"not_picked":["hexamod:SpectersWail+1","hexamod:PhantomFireball+1","hexamod:Firestarter+1","hexamod:RecurringNightmare+1"],"picked":"SKIP","floor":38},{"not_picked":["hexamod:FirstSeal","hexamod:SecondSeal"],"picked":"hexamod:ThirdSeal","floor":39},{"not_picked":["hexamod:Hexaguard+1","hexamod:GhostShield+1","hexamod:GhostflameInferno+1"],"picked":"hexamod:FlamesFromBeyond+1","floor":40},{"not_picked":["hexamod:RadiantFlame+1","hexamod:CatchUp+1","hexamod:Haunt+1","hexamod:GhostShield+1"],"picked":"SKIP","floor":40},{"not_picked":["hexamod:GhostShield+1","hexamod:ForkedFlame","hexamod:SwordOfDarkness+1"],"picked":"hexamod:SpectralAdrenaline+1","floor":43},{"not_picked":["hexamod:BurningTouch+1","hexamod:SpectersWail+1","hexamod:Incineration","hexamod:SwordOfDarkness"],"picked":"SKIP","floor":48},{"not_picked":["hexamod:CatchUp+1","hexamod:ShieldOfDarkness+1","hexamod:Firestarter"],"picked":"hexamod:NightmareGuise+1","floor":49}],"player_experience":489567,"relics_obtained":[{"floor":7,"key":"Kunai"},{"floor":9,"key":"Slimebound:PreparedRelic"},{"floor":11,"key":"Smiling Mask"},{"floor":24,"key":"Toxic Egg 2"},{"floor":31,"key":"Question Card"},{"floor":39,"key":"Girya"},{"floor":41,"key":"Omamori"}],"event_choices":[{"damage_healed":0,"gold_gain":0,"player_choice":"Inject Mutagens","damage_taken":0,"relics_obtained":["MutagenicStrength"],"max_hp_gain":0,"max_hp_loss":0,"event_name":"Drug Dealer","floor":20,"gold_loss":0},{"damage_healed":0,"gold_gain":0,"player_choice":"Ignored","damage_taken":0,"max_hp_gain":0,"max_hp_loss":0,"event_name":"Vampires","floor":26,"gold_loss":0},{"damage_healed":0,"gold_gain":0,"player_choice":"Fight","damage_taken":0,"max_hp_gain":0,"max_hp_loss":0,"event_name":"Mysterious Sphere","floor":39,"gold_loss":0},{"damage_healed":0,"gold_gain":0,"player_choice":"Forge","damage_taken":0,"max_hp_gain":0,"max_hp_loss":0,"event_name":"Accursed Blacksmith","floor":46,"gold_loss":0,"cards_upgraded":["hexamod:GhostflameBarrier"]}],"is_beta":false,"boss_relics":[{"not_picked":["expansioncontent:StudyCardRelic","Runic Dome"],"picked":"Astrolabe"},{"not_picked":["hexamod:UnbrokenSoul","Calling Bell"],"picked":"Empty Cage"}],"items_purged_floors":[28,38],"is_endless":false,"potions_floor_spawned":[4,5,15,16,19,21,29,36,43,48],"killed_by":"WA_ARCHETYPE_DIVINITY","ascension_level":0}}