{"host":"vumwfieg2b2mnrfl","time":1613326484,"event":{"mods":["AchievementEnabler","BaseMod","Minty Spire (QoL Compilation)","Rare Cards Sparkle","Relic Stats"],"gold_per_floor":[164,164,181,106,181,208,208,208,208,208,234,244,257,17,17,17,17],"floor_reached":16,"language":"ENG","playtime":440,"items_purged":["Defend_G"],"score":216,"play_id":"86b7f81d-28df-49b0-8ede-891fb1ab4ad8","local_time":"20210214121444","is_ascension_mode":true,"campfire_choices":[{"floor":7,"key":"REST"},{"floor":10,"key":"REST"},{"data":"Catalyst","floor":15,"key":"SMITH"}],"circlet_count":0,"master_deck":["AscendersBane","Strike_G","Strike_G","Strike_G","Strike_G+1","Defend_G","Defend_G","Defend_G","Survivor","Neutralize","Dagger Spray","Escape Plan","Backflip","Catalyst+1","Escape Plan","Bouncing Flask","Blade Dance","Flying Knee"],"relics":["Tiny House","Ice Cream","Meat on the Bone","Ornamental Fan","Letter Opener","OrangePellets"],"acts_visited":["Exordium"],"potions_floor_usage":[6,11,16,16],"damage_taken":[{"damage":0,"enemies":"Small Slimes","floor":1,"turns":3},{"damage":0,"enemies":"2 Louse","floor":3,"turns":3},{"damage":52,"enemies":"Gremlin Nob","floor":6,"turns":6},{"damage":37,"enemies":"3 Sentries","floor":11,"turns":11},{"damage":0,"enemies":"Jaw Worm","floor":12,"turns":3},{"damage":2,"enemies":"Lots of Slimes","floor":13,"turns":2},{"damage":42,"enemies":"Slime Boss","floor":16,"turns":6}],"seed_played":"-3888110589074354036","potions_obtained":[{"floor":0,"key":"DuplicationPotion"},{"floor":6,"key":"Fire Potion"},{"floor":11,"key":"Block Potion"},{"floor":13,"key":"SkillPotion"}],"is_trial":false,"path_per_floor":["M","?","M","?","?","E","R","T","T","R","E","M","M","$","R","B"],"character_chosen":"THE_SILENT","items_purchased":["OrangePellets"],"campfire_rested":2,"item_purchase_floors":[14],"current_hp_per_floor":[64,64,64,64,53,1,22,22,22,43,18,30,40,40,40,0,0],"gold":17,"neow_bonus":"BOSS_RELIC","is_daily":false,"chose_seed":false,"campfire_upgraded":1,"win_rate":0.0,"timestamp":1613326484,"path_taken":["M","?","M","?","?","E","R","?","T","R","E","?","M","$","R","BOSS"],"items_purchased_type":["Relic"],"build_version":"2020-12-22","purchased_purges":1,"victory":false,"max_hp_per_floor":[71,71,71,71,71,71,71,71,71,71,71,71,71,71,71,71,71],"relic_stats":{"OrangePellets":[0],"counters":[7,34],"Ornamental Fan":[24],"Letter Opener":[20],"obtain_stats":[{"Ice Cream":6,"OrangePellets":14,"Tiny House":0,"Ornamental Fan":9,"Letter Opener":11,"Ring of the Snake":0,"Meat on the Bone":8},{"Ice Cream":3,"OrangePellets":6,"Tiny House":0,"Ornamental Fan":3,"Letter Opener":4,"Ring of the Snake":0,"Meat on the Bone":3},{"Ice Cream":12,"OrangePellets":28,"Tiny House":0,"Ornamental Fan":12,"Letter Opener":23,"Ring of the Snake":0,"Meat on the Bone":12}],"Meat on the Bone":36},"card_choices":[{"not_picked":["Reflex","Deflect"],"picked":"Dagger Spray","floor":0},{"not_picked":["Cloak And Dagger","Well Laid Plans"],"picked":"Escape Plan","floor":1},{"not_picked":["Quick Slash","Outmaneuver"],"picked":"Catalyst","floor":3},{"not_picked":["Riddle With Holes","Heel Hook"],"picked":"Escape Plan","floor":6},{"not_picked":["Blur","Flying Knee"],"picked":"Bouncing Flask","floor":11},{"not_picked":["Accuracy","Quick Slash"],"picked":"Blade Dance","floor":12},{"not_picked":["Blade Dance","Escape Plan"],"picked":"Flying Knee","floor":13}],"player_experience":557947,"relics_obtained":[{"floor":6,"key":"Ice Cream"},{"floor":8,"key":"Meat on the Bone"},{"floor":9,"key":"Ornamental Fan"},{"floor":11,"key":"Letter Opener"}],"event_choices":[{"damage_healed":0,"gold_gain":0,"cards_transformed":["Strike_G"],"player_choice":"Change","damage_taken":0,"max_hp_gain":0,"max_hp_loss":0,"event_name":"Living Wall","floor":2,"gold_loss":0,"cards_obtained":["Backflip"]},{"cards_removed":["Defend_G"],"damage_healed":0,"gold_gain":0,"player_choice":"Card Removal","damage_taken":0,"max_hp_gain":0,"max_hp_loss":0,"event_name":"The Cleric","floor":4,"gold_loss":75},{"damage_healed":0,"gold_gain":75,"player_choice":"Gather Gold","damage_taken":11,"max_hp_gain":0,"max_hp_loss":0,"event_name":"World of Goop","floor":5,"gold_loss":0}],"is_beta":false,"boss_relics":[],"items_purged_floors":[14],"is_endless":false,"potions_floor_spawned":[6,11,13],"killed_by":"Slime Boss","ascension_level":20}}