{"host":"o6j8h35axmoodbwy","time":1613313914,"event":{"mods":["2.2 Compatiblity","Act Like it!","BaseMod","Colored Map","Colored Powertips","Faster Ascension Climbing","MarisaÅiñ∂âJÅ@ñÇóùçπÅj","Minty Spire (QoL Compilation)","Prisma Mod","Quick Restart","Shop Mod","StSLib","SuperFastMode","Td1madao Mod"],"gold_per_floor":[119,139,150,170,170,170,204,221,221,234,37,62,62,75,75,146,146,157,173,173,188,207,207,207],"floor_reached":23,"language":"JPN","playtime":1391,"items_purged":[],"score":441,"play_id":"5fd159a9-ed9d-4400-9ddc-4e96a88bbdf4","local_time":"20210214234514","is_ascension_mode":true,"campfire_choices":[{"data":"Bash","floor":6,"key":"SMITH"},{"data":"Sword Boomerang","floor":13,"key":"SMITH"},{"data":"Feel No Pain","floor":15,"key":"SMITH"}],"circlet_count":0,"master_deck":["AscendersBane","Strike_R","Defend_R","Defend_R","Defend_R","Defend_R","Bash+1","Cleave","Inflame","Feel No Pain+1","Pummel","Immolate","Pommel Strike","Sword Boomerang+1","Metallicize","Ghostly Armor","Shockwave","Limit Break","Immolate+1","Flame Barrier+1","Demon Form+1","Blood for Blood","Heavy Blade+1","Second Wind+1","Ghostly Armor"],"relics":["Burning Blood","Boot","White Beast Statue","Toy Ornithopter","OrangePellets","Bag of Marbles","Astrolabe"],"acts_visited":["Exordium","TheCity"],"potions_floor_usage":[12,12,12,16,18,22,23,23],"damage_taken":[{"damage":12,"enemies":"Cultist","floor":1,"turns":5},{"damage":4,"enemies":"Jaw Worm","floor":2,"turns":4},{"damage":12,"enemies":"Small Slimes","floor":3,"turns":4},{"damage":4,"enemies":"3 Louse","floor":4,"turns":3},{"damage":21,"enemies":"3 Sentries","floor":7,"turns":8},{"damage":14,"enemies":"Exordium Wildlife","floor":8,"turns":3},{"damage":8,"enemies":"Blue Slaver","floor":10,"turns":2},{"damage":0,"enemies":"Lagavulin","floor":12,"turns":5},{"damage":0,"enemies":"2 Fungi Beasts","floor":14,"turns":3},{"damage":6,"enemies":"Slime Boss","floor":16,"turns":7},{"damage":44,"enemies":"Shell Parasite","floor":18,"turns":10},{"damage":0,"enemies":"3 Byrds","floor":19,"turns":2},{"damage":1,"enemies":"3 Cultists","floor":21,"turns":3},{"damage":9,"enemies":"Snake Plant","floor":22,"turns":4},{"damage":65,"enemies":"Slavers","floor":23,"turns":6}],"seed_played":"-7966438610583387178","potions_obtained":[{"floor":2,"key":"Swift Potion"},{"floor":4,"key":"Block Potion"},{"floor":7,"key":"EssenceOfSteel"},{"floor":8,"key":"EntropicBrew"},{"floor":12,"key":"DuplicationPotion"},{"floor":16,"key":"SkillPotion"},{"floor":18,"key":"ElixirPotion"},{"floor":19,"key":"Block Potion"},{"floor":21,"key":"LiquidBronze"},{"floor":22,"key":"SteroidPotion"}],"is_trial":false,"path_per_floor":["M","M","M","M","?","R","E","M","T","M","$","E","R","M","R","B",null,"M","M","?","M","M","E"],"character_chosen":"IRONCLAD","items_purchased":["OrangePellets","Metallicize"],"campfire_rested":0,"item_purchase_floors":[11,11],"current_hp_per_floor":[62,64,58,60,60,60,45,37,37,35,35,56,56,62,62,67,73,40,46,46,51,53,0,0],"gold":207,"neow_bonus":"RANDOM_COMMON_RELIC","is_daily":false,"chose_seed":false,"campfire_upgraded":3,"win_rate":0.0,"timestamp":1613313914,"path_taken":["M","?","M","M","?","R","E","M","T","?","$","E","R","M","R","BOSS","M","M","?","?","M","E"],"items_purchased_type":["Relic","Card"],"build_version":"2020-12-22","purchased_purges":0,"victory":false,"max_hp_per_floor":[75,75,75,75,75,75,75,75,75,75,75,75,75,75,75,75,75,75,75,75,75,75,75,75],"card_choices":[{"not_picked":["Dark Embrace","Perfected Strike"],"picked":"Cleave","floor":1},{"not_picked":["Bloodletting","Thunderclap"],"picked":"Inflame","floor":2},{"not_picked":["Pommel Strike","Thunderclap"],"picked":"Feel No Pain","floor":3},{"not_picked":["Bloodletting","Armaments"],"picked":"Pummel","floor":4},{"not_picked":["Iron Wave","Bloodletting"],"picked":"Immolate","floor":7},{"not_picked":["Warcry","Thunderclap"],"picked":"Pommel Strike","floor":8},{"not_picked":["Flex","Headbutt"],"picked":"Sword Boomerang","floor":10},{"not_picked":["Headbutt","Warcry"],"picked":"Ghostly Armor","floor":12},{"not_picked":["Blood for Blood","Clothesline"],"picked":"Shockwave","floor":14},{"not_picked":["Double Tap","Corruption"],"picked":"Limit Break","floor":16},{"not_picked":["Iron Wave","Carnage"],"picked":"Blood for Blood","floor":18},{"not_picked":["Cleave","Armaments+1"],"picked":"Heavy Blade+1","floor":19},{"not_picked":["Body Slam","True Grit"],"picked":"Second Wind+1","floor":21},{"not_picked":["Body Slam","Infernal Blade"],"picked":"Ghostly Armor","floor":22}],"player_experience":430279,"relics_obtained":[{"floor":7,"key":"White Beast Statue"},{"floor":9,"key":"Toy Ornithopter"},{"floor":12,"key":"Bag of Marbles"}],"event_choices":[{"cards_removed":["Strike_R"],"damage_healed":0,"gold_gain":0,"player_choice":"Purged","damage_taken":0,"max_hp_gain":0,"max_hp_loss":0,"event_name":"Purifier","floor":5,"gold_loss":0},{"damage_healed":0,"gold_gain":0,"player_choice":"Ignored","damage_taken":0,"max_hp_gain":0,"max_hp_loss":0,"event_name":"N\u0027loth","floor":20,"gold_loss":0}],"is_beta":false,"boss_relics":[{"not_picked":["SacredBark","Pandora\u0027s Box"],"picked":"Astrolabe"}],"items_purged_floors":[],"is_endless":false,"potions_floor_spawned":[2,4,7,8,10,12,14,16,18,19,21,22],"killed_by":"Slavers","ascension_level":18}}