{"host":"2pffx5rqbod9ds0c","time":1613292889,"event":{"mods":["BaseMod","Better Altar","Better Match","Better Note","Better Sensory Stone","Better Skull","Better Third Choice","Bossed Relics","Custom Start","Hubris","MarisaÅiñ∂âJÅ@ñÇóùçπÅj","Minty Spire (QoL Compilation)","Quick Restart","Relic Stats","Spicy Shops","StSLib"],"gold_per_floor":[111111,111123,109765,109765,109777,109803,109820,108496,108521,108446,108446,108463,107102,107119,107119,107196,107196,107206,107221,107248,107261,107261,107261,107303,107303,107303,107330,107330,107347,105845,105857,105857,105931,105931,105942,105942,104824,104841,104841,104841],"floor_reached":39,"language":"ENG","playtime":912,"items_purged":["Writhe","Pain","Strike_MRS","Defend_MRS","Defend_MRS+1"],"score":1221,"play_id":"81ef4b0a-4f27-4cdb-aa32-64bbfec1efcf","local_time":"20210214005449","is_ascension_mode":true,"campfire_choices":[{"data":"CollectingQuirk","floor":15.0,"key":"SMITH"},{"floor":23,"key":"REST"},{"data":"UltimateShortwave","floor":25,"key":"SMITH"},{"floor":28,"key":"REST"},{"data":"Defend_MRS+1","floor":32,"key":"PURGE"}],"circlet_count":0,"master_deck":["AscendersBane","CollectingQuirk+1","CollectingQuirk+1","Parasite","Parasite"],"relics":["MiniHakkero","Medical Kit","Strawberry","Matryoshka","Sundial","hubris:ToyBattleship","Sling","WarpedTongs","Art of War","DollysMirror","TheAbacus","Pear","hubris:DeckOfHolding","Tiny Chest","Thread and Needle","MealTicket","ShroomBag","Ancient Tea Set","hubris:BottledRain","Shuriken","Omamori","OrangePellets","Orrery","Philosopher\u0027s Stone","Potion Belt","Blood Vial","PreservedInsect","Pen Nib","Vajra","Boot","Orichalcum","Akabeko","War Paint","Oddly Smooth Stone","Happy Flower","Bronze Scales","Dream Catcher","CeramicFish","Smiling Mask","Centennial Puzzle","Juzu Bracelet","Nunchaku","Bag of Marbles","Toy Ornithopter","hubris:TenFootPole","Lantern","Anchor","Regal Pillow","hubris:SlimyHat","Bag of Preparation","StrikeDummy","Kunai","CaptainsWheel","Ornamental Fan","HornCleat","hubris:EmptyBottle","Question Card","Singing Bowl","Mummified Hand","Peace Pipe","Empty Cage","BreadOfAWashokuLover","Darkstone Periapt","Frozen Egg 2","Frozen Eye","InkBottle"],"acts_visited":["Exordium","TheCity","TheBeyond"],"potions_floor_usage":[],"damage_taken":[{"damage":4.0,"enemies":"Small Slimes","floor":1.0,"turns":5.0},{"damage":0.0,"enemies":"Cultist","floor":2.0,"turns":3.0},{"damage":5.0,"enemies":"2 Louse","floor":5.0,"turns":3.0},{"damage":10.0,"enemies":"Gremlin Nob","floor":6.0,"turns":3.0},{"damage":7.0,"enemies":"2 Fungi Beasts","floor":7.0,"turns":3.0},{"damage":15.0,"enemies":"Exordium Wildlife","floor":12.0,"turns":2.0},{"damage":0.0,"enemies":"Blue Slaver","floor":14.0,"turns":1.0},{"damage":0.0,"enemies":"Slime Boss","floor":16.0,"turns":2.0},{"damage":0.0,"enemies":"Chosen","floor":18.0,"turns":2.0},{"damage":0.0,"enemies":"Shell Parasite","floor":19.0,"turns":1.0},{"damage":10,"enemies":"Snake Plant","floor":21,"turns":2},{"damage":0,"enemies":"Gremlin Leader","floor":24,"turns":1},{"damage":0,"enemies":"Book of Stabbing","floor":27,"turns":1},{"damage":0,"enemies":"Centurion and Healer","floor":29,"turns":1},{"damage":0,"enemies":"Snecko","floor":31,"turns":1},{"damage":0,"enemies":"Collector","floor":33,"turns":1},{"damage":0,"enemies":"3 Darklings","floor":35,"turns":1},{"damage":0,"enemies":"Orb Walker","floor":38,"turns":1},{"damage":0,"enemies":"Jaw Worm Horde","floor":39,"turns":1}],"seed_played":"1990976120716031725","potions_obtained":[{"floor":2.0,"key":"ColorlessPotion"},{"floor":5.0,"key":"Weak Potion"},{"floor":16.0,"key":"LiquidMemories"},{"floor":24,"key":"LiquidMemories"},{"floor":29,"key":"SkillPotion"}],"is_trial":false,"path_per_floor":["M","M","$","?","M","E","M","$","T","?","?","M","$","M","R","B",null,"M","M","T","M","?","R","E","R","T","E","R","M","$","M","R","B",null,"M","?","$","M","M"],"character_chosen":"MARISA","items_purchased":["Medical Kit","CollectingQuirk","Strawberry","Matryoshka","Sundial","hubris:ToyBattleship","Sling","DollysMirror","TheAbacus","Pear","hubris:DeckOfHolding","Tiny Chest","Thread and Needle","Ancient Tea Set","hubris:BottledRain","Shuriken","Omamori","OrangePellets","Orrery","hubris:EmptyBottle","Question Card","Singing Bowl","Mummified Hand","Peace Pipe","CultistPotion","CultistPotion","BreadOfAWashokuLover","Darkstone Periapt","Frozen Egg 2","Frozen Eye","InkBottle"],"campfire_rested":2,"item_purchase_floors":[3,3,3,3,3,3,3,8,8,8,8,8,8,13,13,13,13,13,13,30,30,30,30,30,30,30,37,37,37,37,37],"current_hp_per_floor":[59,59,66,66,61,51,44,54,54,54,54,43,58,62,62,64,81,85,85,85,77,91,91,91,91,91,91,91,91,91,89,89,91,91,93,93,93,95,95,95],"gold":104841,"neow_bonus":"REMOVE_TWO","is_daily":false,"chose_seed":false,"campfire_upgraded":2,"win_rate":0.0,"timestamp":1613292889,"path_taken":["M","M","$","?","M","E","M","?","T","?","?","?","$","M","R","BOSS","M","M","?","M","?","R","E","R","T","E","R","M","$","M","R","BOSS","M","?","$","M","M"],"items_purchased_type":["Relic","Card","Relic","Relic","Relic","Relic","Relic","Relic","Relic","Relic","Relic","Relic","Relic","Relic","Relic","Relic","Relic","Relic","Relic","Relic","Relic","Relic","Relic","Relic","Potion","Potion","Relic","Relic","Relic","Relic","Relic"],"build_version":"2020-12-22","purchased_purges":5,"victory":false,"max_hp_per_floor":[70,70,77,77,77,77,77,87,87,87,87,87,87,87,87,87,87,87,87,87,87,87,87,87,87,87,87,87,87,87,89,89,91,91,93,93,93,95,95,95],"relic_stats":{"Darkstone Periapt":0,"Regal Pillow":0,"Singing Bowl":8,"CeramicFish":9,"Juzu Bracelet":0,"Bag of Preparation":[11],"Boot":[0],"Smiling Mask":125,"Blood Vial":-2,"Dream Catcher":2,"Centennial Puzzle":[0],"Nunchaku":[0],"TheAbacus":[30],"Sundial":[4],"Mummified Hand":[0],"Tiny Chest":1,"MealTicket":11,"Kunai":[0],"InkBottle":[0],"Happy Flower":[2],"counters":[19,35],"PreservedInsect":88,"Pen Nib":[0],"Orichalcum":[0],"War Paint":["Defend_MRS","Defend_MRS"],"Medical Kit":[0],"Question Card":5,"WarpedTongs":[19],"Peace Pipe":1,"OrangePellets":[0],"Shuriken":[3],"Ornamental Fan":[0],"Bronze Scales":[0],"Art of War":[0],"obtain_stats":[{"CeramicFish":22,"Vajra":22,"Sling":3,"Boot":22,"Blood Vial":20,"Centennial Puzzle":22,"HornCleat":27,"Sundial":3,"DollysMirror":8,"Strawberry":3,"hubris:DeckOfHolding":8,"MealTicket":9,"Philosopher\u0027s Stone":17,"Kunai":22,"Pear":8,"Happy Flower":22,"Oddly Smooth Stone":22,"BreadOfAWashokuLover":37,"Pen Nib":22,"War Paint":22,"Question Card":30,"Akabeko":22,"WarpedTongs":4,"OrangePellets":13,"Shuriken":13,"Bronze Scales":22,"hubris:ToyBattleship":3,"hubris:TenFootPole":22,"MiniHakkero":0,"StrikeDummy":22,"Darkstone Periapt":37,"Lantern":22,"Regal Pillow":22,"Singing Bowl":30,"Juzu Bracelet":22,"hubris:SlimyHat":22,"Bag of Preparation":22,"hubris:EmptyBottle":30,"Ancient Tea Set":13,"Smiling Mask":22,"Empty Cage":34,"Frozen Eye":37,"Dream Catcher":22,"Nunchaku":22,"Matryoshka":3,"TheAbacus":8,"Mummified Hand":30,"Tiny Chest":8,"InkBottle":37,"Potion Belt":20,"Thread and Needle":8,"PreservedInsect":22,"Omamori":13,"Orichalcum":22,"Frozen Egg 2":37,"Medical Kit":3,"Peace Pipe":30,"ShroomBag":9,"Anchor":22,"CaptainsWheel":24,"Ornamental Fan":26,"Orrery":13,"Art of War":6,"Bag of Marbles":22,"Toy Ornithopter":22,"hubris:BottledRain":13},{"CeramicFish":11,"Vajra":11,"Sling":2,"Boot":11,"Blood Vial":10,"Centennial Puzzle":11,"HornCleat":13,"Sundial":2,"DollysMirror":5,"Strawberry":2,"hubris:DeckOfHolding":5,"MealTicket":5,"Philosopher\u0027s Stone":8,"Kunai":11,"Pear":5,"Happy Flower":11,"Oddly Smooth Stone":11,"BreadOfAWashokuLover":17,"Pen Nib":11,"War Paint":11,"Question Card":14,"Akabeko":11,"WarpedTongs":2,"OrangePellets":6,"Shuriken":6,"Bronze Scales":11,"hubris:ToyBattleship":2,"hubris:TenFootPole":11,"MiniHakkero":0,"StrikeDummy":11,"Darkstone Periapt":17,"Lantern":11,"Regal Pillow":11,"Singing Bowl":14,"Juzu Bracelet":11,"hubris:SlimyHat":11,"Bag of Preparation":11,"hubris:EmptyBottle":14,"Ancient Tea Set":6,"Smiling Mask":11,"Empty Cage":16,"Frozen Eye":17,"Dream Catcher":11,"Nunchaku":11,"Matryoshka":2,"TheAbacus":5,"Mummified Hand":14,"Tiny Chest":5,"InkBottle":17,"Potion Belt":10,"Thread and Needle":5,"PreservedInsect":11,"Omamori":6,"Orichalcum":11,"Frozen Egg 2":17,"Medical Kit":2,"Peace Pipe":14,"ShroomBag":5,"Anchor":11,"CaptainsWheel":12,"Ornamental Fan":12,"Orrery":6,"Art of War":4,"Bag of Marbles":11,"Toy Ornithopter":11,"hubris:BottledRain":6},{"CeramicFish":27,"Vajra":27,"Sling":8,"Boot":27,"Blood Vial":25,"Centennial Puzzle":27,"HornCleat":29,"Sundial":8,"DollysMirror":17,"Strawberry":8,"hubris:DeckOfHolding":17,"MealTicket":17,"Philosopher\u0027s Stone":22,"Kunai":27,"Pear":17,"Happy Flower":27,"Oddly Smooth Stone":27,"BreadOfAWashokuLover":33,"Pen Nib":27,"War Paint":27,"Question Card":30,"Akabeko":27,"WarpedTongs":8,"OrangePellets":19,"Shuriken":19,"Bronze Scales":27,"hubris:ToyBattleship":8,"hubris:TenFootPole":27,"MiniHakkero":0,"StrikeDummy":27,"Darkstone Periapt":33,"Lantern":27,"Regal Pillow":27,"Singing Bowl":30,"Juzu Bracelet":27,"hubris:SlimyHat":27,"Bag of Preparation":27,"hubris:EmptyBottle":30,"Ancient Tea Set":19,"Smiling Mask":27,"Empty Cage":32,"Frozen Eye":33,"Dream Catcher":27,"Nunchaku":27,"Matryoshka":8,"TheAbacus":17,"Mummified Hand":30,"Tiny Chest":17,"InkBottle":33,"Potion Belt":25,"Thread and Needle":17,"PreservedInsect":27,"Omamori":19,"Orichalcum":27,"Frozen Egg 2":33,"Medical Kit":8,"Peace Pipe":30,"ShroomBag":17,"Anchor":27,"CaptainsWheel":28,"Ornamental Fan":28,"Orrery":19,"Art of War":14,"Bag of Marbles":27,"Toy Ornithopter":27,"hubris:BottledRain":19}],"Toy Ornithopter":0},"card_choices":[{"not_picked":["AsteroidBelt","6A","Robbery"],"picked":"SKIP","floor":1.0},{"not_picked":["PowerUp","LuminesStrike","OneTimeOff"],"picked":"SKIP","floor":2.0},{"not_picked":["DarkSpark","AsteroidBelt","6A"],"picked":"SKIP","floor":5.0},{"not_picked":["SatelliteIllusion","FairyDestructionRay","OrrerysSun"],"picked":"SKIP","floor":6.0},{"not_picked":["DC","OneTimeOff","SprinkleStarSeal"],"picked":"SKIP","floor":7.0},{"not_picked":["DarkMatter","OortCloud","Robbery"],"picked":"SKIP","floor":12.0},{"not_picked":["OrrerysSun","MysteriousBeam","GravityBeat"],"picked":"SKIP","floor":14.0},{"not_picked":["ShootingEcho","MysteriousBeam","WitchLeyline"],"picked":"SKIP","floor":18.0},{"not_picked":["OpenUniverse","DragonMeteor","AsteroidBelt"],"picked":"SKIP","floor":19.0},{"not_picked":["GrandCross","IllusionStar","ChargeUpSpray"],"picked":"SKIP","floor":21},{"not_picked":["OneTimeOff+1","UnstableBomb"],"picked":"UltimateShortwave","floor":24},{"not_picked":["WitchOfGreed","MachineGunSpark","GravityBeat"],"picked":"SKIP","floor":27},{"not_picked":["GravityBeat","UnstableBomb","DC"],"picked":"SKIP","floor":29},{"not_picked":["AsteroidBelt","PowerUp","PropBag","LuminesStrike"],"picked":"Singing Bowl","floor":31},{"not_picked":["StarDustReverie","UltimateShortwave","BlazingStar","MillisecondPulsars"],"picked":"Singing Bowl","floor":33},{"not_picked":["WitchLeyline","EventHorizon","DragonMeteor","WitchOfGreed"],"picked":"Singing Bowl","floor":35},{"not_picked":["GrandCross","Acceleration","StarBarrage","PowerUp+1"],"picked":"Singing Bowl","floor":38}],"player_experience":860294,"relics_obtained":[{"floor":6.0,"key":"Art of War"},{"floor":9.0,"key":"MealTicket"},{"floor":9.0,"key":"ShroomBag"},{"floor":20.0,"key":"Potion Belt"},{"floor":20.0,"key":"Blood Vial"},{"floor":24,"key":"CaptainsWheel"},{"floor":26,"key":"Ornamental Fan"},{"floor":27,"key":"HornCleat"}],"event_choices":[{"damage_healed":0.0,"max_hp_gain":0.0,"max_hp_loss":0.0,"gold_gain":0.0,"event_name":"Accursed Blacksmith","player_choice":"Rummage","floor":4.0,"gold_loss":0.0,"damage_taken":0.0,"relics_obtained":["WarpedTongs"],"cards_obtained":["Pain"]},{"cards_removed":["Strike_MRS"],"damage_healed":0.0,"max_hp_gain":0.0,"max_hp_loss":0.0,"gold_gain":0.0,"event_name":"The Cleric","player_choice":"Card Removal","floor":10.0,"gold_loss":75.0,"damage_taken":0.0},{"cards_removed":["Defend_MRS"],"damage_healed":0.0,"max_hp_gain":0.0,"max_hp_loss":0.0,"gold_gain":0.0,"event_name":"Living Wall","player_choice":"Forget","floor":11.0,"gold_loss":0.0,"damage_taken":0.0},{"damage_healed":0,"gold_gain":0,"player_choice":"RE RE RE RE RE RE RE RE RE RE RE RE RE RE RE RE RE RE RE RE RE RE UP UP UP UP RE RE RE RE ","damage_taken":1198,"relics_obtained":["PreservedInsect","Pen Nib","Vajra","Boot","Orichalcum","Akabeko","War Paint","Oddly Smooth Stone","Happy Flower","Bronze Scales","Dream Catcher","CeramicFish","Smiling Mask","Centennial Puzzle","Juzu Bracelet","Nunchaku","Bag of Marbles","Toy Ornithopter","hubris:TenFootPole","Lantern","Anchor","Regal Pillow","hubris:SlimyHat","Bag of Preparation","StrikeDummy","Kunai"],"max_hp_gain":0,"max_hp_loss":0,"event_name":"betterSkull:BetterSkull","floor":22,"gold_loss":0,"cards_upgraded":["MasterSpark","UpSweep","CollectingQuirk"]},{"cards_removed":["UltimateShortwave"],"damage_healed":0,"gold_gain":0,"player_choice":"Removed Skill","damage_taken":0,"max_hp_gain":0,"max_hp_loss":0,"event_name":"Falling","floor":36,"gold_loss":0}],"is_beta":false,"boss_relics":[{"not_picked":["Tiny House","hubris:VirtuousBlindfold"],"picked":"Philosopher\u0027s Stone"},{"not_picked":["hubris:Stopwatch","Pandora\u0027s Box"],"picked":"Empty Cage"}],"items_purged_floors":[3,8,8,13,30],"is_endless":false,"potions_floor_spawned":[2,5,16,18,19,24,29,33,38,39],"killed_by":"Jaw Worm Horde","ascension_level":20}}