{"host":"7wi4qgm5yw4j7oz0","time":1613307191,"event":{"mods":["AchievementEnabler","BaseMod","Block Reminder","Colored Map","Colored Powertips","Highlight Path","Minty Spire (QoL Compilation)","Permanent Neow","Random Character Button","Rare Cards Sparkle","StSLib","everything is the same but u backflip on backflip"],"gold_per_floor":[115,40,40,60,70,70,100,100,126,146,146,159,194,211,211,306,306,326,346,356,356,371,371,401,401,401,412,412,43,53,72,72,72,72],"floor_reached":33,"language":"KOR","playtime":1563,"items_purged":["Strike_R","Strike_R+1"],"score":422,"play_id":"603ffb39-1d73-4851-b6ad-54fbe0db2f92","local_time":"20210214215311","is_ascension_mode":true,"campfire_choices":[{"data":"Fire Breathing","floor":6,"key":"SMITH"},{"data":"Immolate","floor":8,"key":"SMITH"},{"data":"Inflame","floor":11,"key":"SMITH"},{"data":"Flame Barrier","floor":15,"key":"SMITH"},{"floor":23,"key":"REST"},{"floor":25,"key":"REST"},{"floor":32,"key":"REST"}],"circlet_count":0,"master_deck":["AscendersBane","Defend_R+1","Defend_R+1","Defend_R+1","Defend_R+1","Bash","Immolate+1","Fire Breathing+1","Reckless Charge","Inflame+1","Twin Strike","Iron Wave","Flame Barrier+1","Pommel Strike","Fire Breathing","Barricade","Rage+1","Dropkick+1","True Grit+1","Uppercut+1","Shrug It Off","Wild Strike","Power Through","Ghostly Armor+1","Evolve","Warcry+1","Body Slam+1","Offering+1"],"relics":["Burning Blood","Potion Belt","Pen Nib","HornCleat","Astrolabe","Nunchaku","Toxic Egg 2","Orichalcum"],"acts_visited":["Exordium","TheCity"],"potions_floor_usage":[7,10,13,19,22,22,33,33],"damage_taken":[{"damage":7,"enemies":"Jaw Worm","floor":1,"turns":3},{"damage":0,"enemies":"2 Louse","floor":4,"turns":1},{"damage":0,"enemies":"Small Slimes","floor":5,"turns":3},{"damage":25,"enemies":"3 Sentries","floor":7,"turns":4},{"damage":6,"enemies":"3 Louse","floor":10,"turns":2},{"damage":8,"enemies":"Blue Slaver","floor":12,"turns":2},{"damage":23,"enemies":"Gremlin Nob","floor":13,"turns":4},{"damage":0,"enemies":"2 Fungi Beasts","floor":14,"turns":1},{"damage":32,"enemies":"The Guardian","floor":16,"turns":10},{"damage":21,"enemies":"Spheric Guardian","floor":18,"turns":5},{"damage":12,"enemies":"3 Byrds","floor":19,"turns":2},{"damage":27,"enemies":"Snake Plant","floor":20,"turns":5},{"damage":25,"enemies":"Sentry and Sphere","floor":22,"turns":6},{"damage":49,"enemies":"Gremlin Leader","floor":24,"turns":7},{"damage":5,"enemies":"Shelled Parasite and Fungi","floor":27,"turns":6},{"damage":22,"enemies":"Centurion and Healer","floor":30,"turns":7},{"damage":10,"enemies":"3 Cultists","floor":31,"turns":5},{"damage":58,"enemies":"Automaton","floor":33,"turns":8}],"seed_played":"1497717606056823818","potions_obtained":[{"floor":5,"key":"EntropicBrew"},{"floor":12,"key":"Ancient Potion"},{"floor":13,"key":"SteroidPotion"},{"floor":18,"key":"Weak Potion"},{"floor":20,"key":"ColorlessPotion"},{"floor":24,"key":"Fire Potion"},{"floor":31,"key":"GamblersBrew"}],"is_trial":false,"path_per_floor":["M","$","?","M","M","R","E","R","T","M","R","M","E","M","R","B",null,"M","M","M","?","M","R","E","R","T","M","?","$","M","M","R","B"],"character_chosen":"IRONCLAD","items_purchased":["Evolve","Warcry+1","Orichalcum"],"campfire_rested":3,"item_purchase_floors":[29,29,29],"current_hp_per_floor":[71,71,76,82,85,85,66,66,66,66,66,64,47,53,53,27,71,56,50,29,29,10,35,21,46,46,47,47,47,31,27,52,0,0],"gold":72,"neow_bonus":"ONE_RANDOM_RARE_CARD","is_daily":false,"chose_seed":false,"campfire_upgraded":4,"win_rate":0.0,"timestamp":1613307191,"path_taken":["M","$","?","M","M","R","E","R","T","M","R","M","E","M","R","BOSS","M","M","M","?","M","R","E","R","T","M","?","$","M","M","R","BOSS"],"items_purchased_type":["Card","Card","Relic"],"build_version":"2020-12-22","purchased_purges":2,"victory":false,"max_hp_per_floor":[80,80,85,85,85,85,85,85,85,85,85,85,85,85,85,85,85,85,85,85,85,85,85,85,85,85,85,85,85,85,85,85,85,85],"card_choices":[{"not_picked":["True Grit","Cleave"],"picked":"Fire Breathing","floor":1},{"not_picked":["Iron Wave","Clash"],"picked":"Reckless Charge","floor":4},{"not_picked":["Heavy Blade","Clothesline"],"picked":"Inflame","floor":5},{"not_picked":["Burning Pact","Intimidate"],"picked":"Twin Strike","floor":7},{"not_picked":["Bloodletting","Sever Soul"],"picked":"Iron Wave","floor":10},{"not_picked":["Corruption","Combust"],"picked":"Flame Barrier","floor":12},{"not_picked":["Havoc","Heavy Blade"],"picked":"Pommel Strike","floor":13},{"not_picked":["Inflame","Blood for Blood"],"picked":"Fire Breathing","floor":14},{"not_picked":["Brutality","Fiend Fire"],"picked":"Barricade","floor":16},{"not_picked":["Dual Wield+1","Cleave+1"],"picked":"Uppercut+1","floor":18},{"not_picked":["True Grit","Pommel Strike+1"],"picked":"Shrug It Off","floor":19},{"not_picked":["Infernal Blade+1","Heavy Blade","Twin Strike"],"picked":"SKIP","floor":20},{"not_picked":["Heavy Blade","Demon Form"],"picked":"Wild Strike","floor":22},{"not_picked":["Flex","True Grit"],"picked":"Power Through","floor":24},{"not_picked":["Pommel Strike","Twin Strike","Wild Strike"],"picked":"SKIP","floor":27},{"not_picked":["Warcry+1","Heavy Blade"],"picked":"Body Slam+1","floor":30},{"not_picked":["Warcry+1","Body Slam+1"],"picked":"Offering+1","floor":31}],"player_experience":299667,"relics_obtained":[{"floor":7,"key":"Potion Belt"},{"floor":9,"key":"Pen Nib"},{"floor":13,"key":"HornCleat"},{"floor":24,"key":"Nunchaku"},{"floor":26,"key":"Toxic Egg 2"}],"event_choices":[{"damage_healed":0,"gold_gain":0,"player_choice":"Donut","damage_taken":0,"max_hp_gain":5,"max_hp_loss":0,"event_name":"Big Fish","floor":3,"gold_loss":0},{"damage_healed":0,"gold_gain":0,"player_choice":"Simplicity","damage_taken":0,"max_hp_gain":0,"max_hp_loss":0,"event_name":"Back to Basics","floor":21,"gold_loss":0,"cards_upgraded":["Strike_R","Defend_R","Defend_R","Defend_R","Defend_R"]},{"damage_healed":0,"gold_gain":0,"player_choice":"Read","damage_taken":0,"max_hp_gain":0,"max_hp_loss":0,"event_name":"The Library","floor":28,"gold_loss":0,"cards_obtained":["Ghostly Armor"]}],"is_beta":false,"boss_relics":[{"not_picked":["Runic Cube","Fusion Hammer"],"picked":"Astrolabe"}],"items_purged_floors":[2,29],"is_endless":false,"potions_floor_spawned":[5,12,13,18,20,24,31],"killed_by":"Automaton","ascension_level":10}}