{"host":"lv7etzzgwahaenh9","time":1613270096,"event":{"mods":["AchievementEnabler","BaseMod","Colored Map","Colored Powertips","Highlight Path","Minty Spire (QoL Compilation)","Permanent Neow","Quick Restart","Random Character Button","StSLib"],"gold_per_floor":[115,131,131,143,143,143,157,182,182,215,215,254,274,287,287,408,408,424,449,449,36,36,36,59,59,82,116,116,140,140,140,140,268,268,281,302,320,12,33,33,71,71,71,404,13,42,42,52,52,52,52,52,11,43,43],"floor_reached":56,"language":"ENG","playtime":2449,"items_purged":["Strike_P","Strike_P"],"score":1601,"play_id":"ce442f1e-5bc2-493e-b9cc-30c83ac0714d","local_time":"20210213183456","is_ascension_mode":true,"campfire_choices":[{"floor":6.0,"key":"REST"},{"floor":11.0,"key":"REST"},{"data":"BattleHymn","floor":15.0,"key":"SMITH"},{"data":"Ragnarok","floor":23.0,"key":"SMITH"},{"data":"SashWhip","floor":25.0,"key":"SMITH"},{"data":"Vigilance","floor":28.0,"key":"SMITH"},{"floor":30.0,"key":"REST"},{"data":"Prostrate","floor":32.0,"key":"SMITH"},{"data":"Defend_P","floor":40.0,"key":"PURGE"},{"data":"Defend_P","floor":42.0,"key":"PURGE"},{"floor":47.0,"key":"RECALL"},{"data":"Strike_P","floor":49.0,"key":"PURGE"},{"floor":52,"key":"REST"}],"circlet_count":0,"master_deck":["Strike_P+1","Defend_P","Eruption+1","Vigilance+1","SashWhip+1","Weave+1","WheelKick","ReachHeaven","Prostrate+1","Prostrate+1","ForeignInfluence+1","Prostrate+1","BattleHymn+1","SpiritShield+1","ThirdEye+1","SandsOfTime+1","Blasphemy+1","Evaluate+1","ForeignInfluence+1","Ragnarok+1","CrushJoints","ThirdEye+1","Scrawl+1","Perseverance+1","WaveOfTheHand+1","Pray+1","Meditate+1","DeceiveReality+1","TalkToTheHand","Brilliance"],"relics":["PureWater","Happy Flower","Toxic Egg 2","Vajra","The Courier","Philosopher\u0027s Stone","Potion Belt","Enchiridion","Ancient Tea Set","Pear","SacredBark","Peace Pipe","Damaru","White Beast Statue","Gambling Chip","Whetstone"],"acts_visited":["Exordium","TheCity","TheBeyond","TheEnding"],"potions_floor_usage":[50,50,54,54,55,55],"damage_taken":[{"damage":0.0,"enemies":"Small Slimes","floor":1.0,"turns":4.0},{"damage":0.0,"enemies":"Jaw Worm","floor":2.0,"turns":3.0},{"damage":0.0,"enemies":"Cultist","floor":4.0,"turns":2.0},{"damage":4.0,"enemies":"3 Louse","floor":7.0,"turns":3.0},{"damage":6.0,"enemies":"Exordium Thugs","floor":8.0,"turns":3.0},{"damage":16.0,"enemies":"3 Sentries","floor":10.0,"turns":4.0},{"damage":3.0,"enemies":"Lagavulin","floor":12.0,"turns":5.0},{"damage":0.0,"enemies":"2 Fungi Beasts","floor":13.0,"turns":1.0},{"damage":0.0,"enemies":"Large Slime","floor":14.0,"turns":2.0},{"damage":13.0,"enemies":"Hexaghost","floor":16.0,"turns":6.0},{"damage":4.0,"enemies":"Shell Parasite","floor":18.0,"turns":4.0},{"damage":0.0,"enemies":"Spheric Guardian","floor":19.0,"turns":3.0},{"damage":0.0,"enemies":"Snecko","floor":24.0,"turns":2.0},{"damage":8.0,"enemies":"Book of Stabbing","floor":27.0,"turns":2.0},{"damage":19.0,"enemies":"Snake Plant","floor":29.0,"turns":4.0},{"damage":17.0,"enemies":"Champ","floor":33.0,"turns":5.0},{"damage":0.0,"enemies":"3 Darklings","floor":35.0,"turns":1.0},{"damage":0.0,"enemies":"3 Shapes","floor":36.0,"turns":4.0},{"damage":0.0,"enemies":"Jaw Worm Horde","floor":37.0,"turns":3.0},{"damage":0.0,"enemies":"Maw","floor":39.0,"turns":6.0},{"damage":5.0,"enemies":"Reptomancer","floor":41.0,"turns":5.0},{"damage":0.0,"enemies":"Giant Head","floor":46.0,"turns":3.0},{"damage":0.0,"enemies":"Sphere and 2 Shapes","floor":48.0,"turns":1.0},{"damage":43,"enemies":"Time Eater","floor":50,"turns":6},{"damage":5,"enemies":"Shield and Spear","floor":54,"turns":4},{"damage":63,"enemies":"The Heart","floor":55,"turns":5}],"seed_played":"91273995186136580","potions_obtained":[{"floor":2.0,"key":"CultistPotion"},{"floor":4.0,"key":"SpeedPotion"},{"floor":8.0,"key":"GamblersBrew"},{"floor":12.0,"key":"SteroidPotion"},{"floor":16.0,"key":"GamblersBrew"},{"floor":24.0,"key":"SmokeBomb"},{"floor":27.0,"key":"PowerPotion"},{"floor":35.0,"key":"DuplicationPotion"},{"floor":36.0,"key":"Fruit Juice"},{"floor":39.0,"key":"Swift Potion"},{"floor":46.0,"key":"Energy Potion"},{"floor":48.0,"key":"Energy Potion"},{"floor":54,"key":"LiquidMemories"}],"is_trial":false,"path_per_floor":["M","M","?","M","?","R","M","M","T","E","R","E","M","M","R","B",null,"M","M","?","$","?","R","M","R","T","E","R","M","R","?","R","B",null,"M","M","M","$","M","R","E","R","T","?","$","E","R","M","R","B",null,"R","$","E","B",null],"character_chosen":"WATCHER","items_purchased":["Blasphemy+1","Evaluate+1","ForeignInfluence+1","Ragnarok","Peace Pipe","Meditate+1","White Beast Statue","Brilliance","Block Potion"],"campfire_rested":4,"item_purchase_floors":[21,21,21,21,38,38,45,45,53],"current_hp_per_floor":[65,65,51,51,33,54,50,44,44,28,49,46,46,46,46,33,62,58,58,58,58,42,42,42,42,42,44,44,25,49,49,49,32,70,70,70,70,70,70,70,65,65,65,65,65,65,65,75,75,32,77,92,92,87,24],"gold":43,"neow_bonus":"RANDOM_COMMON_RELIC","is_daily":false,"chose_seed":false,"campfire_upgraded":5,"win_rate":0.0,"timestamp":1613270096,"path_taken":["M","M","?","M","?","R","M","M","T","E","R","E","M","M","R","BOSS","M","M","?","$","?","R","M","R","T","E","R","M","R","?","R","BOSS","M","M","M","$","?","R","E","R","T","?","?","E","R","M","R","BOSS","R","$","E","BOSS"],"items_purchased_type":["Card","Card","Card","Card","Relic","Card","Relic","Card","Potion"],"build_version":"2020-12-22","purchased_purges":2,"victory":true,"max_hp_per_floor":[72,72,72,72,72,72,72,72,72,72,72,72,72,72,72,72,72,72,72,72,72,72,72,72,72,72,82,82,82,82,82,82,82,82,82,82,82,82,82,82,82,82,82,82,82,82,82,92,92,92,92,92,92,92,92],"card_choices":[{"not_picked":["FollowUp","EmptyFist"],"picked":"SashWhip","floor":1.0},{"not_picked":["CarveReality","Vengeance"],"picked":"Weave","floor":2.0},{"not_picked":["CrushJoints","Evaluate"],"picked":"WheelKick","floor":4.0},{"not_picked":["FlyingSleeves","Protect"],"picked":"ReachHeaven","floor":7.0},{"not_picked":["ClearTheMind","Fasting2"],"picked":"Prostrate","floor":8.0},{"not_picked":["Wireheading","Evaluate+1"],"picked":"Prostrate+1","floor":10.0},{"not_picked":["ClearTheMind+1","ConjureBlade+1"],"picked":"ForeignInfluence+1","floor":12.0},{"not_picked":["FlurryOfBlows","Consecrate"],"picked":"Prostrate+1","floor":13.0},{"not_picked":["MentalFortress","CrushJoints"],"picked":"BattleHymn","floor":14.0},{"not_picked":["Omniscience+1","DevaForm"],"picked":"SpiritShield+1","floor":16.0},{"not_picked":["ClearTheMind+1","CarveReality"],"picked":"ThirdEye+1","floor":18.0},{"not_picked":["FollowUp","PathToVictory+1"],"picked":"SandsOfTime","floor":19.0},{"not_picked":["EmptyFist","Study"],"picked":"CrushJoints","floor":24.0},{"not_picked":["CarveReality+1","FollowUp"],"picked":"ThirdEye+1","floor":27.0},{"not_picked":["Wireheading","Crescendo+1","EmptyFist+1"],"picked":"SKIP","floor":29.0},{"not_picked":["Devotion","ConjureBlade+1"],"picked":"Scrawl+1","floor":33.0},{"not_picked":["Collect+1","JustLucky"],"picked":"Perseverance+1","floor":35.0},{"not_picked":["EmptyBody+1","ThirdEye+1"],"picked":"WaveOfTheHand+1","floor":36.0},{"not_picked":["Conclude+1","EmptyBody+1"],"picked":"Pray+1","floor":37.0},{"not_picked":["EmptyFist","JustLucky"],"picked":"DeceiveReality+1","floor":39.0},{"not_picked":["Evaluate+1","LikeWater"],"picked":"TalkToTheHand","floor":41.0},{"not_picked":["WreathOfFlame+1","Weave+1","Crescendo+1"],"picked":"SKIP","floor":46.0},{"not_picked":["Evaluate+1","FollowUp+1","BattleHymn"],"picked":"SKIP","floor":48.0},{"not_picked":["ForeignInfluence+1","Consecrate+1","Pray+1"],"picked":"SKIP","floor":54}],"player_experience":380838,"relics_obtained":[{"floor":9.0,"key":"Toxic Egg 2"},{"floor":10.0,"key":"Vajra"},{"floor":12.0,"key":"The Courier"},{"floor":22.0,"key":"Enchiridion"},{"floor":26.0,"key":"Ancient Tea Set"},{"floor":27.0,"key":"Pear"},{"floor":41.0,"key":"Damaru"},{"floor":46.0,"key":"Gambling Chip"},{"floor":54,"key":"Whetstone"}],"event_choices":[{"damage_healed":0.0,"max_hp_gain":0.0,"max_hp_loss":0.0,"gold_gain":0.0,"event_name":"Shining Light","player_choice":"Entered Light","floor":3.0,"gold_loss":0.0,"damage_taken":14.0,"cards_upgraded":["Strike_P","Eruption"]},{"damage_healed":0.0,"max_hp_gain":0.0,"max_hp_loss":0.0,"gold_gain":0.0,"event_name":"Golden Idol","player_choice":"Take Damage","floor":5.0,"gold_loss":0.0,"damage_taken":18.0,"relics_obtained":["Golden Idol"]},{"damage_healed":0.0,"max_hp_gain":0.0,"max_hp_loss":0.0,"gold_gain":0.0,"event_name":"The Mausoleum","player_choice":"Opened","floor":20.0,"gold_loss":0.0,"damage_taken":0.0,"relics_obtained":["Potion Belt"]},{"damage_healed":0.0,"max_hp_gain":0.0,"max_hp_loss":0.0,"gold_gain":0.0,"event_name":"Cursed Tome","player_choice":"Obtained Book","floor":22.0,"gold_loss":0.0,"damage_taken":16.0},{"cards_removed":["Defend_P"],"damage_healed":0.0,"max_hp_gain":0.0,"max_hp_loss":0.0,"gold_gain":0.0,"event_name":"Bonfire Elementals","player_choice":"Offered Basic","floor":31.0,"gold_loss":0.0,"damage_taken":0.0},{"damage_healed":0.0,"max_hp_gain":0.0,"max_hp_loss":0.0,"gold_gain":333.0,"event_name":"The Moai Head","player_choice":"Gave Idol","floor":44.0,"relics_lost":["Golden Idol"],"gold_loss":0.0,"damage_taken":0.0}],"is_beta":false,"boss_relics":[{"not_picked":["Velvet Choker","Sozu"],"picked":"Philosopher\u0027s Stone"},{"not_picked":["HolyWater","Busted Crown"],"picked":"SacredBark"}],"items_purged_floors":[21,45],"is_endless":false,"potions_floor_spawned":[2,4,8,12,16,24,27,35,36,39,46,48,54],"ascension_level":6}}