{"host":"q0qnzbgdx8oqogg9","time":1613316506,"event":{"mods":["BaseMod","Minty Spire (QoL Compilation)","StSLib"],"gold_per_floor":[367,378,401,142,158,189,189,219,243,168,185,200,200,200,200,279,279,244,244,6,20,37,72,72,83,83,83,103,103,103,121,121,197,197,216,233,97,1096,944,944,977,990,990,836,866,866,883,894,894,894,894,894,478,511,511],"floor_reached":56,"language":"ENG","playtime":2905,"items_purged":["Regret","Strike_B","Reprogram","Dualcast","Multi-Cast"],"score":2121,"play_id":"3256b95e-10c2-4713-883c-b120ca575ef6","local_time":"20210214102826","is_ascension_mode":true,"campfire_choices":[{"floor":7.0,"key":"REST"},{"data":"Defragment","floor":15.0,"key":"SMITH"},{"data":"Consume","floor":27.0,"key":"SMITH"},{"floor":32.0,"key":"REST"},{"floor":46,"key":"RECALL"},{"floor":49,"key":"REST"},{"data":"Seek","floor":52,"key":"SMITH"}],"circlet_count":0,"master_deck":["AscendersBane","Zap","Coolheaded","Sweeping Beam+1","Capacitor+1","Reinforced Body","Cold Snap","Go for the Eyes+1","Defragment+1","Core Surge","Ball Lightning","Thunder Strike","Chill+1","FTL","Consume+1","Defragment+1","Seek+1","Coolheaded","Barrage","Conserve Battery","Redo","Redo+1","Hologram+1","Recycle+1","Coolheaded+1"],"relics":["Cracked Core","Boot","Membership Card","Thread and Needle","Matryoshka","Bag of Preparation","Juzu Bracelet","Nuclear Battery","Runic Capacitor","Whetstone","Toy Ornithopter","Omamori","Bronze Scales","InkBottle","MutagenicStrength","Pandora\u0027s Box","Anchor","Orichalcum","Sling","Lizard Tail","Happy Flower","Toxic Egg 2","Turnip","Lee\u0027s Waffle","Art of War","Torii"],"acts_visited":["Exordium","TheCity","TheBeyond","TheEnding"],"potions_floor_usage":[50,55,55],"damage_taken":[{"damage":3.0,"enemies":"Cultist","floor":1.0,"turns":4.0},{"damage":12.0,"enemies":"Small Slimes","floor":2.0,"turns":3.0},{"damage":6.0,"enemies":"2 Louse","floor":5.0,"turns":3.0},{"damage":9.0,"enemies":"3 Sentries","floor":6.0,"turns":7.0},{"damage":2.0,"enemies":"Gremlin Nob","floor":8.0,"turns":5.0},{"damage":4.0,"enemies":"Exordium Wildlife","floor":11.0,"turns":6.0},{"damage":1.0,"enemies":"Exordium Thugs","floor":12.0,"turns":5.0},{"damage":21.0,"enemies":"Hexaghost","floor":16.0,"turns":16.0},{"damage":18.0,"enemies":"2 Thieves","floor":18.0,"turns":5.0},{"damage":4.0,"enemies":"3 Byrds","floor":21.0,"turns":5.0},{"damage":1.0,"enemies":"Snecko","floor":22.0,"turns":5.0},{"damage":0.0,"enemies":"Gremlin Leader","floor":23.0,"turns":8.0},{"damage":0.0,"enemies":"Cultist and Chosen","floor":25.0,"turns":6.0},{"damage":0.0,"enemies":"Snake Plant","floor":28.0,"turns":4.0},{"damage":0.0,"enemies":"Chosen and Byrds","floor":31.0,"turns":6.0},{"damage":2.0,"enemies":"Champ","floor":33.0,"turns":12.0},{"damage":0.0,"enemies":"3 Darklings","floor":35.0,"turns":4.0},{"damage":0.0,"enemies":"3 Shapes","floor":36.0,"turns":6.0},{"damage":21,"enemies":"Reptomancer","floor":41,"turns":6},{"damage":0,"enemies":"Spire Growth","floor":42,"turns":4},{"damage":0,"enemies":"Giant Head","floor":45,"turns":7},{"damage":0,"enemies":"Jaw Worm Horde","floor":47,"turns":4},{"damage":0,"enemies":"4 Shapes","floor":48,"turns":7},{"damage":0,"enemies":"Awakened One","floor":50,"turns":13},{"damage":12,"enemies":"Shield and Spear","floor":54,"turns":8},{"damage":41,"enemies":"The Heart","floor":55,"turns":12}],"seed_played":"-8010617523413062859","potions_obtained":[{"floor":2.0,"key":"AttackPotion"},{"floor":6.0,"key":"GamblersBrew"},{"floor":16.0,"key":"ColorlessPotion"},{"floor":18.0,"key":"Block Potion"},{"floor":21.0,"key":"Energy Potion"},{"floor":36.0,"key":"Energy Potion"},{"floor":45,"key":"BlessingOfTheForge"},{"floor":48,"key":"FocusPotion"}],"is_trial":false,"path_per_floor":["M","M","T","$","M","E","R","E","T","?","M","M","?","?","R","B",null,"M","?","$","M","M","E","?","M","T","R","M","?","?","M","R","B",null,"M","M","$","?","$","?","E","M","T","$","E","R","M","M","R","B",null,"R","$","E","B",null],"character_chosen":"DEFECT","items_purchased":["Membership Card","Capacitor","Reinforced Body","Cold Snap","Runic Capacitor","Whetstone","Thunder Strike","Anchor","Orichalcum","Sling","Happy Flower","Turnip","Lee\u0027s Waffle","Art of War","FocusPotion"],"campfire_rested":3,"item_purchase_floors":[4,4,4,4,20,20,20,37,39,39,44,53,53,53,53],"current_hp_per_floor":[61,49,49,49,43,34,55,53,53,53,49,48,48,48,48,27,60,42,42,42,38,37,37,37,37,37,37,37,37,37,37,58,56,67,67,67,67,67,67,67,46,46,46,46,46,46,46,46,67,71,71,71,78,66,35],"gold":511,"neow_bonus":"TWO_FIFTY_GOLD","is_daily":false,"chose_seed":false,"campfire_upgraded":3,"win_rate":0.0,"timestamp":1613316506,"path_taken":["M","M","?","$","?","E","R","E","T","?","M","M","?","?","R","BOSS","M","?","$","M","M","E","?","M","T","R","M","?","?","M","R","BOSS","M","M","$","?","$","?","E","M","T","$","E","R","M","M","R","BOSS","R","$","E","BOSS"],"items_purchased_type":["Relic","Card","Card","Card","Relic","Relic","Card","Relic","Relic","Relic","Relic","Relic","Relic","Relic","Potion"],"build_version":"2020-12-22","purchased_purges":5,"victory":true,"max_hp_per_floor":[71,71,71,71,71,71,71,71,71,71,71,71,71,71,71,71,71,71,71,71,71,71,71,71,71,71,71,71,71,71,71,71,71,71,71,71,71,71,71,71,71,71,71,71,71,71,71,71,71,71,71,71,78,78,78],"card_choices":[{"not_picked":["Chaos","Redo"],"picked":"Coolheaded","floor":1.0},{"not_picked":["Hologram","Streamline"],"picked":"Sweeping Beam","floor":2.0},{"not_picked":["Amplify","Static Discharge"],"picked":"Go for the Eyes","floor":5.0},{"not_picked":["Stack","Recycle"],"picked":"Defragment","floor":6.0},{"not_picked":["Hologram","Coolheaded"],"picked":"Multi-Cast","floor":8.0},{"not_picked":["Aggregate","Double Energy","Turbo"],"picked":"SKIP","floor":11.0},{"not_picked":["Go for the Eyes","Reprogram","Beam Cell"],"picked":"SKIP","floor":12.0},{"not_picked":["Hyperbeam","Seek"],"picked":"Core Surge","floor":16.0},{"not_picked":["Hello World","Lockon","Turbo+1"],"picked":"SKIP","floor":18.0},{"not_picked":["Fusion","Coolheaded"],"picked":"Chill+1","floor":21.0},{"not_picked":["Conserve Battery","Ball Lightning","Coolheaded"],"picked":"SKIP","floor":22.0},{"not_picked":["Gash","Ball Lightning"],"picked":"FTL","floor":23.0},{"not_picked":["Chaos","Streamline"],"picked":"Consume","floor":25.0},{"not_picked":["Fission","Skim","Compile Driver"],"picked":"SKIP","floor":28.0},{"not_picked":["Chill","Ball Lightning"],"picked":"Defragment+1","floor":31.0},{"not_picked":["Meteor Strike","Reboot"],"picked":"Seek","floor":33.0},{"not_picked":["Leap","Redo","Turbo+1"],"picked":"SKIP","floor":35.0},{"not_picked":["Leap","Turbo+1"],"picked":"Redo","floor":35.0},{"not_picked":["Beam Cell+1","Barrage+1","Coolheaded"],"picked":"SKIP","floor":36.0},{"not_picked":["Barrage+1","Steam","Conserve Battery+1"],"picked":"SKIP","floor":41},{"not_picked":["Heatsinks","Steam"],"picked":"Redo+1","floor":42},{"not_picked":["Gash","Force Field+1"],"picked":"Hologram+1","floor":45},{"not_picked":["Stack+1","Recycle+1","Leap+1"],"picked":"SKIP","floor":47},{"not_picked":["Stack+1","Leap+1"],"picked":"Recycle+1","floor":47},{"not_picked":["Ball Lightning+1","Melter","Gash+1"],"picked":"SKIP","floor":48},{"not_picked":["Fusion+1","Sunder+1"],"picked":"Coolheaded+1","floor":54}],"player_experience":371022,"relics_obtained":[{"floor":3.0,"key":"Boot"},{"floor":6.0,"key":"Thread and Needle"},{"floor":8.0,"key":"Matryoshka"},{"floor":9.0,"key":"Bag of Preparation"},{"floor":9.0,"key":"Juzu Bracelet"},{"floor":23.0,"key":"Toy Ornithopter"},{"floor":24.0,"key":"Omamori"},{"floor":26.0,"key":"Bronze Scales"},{"floor":26.0,"key":"InkBottle"},{"floor":41,"key":"Lizard Tail"},{"floor":45,"key":"Toxic Egg 2"},{"floor":54,"key":"Torii"}],"event_choices":[{"cards_removed":["Strike_B"],"damage_healed":0.0,"max_hp_gain":0.0,"max_hp_loss":0.0,"gold_gain":0.0,"event_name":"The Cleric","player_choice":"Card Removal","floor":10.0,"gold_loss":75.0,"damage_taken":0.0},{"cards_removed":["Strike_B"],"damage_healed":0.0,"max_hp_gain":0.0,"max_hp_loss":0.0,"gold_gain":0.0,"event_name":"Purifier","player_choice":"Purged","floor":13.0,"gold_loss":0.0,"damage_taken":0.0},{"cards_removed":["Strike_B"],"damage_healed":0.0,"max_hp_gain":0.0,"max_hp_loss":0.0,"gold_gain":0.0,"event_name":"Bonfire Elementals","player_choice":"Offered Basic","floor":14.0,"gold_loss":0.0,"damage_taken":0.0},{"damage_healed":0.0,"max_hp_gain":0.0,"max_hp_loss":0.0,"gold_gain":0.0,"event_name":"The Library","player_choice":"Read","floor":19.0,"gold_loss":0.0,"damage_taken":0.0,"cards_obtained":["Ball Lightning"]},{"damage_healed":0.0,"max_hp_gain":0.0,"max_hp_loss":0.0,"gold_gain":0.0,"event_name":"Wheel of Change","player_choice":"Relic","floor":24.0,"gold_loss":0.0,"damage_taken":0.0},{"damage_healed":0.0,"max_hp_gain":0.0,"max_hp_loss":0.0,"gold_gain":0.0,"event_name":"Ghosts","player_choice":"Ignored","floor":29.0,"gold_loss":0.0,"damage_taken":0.0},{"damage_healed":0.0,"max_hp_gain":0.0,"max_hp_loss":0.0,"gold_gain":0.0,"event_name":"Drug Dealer","player_choice":"Inject Mutagens","floor":30.0,"gold_loss":0.0,"damage_taken":0.0,"relics_obtained":["MutagenicStrength"]},{"damage_healed":0.0,"max_hp_gain":0.0,"max_hp_loss":0.0,"gold_gain":999.0,"event_name":"MindBloom","player_choice":"Gold","floor":38.0,"gold_loss":0.0,"damage_taken":0.0,"cards_obtained":["Normality","Normality"]},{"damage_healed":0.0,"max_hp_gain":0.0,"max_hp_loss":0.0,"gold_gain":0.0,"event_name":"Accursed Blacksmith","player_choice":"Forge","floor":40.0,"gold_loss":0.0,"damage_taken":0.0,"cards_upgraded":["Capacitor"]}],"is_beta":false,"boss_relics":[{"not_picked":["Busted Crown","Fusion Hammer"],"picked":"Nuclear Battery"},{"not_picked":["SlaversCollar","Snecko Eye"],"picked":"Pandora\u0027s Box"}],"items_purged_floors":[4,20,37,44,53],"is_endless":false,"potions_floor_spawned":[2,6,16,18,21,22,36,45,48,54],"ascension_level":15}}