{"host":"rolltorest","time":1613336395,"event":{"mods":["BaseMod","Minty Spire (QoL Compilation)","Relic Stats","Slay the Relics Exporter","StSLib"],"gold_per_floor":[110,130,145,163,163,193,193,225,225,225,244,257,257,285,285,363,363,380,390,70,70,70,102,17,44,44,72,72,91,123,43,43,116,116,129,129,454,480,500,500,535,535,535,565,333,349,381,396,396,396,396,396,396,39,39,39],"floor_reached":55,"language":"ENG","playtime":2520,"items_purged":["Pain","Strike_B+1"],"score":2252,"play_id":"8be85f27-55e9-4d2d-8078-959055d9835d","local_time":"20210214125955","is_ascension_mode":true,"campfire_choices":[{"data":"Coolheaded","floor":7,"key":"SMITH"},{"floor":10,"key":"REST"},{"floor":13,"key":"REST"},{"data":"Barrage","floor":15,"key":"SMITH"},{"data":"Seek","floor":32,"key":"SMITH"},{"data":"Coolheaded","floor":40,"key":"SMITH"},{"floor":42,"key":"REST"},{"floor":49,"key":"RECALL"},{"data":"Defragment","floor":53,"key":"SMITH"}],"circlet_count":0,"master_deck":["AscendersBane","Defend_B+1","Defend_B+1","Defend_B+1","Defend_B+1","Zap","Dualcast","Coolheaded","Coolheaded+1","Ball Lightning","Ball Lightning","BootSequence","Conserve Battery","Barrage+1","Self Repair","Reboot","Double Energy+1","Streamline+1","Undo+1","Defragment+1","Seek+1","Capacitor","Multi-Cast","Capacitor","White Noise","Biased Cognition","Consume","Coolheaded+1","Turbo","Doom and Gloom","Thinking Ahead","Defragment+1","Capacitor","Seek","Loop","Static Discharge"],"relics":["Runic Dome","WarpedTongs","Bag of Preparation","Toy Ornithopter","Shuriken","CaptainsWheel","Astrolabe","DataDisk","Akabeko","InkBottle","Boot","Oddly Smooth Stone","Potion Belt","The Courier","Kunai","Black Star","Old Coin","Bronze Scales","Bottled Lightning","HornCleat","Smiling Mask","StrikeDummy","Dead Branch","Pantograph","Membership Card","Lantern"],"acts_visited":["Exordium","TheCity","TheBeyond","TheEnding"],"potions_floor_usage":[8,16,47,51,55],"damage_taken":[{"damage":1,"enemies":"Cultist","floor":1,"turns":4},{"damage":10,"enemies":"Small Slimes","floor":2,"turns":5},{"damage":0,"enemies":"Jaw Worm","floor":3,"turns":6},{"damage":0,"enemies":"Looter","floor":4,"turns":3},{"damage":17,"enemies":"3 Sentries","floor":6,"turns":8},{"damage":26,"enemies":"Gremlin Nob","floor":8,"turns":4},{"damage":1,"enemies":"Red Slaver","floor":11,"turns":3},{"damage":2,"enemies":"2 Fungi Beasts","floor":12,"turns":3},{"damage":12,"enemies":"Lagavulin","floor":14,"turns":6},{"damage":24,"enemies":"Slime Boss","floor":16,"turns":8},{"damage":6,"enemies":"Spheric Guardian","floor":18,"turns":5},{"damage":11,"enemies":"2 Thieves","floor":19,"turns":5},{"damage":8,"enemies":"Book of Stabbing","floor":23,"turns":6},{"damage":0,"enemies":"Gremlin Leader","floor":25,"turns":5},{"damage":25,"enemies":"Slavers","floor":27,"turns":5},{"damage":2,"enemies":"Snake Plant","floor":29,"turns":4},{"damage":12,"enemies":"Book of Stabbing","floor":30,"turns":6},{"damage":8,"enemies":"Automaton","floor":33,"turns":7},{"damage":13,"enemies":"3 Darklings","floor":35,"turns":6},{"damage":0,"enemies":"Mind Bloom Boss Battle","floor":37,"turns":7},{"damage":0,"enemies":"3 Shapes","floor":39,"turns":2},{"damage":44,"enemies":"Reptomancer","floor":41,"turns":6},{"damage":12,"enemies":"Giant Head","floor":44,"turns":11},{"damage":17,"enemies":"Maw","floor":46,"turns":7},{"damage":16,"enemies":"Nemesis","floor":47,"turns":7},{"damage":31,"enemies":"Writhing Mass","floor":48,"turns":6},{"damage":0,"enemies":"Donu and Deca","floor":50,"turns":7},{"damage":54,"enemies":"Time Eater","floor":51,"turns":11},{"damage":68,"enemies":"Shield and Spear","floor":55,"turns":5}],"seed_played":"6245887180066858314","potions_obtained":[{"floor":3,"key":"CultistPotion"},{"floor":4,"key":"SkillPotion"},{"floor":8,"key":"BlessingOfTheForge"},{"floor":18,"key":"Weak Potion"},{"floor":41,"key":"SkillPotion"},{"floor":44,"key":"SkillPotion"},{"floor":46,"key":"DuplicationPotion"},{"floor":47,"key":"Energy Potion"}],"is_trial":false,"path_per_floor":["M","M","M","M","?","E","R","E","T","R","M","M","R","E","R","B",null,"M","M","$","?","?","E","?","E","T","E","T","M","E","$","R","B",null,"M","?","?","T","M","R","E","R","T","E","$","M","E","M","R","B","B",null,"R","$","E"],"character_chosen":"DEFECT","items_purchased":["DataDisk","Seek","Thinking Ahead","FocusPotion","Swift Potion","Membership Card","Seek","Loop","Static Discharge","Lantern","EssenceOfDarkness"],"campfire_rested":3,"item_purchase_floors":[20,20,45,45,45,54,54,54,54,54,54],"current_hp_per_floor":[63,53,53,53,53,36,36,10,10,31,30,28,49,37,37,25,60,61,57,57,57,57,56,56,66,66,48,48,56,54,54,54,53,67,61,61,67,67,67,67,33,53,53,48,48,41,40,9,9,41,23,56,56,56,0,0],"gold":39,"neow_bonus":"BOSS_RELIC","is_daily":false,"chose_seed":false,"campfire_upgraded":5,"win_rate":0.0,"timestamp":1613336395,"path_taken":["M","?","M","M","?","E","R","E","T","R","M","M","R","E","R","BOSS","M","M","$","?","?","E","?","E","T","E","?","?","E","$","R","BOSS","M","?","?","?","?","R","E","R","T","E","?","M","E","M","R","BOSS","BOSS","R","$","E"],"items_purchased_type":["Relic","Card","Card","Potion","Potion","Relic","Card","Card","Card","Relic","Potion"],"build_version":"2020-12-18","purchased_purges":2,"victory":false,"max_hp_per_floor":[71,71,71,71,71,71,71,71,71,71,71,71,71,71,71,71,71,71,71,71,71,71,71,71,71,71,71,71,71,71,71,71,71,71,71,67,67,67,67,67,67,67,67,67,67,67,67,67,67,67,67,67,67,67,67,67],"relic_stats":{"counters":[29,168],"Astrolabe":["Double Energy","Streamline","Undo"],"Dead Branch":[35],"Bag of Preparation":[48],"Boot":[64],"Smiling Mask":0,"WarpedTongs":[145],"Shuriken":[16],"Bronze Scales":[181],"Pantograph":50,"Black Star":3,"Kunai":[9],"obtain_stats":[{"Lantern":54,"Bag of Preparation":6,"Boot":25,"Smiling Mask":44,"Old Coin":37,"HornCleat":43,"Pantograph":47,"Kunai":30,"Cracked Core":0,"InkBottle":24,"Potion Belt":27,"Astrolabe":17,"Dead Branch":47,"Oddly Smooth Stone":26,"The Courier":28,"Akabeko":23,"WarpedTongs":5,"Runic Dome":0,"CaptainsWheel":14,"DataDisk":20,"Shuriken":9,"Bronze Scales":41,"Black Star":34,"Bottled Lightning":41,"Membership Card":54,"StrikeDummy":44,"Toy Ornithopter":8},{"Lantern":28,"Bag of Preparation":5,"Boot":14,"Smiling Mask":23,"Old Coin":20,"HornCleat":22,"Pantograph":25,"Kunai":17,"Cracked Core":0,"InkBottle":13,"Potion Belt":15,"Astrolabe":10,"Dead Branch":25,"Oddly Smooth Stone":14,"The Courier":15,"Akabeko":13,"WarpedTongs":4,"Runic Dome":0,"CaptainsWheel":9,"DataDisk":12,"Shuriken":6,"Bronze Scales":22,"Black Star":18,"Bottled Lightning":22,"Membership Card":28,"StrikeDummy":23,"Toy Ornithopter":6},{"Lantern":163,"Bag of Preparation":26,"Boot":71,"Smiling Mask":125,"Old Coin":106,"HornCleat":114,"Pantograph":139,"Kunai":86,"Cracked Core":0,"InkBottle":66,"Potion Belt":76,"Astrolabe":50,"Dead Branch":139,"Oddly Smooth Stone":71,"The Courier":76,"Akabeko":66,"WarpedTongs":18,"Runic Dome":0,"CaptainsWheel":42,"DataDisk":60,"Shuriken":30,"Bronze Scales":114,"Black Star":93,"Bottled Lightning":114,"Membership Card":163,"StrikeDummy":125,"Toy Ornithopter":30}],"Toy Ornithopter":16,"InkBottle":[51]},"card_choices":[{"not_picked":["Rebound","Tempest"],"picked":"Coolheaded","floor":1},{"not_picked":["Compile Driver","Steam Power"],"picked":"Coolheaded","floor":2},{"not_picked":["Stack","Heatsinks"],"picked":"Ball Lightning","floor":3},{"not_picked":["Steam","Streamline","Compile Driver"],"picked":"SKIP","floor":4},{"not_picked":["Reprogram","Hologram"],"picked":"Ball Lightning","floor":6},{"not_picked":["Stack","Static Discharge"],"picked":"BootSequence","floor":8},{"not_picked":["Fission","Compile Driver"],"picked":"Conserve Battery","floor":11},{"not_picked":["Beam Cell","Redo"],"picked":"Barrage","floor":12},{"not_picked":["Coolheaded","Sunder"],"picked":"Self Repair","floor":14},{"not_picked":["All For One","Meteor Strike"],"picked":"Reboot","floor":16},{"not_picked":["Coolheaded","Go for the Eyes","Compile Driver"],"picked":"SKIP","floor":18},{"not_picked":["Barrage","Hologram"],"picked":"Defragment+1","floor":19},{"not_picked":["Melter","Steam","Redo"],"picked":"SKIP","floor":23},{"not_picked":["Machine Learning","Turbo"],"picked":"Capacitor","floor":25},{"not_picked":["Chaos","Streamline"],"picked":"Multi-Cast","floor":27},{"not_picked":["Conserve Battery","Stack"],"picked":"Capacitor","floor":29},{"not_picked":["Ball Lightning","Conserve Battery"],"picked":"White Noise","floor":30},{"not_picked":["Multi-Cast","Fission"],"picked":"Biased Cognition","floor":33},{"not_picked":["FTL","Sunder"],"picked":"Consume","floor":35},{"not_picked":["Leap","Compile Driver"],"picked":"Coolheaded","floor":39},{"not_picked":["Undo","Reprogram+1"],"picked":"Turbo","floor":41},{"not_picked":["Gash","Leap"],"picked":"Doom and Gloom","floor":44},{"not_picked":["Turbo+1","Compile Driver","Leap"],"picked":"SKIP","floor":46},{"not_picked":["Reinforced Body","Aggregate+1"],"picked":"Defragment","floor":47},{"not_picked":["Go for the Eyes+1","Conserve Battery"],"picked":"Capacitor","floor":48}],"player_experience":1985150,"relics_obtained":[{"floor":6,"key":"Bag of Preparation"},{"floor":8,"key":"Toy Ornithopter"},{"floor":9,"key":"Shuriken"},{"floor":14,"key":"CaptainsWheel"},{"floor":23,"key":"Akabeko"},{"floor":25,"key":"Boot"},{"floor":26,"key":"Oddly Smooth Stone"},{"floor":27,"key":"Potion Belt"},{"floor":28,"key":"The Courier"},{"floor":30,"key":"Kunai"},{"floor":37,"key":"Old Coin"},{"floor":41,"key":"Bronze Scales"},{"floor":41,"key":"Bottled Lightning"},{"floor":43,"key":"HornCleat"},{"floor":44,"key":"Smiling Mask"},{"floor":44,"key":"StrikeDummy"},{"floor":47,"key":"Dead Branch"},{"floor":47,"key":"Pantograph"}],"event_choices":[{"damage_healed":0,"gold_gain":0,"player_choice":"Rummage","damage_taken":0,"relics_obtained":["WarpedTongs"],"max_hp_gain":0,"max_hp_loss":0,"event_name":"Accursed Blacksmith","floor":5,"gold_loss":0,"cards_obtained":["Pain"]},{"damage_healed":0,"gold_gain":0,"player_choice":"Ignored","damage_taken":0,"max_hp_gain":0,"max_hp_loss":0,"event_name":"Ghosts","floor":21,"gold_loss":0},{"damage_healed":0,"gold_gain":0,"player_choice":"Simplicity","damage_taken":0,"max_hp_gain":0,"max_hp_loss":0,"event_name":"Back to Basics","floor":22,"gold_loss":0,"cards_upgraded":["Strike_B","Defend_B","Defend_B","Defend_B","Defend_B"]},{"damage_healed":0,"gold_gain":0,"player_choice":"Obtained Relic","damage_taken":0,"relics_obtained":["InkBottle"],"max_hp_gain":0,"max_hp_loss":0,"event_name":"Addict","floor":24,"gold_loss":85},{"damage_healed":0,"gold_gain":0,"player_choice":"Max HP","damage_taken":0,"max_hp_gain":0,"max_hp_loss":4,"event_name":"Winding Halls","floor":36,"gold_loss":0},{"damage_healed":0,"gold_gain":0,"player_choice":"Fight","damage_taken":0,"max_hp_gain":0,"max_hp_loss":0,"event_name":"MindBloom","floor":37,"gold_loss":0}],"is_beta":true,"boss_relics":[{"not_picked":["Philosopher\u0027s Stone","Pandora\u0027s Box"],"picked":"Astrolabe"},{"not_picked":["Inserter","Coffee Dripper"],"picked":"Black Star"}],"items_purged_floors":[20,31],"is_endless":false,"potions_floor_spawned":[3,4,6,8,12,18,23,41,44,46,47],"killed_by":"Shield and Spear","ascension_level":20}}