{"host":"0mhttqdumuceah7q","time":1613303067,"event":{"mods":["AchievementEnabler","BaseMod","Colored Map","DeckTracker","Minty Spire (QoL Compilation)","Permanent Neow"],"gold_per_floor":[113,129,145,165,85,117,117,131,213,213,243,261,296,314,314,409,409,419,431,447,458,69,101,101,114,195,195,228,239,239,254,254,354,354,372,372,422,434,14,40,40,66,66,26,39,51,51,85,85,85,85,85,22,50,50],"floor_reached":56,"language":"KOR","playtime":3803,"items_purged":["Defend_P","Strike_P","Defend_P"],"score":1485,"play_id":"46be1dba-cacc-48e4-b606-e31f5c451c1e","local_time":"20210214204427","is_ascension_mode":true,"campfire_choices":[{"data":"Eruption","floor":7.0,"key":"SMITH"},{"data":"EmptyFist","floor":10.0,"key":"SMITH"},{"data":"FollowUp","floor":15.0,"key":"SMITH"},{"floor":24.0,"key":"RECALL"},{"floor":30,"key":"REST"},{"floor":32,"key":"REST"},{"floor":41,"key":"REST"},{"data":"1","floor":47,"key":"LIFT"},{"data":"2","floor":49,"key":"LIFT"},{"data":"3","floor":52,"key":"LIFT"}],"circlet_count":0,"master_deck":["Strike_P","Strike_P","Strike_P","Defend_P","Defend_P+1","Eruption+1","Vigilance+1","Consecrate","EmptyFist+1","FollowUp+1","Tantrum","FollowUp","CutThroughFate","PathToVictory+1","FollowUp+1","Consecrate+1","Scrawl","SandsOfTime+1","SandsOfTime+1","InnerPeace","Swift Strike+1","Tantrum+1","ForeignInfluence+1","Necronomicurse","ClearTheMind+1","InnerPeace+1","LessonLearned+1","Secret Weapon+1","Swift Strike+1","Dramatic Entrance+1","Crescendo+1","WheelKick+1"],"relics":["PureWater","Pocketwatch","Lantern","Lizard Tail","War Paint","Molten Egg 2","Fusion Hammer","Regal Pillow","Bottled Flame","InkBottle","Necronomicon","Potion Belt","VioletLotus","Girya","Membership Card","Bottled Lightning","Blood Vial","Damaru","Sundial","Mercury Hourglass","Eternal Feather"],"acts_visited":["Exordium","TheCity","TheBeyond","TheEnding"],"potions_floor_usage":[31,33,38,42,42,50,50,55,55,55],"damage_taken":[{"damage":0.0,"enemies":"Cultist","floor":1.0,"turns":2.0},{"damage":1.0,"enemies":"Jaw Worm","floor":2.0,"turns":3.0},{"damage":0.0,"enemies":"2 Louse","floor":3.0,"turns":1.0},{"damage":5.0,"enemies":"Looter","floor":4.0,"turns":2.0},{"damage":0.0,"enemies":"Gremlin Nob","floor":6.0,"turns":2.0},{"damage":4.0,"enemies":"Blue Slaver","floor":8.0,"turns":3.0},{"damage":4.0,"enemies":"3 Sentries","floor":11.0,"turns":4.0},{"damage":0.0,"enemies":"Red Slaver","floor":12.0,"turns":1.0},{"damage":0.0,"enemies":"Lagavulin","floor":13.0,"turns":3.0},{"damage":1.0,"enemies":"2 Fungi Beasts","floor":14.0,"turns":3.0},{"damage":19.0,"enemies":"Hexaghost","floor":16.0,"turns":6.0},{"damage":0.0,"enemies":"Spheric Guardian","floor":18.0,"turns":1.0},{"damage":10.0,"enemies":"2 Thieves","floor":19.0,"turns":3.0},{"damage":0.0,"enemies":"Snecko","floor":20.0,"turns":2.0},{"damage":8.0,"enemies":"Shelled Parasite and Fungi","floor":21.0,"turns":3.0},{"damage":2.0,"enemies":"Gremlin Leader","floor":23.0,"turns":3.0},{"damage":5.0,"enemies":"Chosen and Byrds","floor":25.0,"turns":2.0},{"damage":0,"enemies":"Book of Stabbing","floor":28,"turns":2},{"damage":0,"enemies":"Snecko","floor":29,"turns":2},{"damage":0,"enemies":"Snake Plant","floor":31,"turns":1},{"damage":54,"enemies":"Collector","floor":33,"turns":4},{"damage":0,"enemies":"Orb Walker","floor":35,"turns":1},{"damage":19,"enemies":"Mind Bloom Boss Battle","floor":37,"turns":4},{"damage":10,"enemies":"3 Darklings","floor":38,"turns":3},{"damage":0,"enemies":"Reptomancer","floor":40,"turns":2},{"damage":1,"enemies":"Giant Head","floor":42,"turns":3},{"damage":0,"enemies":"Transient","floor":45,"turns":5},{"damage":0,"enemies":"Maw","floor":46,"turns":2},{"damage":0,"enemies":"Reptomancer","floor":48,"turns":3},{"damage":0,"enemies":"Donu and Deca","floor":50,"turns":2},{"damage":0,"enemies":"Shield and Spear","floor":54,"turns":1},{"damage":224,"enemies":"The Heart","floor":55,"turns":4}],"seed_played":"-9043093154702818040","potions_obtained":[{"floor":3.0,"key":"BlessingOfTheForge"},{"floor":4.0,"key":"FairyPotion"},{"floor":12.0,"key":"Block Potion"},{"floor":14.0,"key":"Fruit Juice"},{"floor":16.0,"key":"GamblersBrew"},{"floor":20.0,"key":"SpeedPotion"},{"floor":25.0,"key":"SkillPotion"},{"floor":28,"key":"DistilledChaos"},{"floor":33,"key":"AttackPotion"},{"floor":40,"key":"AttackPotion"},{"floor":42,"key":"Ancient Potion"},{"floor":44,"key":"LiquidMemories"},{"floor":44,"key":"LiquidMemories"},{"floor":48,"key":"SteroidPotion"},{"floor":54,"key":"BottledMiracle"}],"is_trial":false,"path_per_floor":["M","M","M","M","?","E","R","M","T","R","E","M","E","M","R","B",null,"M","M","M","M","$","E","R","M","T","?","E","M","R","M","R","B",null,"M","?","?","M","$","E","R","E","T","?","M","M","R","E","R","B",null,"R","$","E","B",null],"character_chosen":"WATCHER","items_purchased":["Regal Pillow","Swift Strike+1","Tantrum+1","Membership Card","EssenceOfSteel","DistilledChaos","Bottled Lightning","Block Potion"],"campfire_rested":3,"item_purchase_floors":[22,22,22,39,39,39,39,39],"current_hp_per_floor":[51,50,50,45,45,45,45,41,41,41,37,37,37,41,41,22,77,77,67,67,59,59,57,57,52,52,36,36,36,74,74,77,23,77,77,67,48,38,38,38,76,76,76,76,77,77,77,77,77,77,77,77,77,77,33],"gold":50,"neow_bonus":"ONE_RARE_RELIC","is_daily":false,"chose_seed":false,"campfire_upgraded":3,"win_rate":0.0,"timestamp":1613303067,"path_taken":["M","M","M","?","?","E","R","M","T","R","E","M","E","?","R","BOSS","M","M","M","M","$","E","R","M","T","?","E","M","R","M","R","BOSS","M","?","?","M","$","E","R","E","T","?","M","?","R","E","R","BOSS","R","$","E","BOSS"],"items_purchased_type":["Relic","Card","Card","Relic","Potion","Potion","Relic","Potion"],"build_version":"2020-12-22","purchased_purges":3,"victory":true,"max_hp_per_floor":[72,72,72,72,72,72,72,72,72,72,72,72,72,77,77,77,77,77,77,77,77,77,77,77,77,77,77,77,77,77,77,77,77,77,77,77,77,77,77,77,77,77,77,77,77,77,77,77,77,77,77,77,77,77,77],"card_choices":[{"not_picked":["JustLucky","Worship","SandsOfTime"],"picked":"SKIP","floor":1.0},{"not_picked":["WreathOfFlame","JustLucky"],"picked":"Consecrate","floor":2.0},{"not_picked":["WindmillStrike","PathToVictory"],"picked":"EmptyFist","floor":3.0},{"not_picked":["BowlingBash","SashWhip"],"picked":"FollowUp","floor":4.0},{"not_picked":["MentalFortress","JustLucky"],"picked":"Tantrum","floor":6.0},{"not_picked":["ThirdEye","Consecrate"],"picked":"FollowUp","floor":8.0},{"not_picked":["BattleHymn","Prostrate"],"picked":"CutThroughFate","floor":11.0},{"not_picked":["Nirvana","MasterReality"],"picked":"PathToVictory","floor":12.0},{"not_picked":["EmptyBody","Weave+1"],"picked":"FollowUp+1","floor":13.0},{"not_picked":["JustLucky+1","Prostrate"],"picked":"Consecrate+1","floor":14.0},{"not_picked":["Brilliance+1","MasterReality"],"picked":"Scrawl","floor":16.0},{"not_picked":["PathToVictory","FlurryOfBlows+1","Weave+1"],"picked":"SKIP","floor":18.0},{"not_picked":["ClearTheMind","FollowUp+1"],"picked":"SandsOfTime+1","floor":19.0},{"not_picked":["MentalFortress","EmptyBody+1"],"picked":"SandsOfTime+1","floor":20.0},{"not_picked":["JustLucky+1","FollowUp+1"],"picked":"InnerPeace","floor":21.0},{"not_picked":["LikeWater","Consecrate+1","ClearTheMind"],"picked":"SKIP","floor":23.0},{"not_picked":["WreathOfFlame","Protect"],"picked":"ForeignInfluence+1","floor":25.0},{"not_picked":["Evaluate","Brilliance+1","Weave+1"],"picked":"SKIP","floor":28},{"not_picked":["JustLucky+1","InnerPeace"],"picked":"ClearTheMind+1","floor":29},{"not_picked":["WreathOfFlame","SandsOfTime+1"],"picked":"InnerPeace+1","floor":31},{"not_picked":["Devotion","Omniscience"],"picked":"LessonLearned+1","floor":33},{"not_picked":["Protect+1","Indignation+1","Consecrate+1"],"picked":"SKIP","floor":35},{"not_picked":["Sadistic Nature","Blind"],"picked":"Secret Weapon","floor":36},{"not_picked":["Trip","Blind"],"picked":"Swift Strike+1","floor":36},{"not_picked":["Good Instincts","Mind Blast+1"],"picked":"Dramatic Entrance+1","floor":36},{"not_picked":["PathToVictory","Evaluate","FollowUp+1"],"picked":"SKIP","floor":38},{"not_picked":["ConjureBlade","Perseverance"],"picked":"Crescendo+1","floor":40},{"not_picked":["Weave+1","PathToVictory+1","WaveOfTheHand+1"],"picked":"SKIP","floor":42},{"not_picked":["SandsOfTime+1","Halt"],"picked":"WheelKick+1","floor":45},{"not_picked":["BowlingBash+1","WheelKick+1","Protect+1"],"picked":"SKIP","floor":46},{"not_picked":["Nirvana+1","Halt+1","ThirdEye"],"picked":"SKIP","floor":48},{"not_picked":["Judgement","FlurryOfBlows+1","CarveReality+1"],"picked":"SKIP","floor":54}],"player_experience":76275,"relics_obtained":[{"floor":6.0,"key":"Lizard Tail"},{"floor":11.0,"key":"War Paint"},{"floor":13.0,"key":"Molten Egg 2"},{"floor":23.0,"key":"Bottled Flame"},{"floor":26.0,"key":"InkBottle"},{"floor":27.0,"key":"Necronomicon"},{"floor":28,"key":"Potion Belt"},{"floor":37,"key":"Girya"},{"floor":40,"key":"Blood Vial"},{"floor":42,"key":"Damaru"},{"floor":43,"key":"Sundial"},{"floor":48,"key":"Mercury Hourglass"},{"floor":54,"key":"Eternal Feather"}],"event_choices":[{"damage_healed":0.0,"max_hp_gain":0.0,"max_hp_loss":0.0,"gold_gain":0.0,"event_name":"WeMeetAgain","player_choice":"Paid Gold","floor":5.0,"gold_loss":80.0,"damage_taken":0.0,"relics_obtained":["Lantern"]},{"damage_healed":0.0,"max_hp_gain":0.0,"max_hp_loss":0.0,"gold_gain":0.0,"event_name":"Cursed Tome","player_choice":"Obtained Book","floor":27.0,"gold_loss":0.0,"damage_taken":16.0},{"damage_healed":0,"gold_gain":0,"player_choice":"Memory 3","damage_taken":10,"max_hp_gain":0,"max_hp_loss":0,"event_name":"SensoryStone","floor":36,"gold_loss":0},{"damage_healed":0,"gold_gain":0,"player_choice":"Fight","damage_taken":0,"max_hp_gain":0,"max_hp_loss":0,"event_name":"MindBloom","floor":37,"gold_loss":0},{"damage_healed":0,"gold_gain":0,"player_choice":"Bought 3 Potions","damage_taken":0,"max_hp_gain":0,"max_hp_loss":0,"event_name":"The Woman in Blue","floor":44,"gold_loss":0}],"is_beta":false,"boss_relics":[{"not_picked":["SacredBark","Busted Crown"],"picked":"Fusion Hammer"},{"not_picked":["Snecko Eye","SlaversCollar"],"picked":"VioletLotus"}],"items_purged_floors":[22,39,53],"is_endless":false,"potions_floor_spawned":[3,4,12,14,16,20,25,28,33,40,42,45,48,54],"ascension_level":1}}