{"host":"bgyhjzqafgkxdxsh","time":1613279761,"event":{"mods":["BaseMod","Colored Map","Minty Spire (QoL Compilation)","Relic Stats","StSLib","everything is the same but u backflip on backflip"],"gold_per_floor":[116,132,149,164,181,181,181,181],"floor_reached":7,"language":"ENG","playtime":285,"items_purged":[],"score":79,"play_id":"4d3520b4-0ff2-4617-9bc9-39b101288d5a","local_time":"20210214151601","is_ascension_mode":true,"campfire_choices":[{"data":"Neutralize","floor":6,"key":"SMITH"}],"circlet_count":0,"master_deck":["AscendersBane","Strike_G","Strike_G","Strike_G","Strike_G","Strike_G","Defend_G","Defend_G","Defend_G","Defend_G","Defend_G","Survivor","Neutralize+1","Dagger Spray","PiercingWail","Grand Finale","Quick Slash"],"relics":["Ring of the Snake"],"acts_visited":["Exordium"],"potions_floor_usage":[7],"damage_taken":[{"damage":10,"enemies":"Cultist","floor":1,"turns":5},{"damage":0,"enemies":"Small Slimes","floor":2,"turns":3},{"damage":3,"enemies":"Jaw Worm","floor":3,"turns":6},{"damage":15,"enemies":"Blue Slaver","floor":4,"turns":5},{"damage":0,"enemies":"Gremlin Gang","floor":5,"turns":3},{"damage":44,"enemies":"Lagavulin","floor":7,"turns":11}],"seed_played":"-4683705895459495566","potions_obtained":[{"floor":5,"key":"Fruit Juice"}],"is_trial":false,"path_per_floor":["M","M","M","M","M","R","E"],"character_chosen":"THE_SILENT","items_purchased":[],"campfire_rested":0,"item_purchase_floors":[],"current_hp_per_floor":[55,55,52,37,37,37,0,0],"gold":181,"neow_bonus":"TEN_PERCENT_HP_BONUS","is_daily":false,"chose_seed":false,"campfire_upgraded":1,"win_rate":0.0,"timestamp":1613279761,"path_taken":["M","M","M","M","M","R","E"],"items_purchased_type":[],"build_version":"2020-12-22","purchased_purges":0,"victory":false,"max_hp_per_floor":[72,72,72,72,72,72,77,77],"relic_stats":{"counters":[6,33],"obtain_stats":[{"Ring of the Snake":0},{"Ring of the Snake":0},{"Ring of the Snake":0}],"Ring of the Snake":[12]},"card_choices":[{"not_picked":["Outmaneuver","Deflect"],"picked":"Dagger Spray","floor":1},{"not_picked":["Deflect","Setup"],"picked":"PiercingWail","floor":2},{"not_picked":["Catalyst","Deflect"],"picked":"Grand Finale","floor":3},{"not_picked":["Deadly Poison","Deflect"],"picked":"Quick Slash","floor":4},{"not_picked":["Noxious Fumes","PiercingWail","Finisher"],"picked":"SKIP","floor":5}],"player_experience":528729,"relics_obtained":[],"event_choices":[],"is_beta":false,"boss_relics":[],"items_purged_floors":[],"is_endless":false,"potions_floor_spawned":[5],"killed_by":"Lagavulin","ascension_level":15}}