{"host":"zsnmfqgcm92hlreo","time":1613343072,"event":{"mods":["AchievementEnabler","BaseMod","Bestiary","Block Reminder","Colored Map","Colored Powertips","Filter the Spire","Minty Spire (QoL Compilation)","Permanent Neow","Quick Restart","Relic Stats","StSLib","Weighted Paths"],"gold_per_floor":[117,128,187,198,209,240,240,273,320,339,339,339,178,235,235,235,235],"floor_reached":16,"language":"ENG","playtime":653,"items_purged":[],"score":220,"play_id":"1c5d022e-9782-468c-b8af-bde4701e77b0","local_time":"20210214165112","is_ascension_mode":true,"campfire_choices":[{"data":"Whirlwind","floor":7.0,"key":"SMITH"},{"floor":12.0,"key":"REST"},{"data":"Uppercut","floor":15.0,"key":"SMITH"}],"circlet_count":0,"master_deck":["AscendersBane","Bash","Offering","Reaper","Pommel Strike","Second Wind","Searing Blow","Clash","Whirlwind+1","Uppercut+1","Infernal Blade","Feel No Pain","Rampage","Dual Wield","Feel No Pain","Battle Trance","Armaments"],"relics":["Pandora\u0027s Box","Champion Belt","Darkstone Periapt","PreservedInsect","Lantern","Centennial Puzzle"],"acts_visited":["Exordium"],"potions_floor_usage":[],"damage_taken":[{"damage":0.0,"enemies":"Small Slimes","floor":1.0,"turns":2.0},{"damage":15.0,"enemies":"Jaw Worm","floor":2.0,"turns":2.0},{"damage":0.0,"enemies":"2 Louse","floor":4.0,"turns":1.0},{"damage":16.0,"enemies":"Red Slaver","floor":5.0,"turns":2.0},{"damage":18.0,"enemies":"3 Sentries","floor":6.0,"turns":6.0},{"damage":21.0,"enemies":"Lagavulin","floor":8.0,"turns":5.0},{"damage":6.0,"enemies":"Large Slime","floor":10.0,"turns":2.0},{"damage":18.0,"enemies":"Lagavulin Event","floor":14.0,"turns":3.0},{"damage":62,"enemies":"Slime Boss","floor":16,"turns":6}],"seed_played":"-7584826731098142827","potions_obtained":[{"floor":1.0,"key":"AttackPotion"},{"floor":4.0,"key":"Regen Potion"}],"is_trial":false,"path_per_floor":["M","M","?","M","M","E","R","E","T","M","?","R","$","?","R","B"],"character_chosen":"IRONCLAD","items_purchased":["Lantern"],"campfire_rested":1,"item_purchase_floors":[13],"current_hp_per_floor":[68,59,59,59,47,41,41,20,20,14,14,36,36,33,33,0,0],"gold":235,"neow_bonus":"BOSS_RELIC","is_daily":false,"chose_seed":false,"campfire_upgraded":2,"win_rate":0.0,"timestamp":1613343072,"path_taken":["M","M","?","M","M","E","R","E","T","M","?","R","$","?","R","BOSS"],"items_purchased_type":["Relic"],"build_version":"2020-12-22","purchased_purges":0,"victory":false,"max_hp_per_floor":[75,75,75,75,75,75,75,75,75,75,75,75,75,75,75,75,75],"relic_stats":{"Darkstone Periapt":0,"Centennial Puzzle":[3],"counters":[9,29],"Pandora\u0027s Box":["Offering","Reaper","Pommel Strike","Second Wind","Searing Blow","Clash","Whirlwind","Uppercut","Infernal Blade"],"PreservedInsect":29,"Champion Belt":[8],"obtain_stats":[{"Darkstone Periapt":8,"Lantern":13,"Centennial Puzzle":14,"Pandora\u0027s Box":0,"PreservedInsect":9,"Champion Belt":6,"Burning Blood":0},{"Darkstone Periapt":6,"Lantern":7,"Centennial Puzzle":8,"Pandora\u0027s Box":0,"PreservedInsect":6,"Champion Belt":5,"Burning Blood":0},{"Darkstone Periapt":18,"Lantern":20,"Centennial Puzzle":23,"Pandora\u0027s Box":0,"PreservedInsect":18,"Champion Belt":13,"Burning Blood":0}]},"card_choices":[{"not_picked":["Sword Boomerang","Rupture"],"picked":"Feel No Pain","floor":1.0},{"not_picked":["Perfected Strike","Power Through"],"picked":"Rampage","floor":2.0},{"not_picked":["Pommel Strike","Sword Boomerang"],"picked":"Dual Wield","floor":4.0},{"not_picked":["Second Wind","Cleave"],"picked":"Feel No Pain","floor":5.0},{"not_picked":["Twin Strike","Power Through","Metallicize"],"picked":"SKIP","floor":6.0},{"not_picked":["Burning Pact","Clash"],"picked":"Battle Trance","floor":8.0},{"not_picked":["Whirlwind","Blood for Blood"],"picked":"Armaments","floor":10.0}],"player_experience":1129183,"relics_obtained":[{"floor":6.0,"key":"Champion Belt"},{"floor":8.0,"key":"Darkstone Periapt"},{"floor":9.0,"key":"PreservedInsect"},{"floor":14.0,"key":"Centennial Puzzle"}],"event_choices":[{"damage_healed":0.0,"max_hp_gain":0.0,"max_hp_loss":0.0,"gold_gain":59.0,"event_name":"Golden Wing","player_choice":"Gained Gold","floor":3.0,"gold_loss":0.0,"damage_taken":0.0},{"damage_healed":0.0,"max_hp_gain":0.0,"max_hp_loss":0.0,"gold_gain":0.0,"event_name":"Shining Light","player_choice":"Ignored","floor":11.0,"gold_loss":0.0,"damage_taken":0.0},{"damage_healed":0.0,"max_hp_gain":0.0,"max_hp_loss":0.0,"gold_gain":0.0,"event_name":"Dead Adventurer","player_choice":"Searched \u00272\u0027 times","floor":14.0,"gold_loss":0.0,"damage_taken":0.0}],"is_beta":false,"boss_relics":[],"items_purged_floors":[],"is_endless":false,"potions_floor_spawned":[1,4,6],"killed_by":"Slime Boss","ascension_level":20}}