{"host":"jwbw4f4imxd0v0b0","time":1613263373,"event":{"mods":["BaseMod","Colored Map","Highlight Path","Minty Spire (QoL Compilation)","Relic Stats","StSLib"],"gold_per_floor":[114,114,127,140,16,42,53,53,53,53,3,26,26,49,49,163,163,189,212,239,239,239,276,276,311,375,387,387],"floor_reached":27,"language":"ENG","playtime":1184,"items_purged":["Pain"],"score":430,"play_id":"6f246f86-1a42-4513-a868-627b3a855397","local_time":"20210213184253","is_ascension_mode":true,"campfire_choices":[{"floor":8.0,"key":"REST"},{"data":"Eruption","floor":10.0,"key":"SMITH"},{"data":"BowlingBash","floor":15.0,"key":"SMITH"},{"floor":24,"key":"REST"}],"circlet_count":0,"master_deck":["AscendersBane","Strike_P","Strike_P","Strike_P","Defend_P","Defend_P","Defend_P","Defend_P","Eruption+1","Vigilance","ThirdEye","FlurryOfBlows","FearNoEvil","BowlingBash+1","Protect","Halt","Meditate","WaveOfTheHand","Scrawl","Tantrum","ClearTheMind+1","EmptyMind+1","TalkToTheHand+1","EmptyFist","Doubt"],"relics":["PureWater","WarpedTongs","Lantern","CeramicFish","Cursed Key","Darkstone Periapt","Calipers","MawBank"],"acts_visited":["Exordium","TheCity"],"potions_floor_usage":[23,23],"damage_taken":[{"damage":3.0,"enemies":"Jaw Worm","floor":1.0,"turns":5.0},{"damage":1.0,"enemies":"Cultist","floor":3.0,"turns":3.0},{"damage":4.0,"enemies":"Small Slimes","floor":4.0,"turns":2.0},{"damage":53.0,"enemies":"Lagavulin","floor":6.0,"turns":8.0},{"damage":0.0,"enemies":"3 Louse","floor":7.0,"turns":2.0},{"damage":5.0,"enemies":"Large Slime","floor":12.0,"turns":4.0},{"damage":1.0,"enemies":"Gremlin Gang","floor":14.0,"turns":4.0},{"damage":4.0,"enemies":"Slime Boss","floor":16.0,"turns":7.0},{"damage":0.0,"enemies":"Shell Parasite","floor":18.0,"turns":2.0},{"damage":0.0,"enemies":"Spheric Guardian","floor":19.0,"turns":2.0},{"damage":0.0,"enemies":"Chosen and Byrds","floor":20.0,"turns":4.0},{"damage":27,"enemies":"Book of Stabbing","floor":23,"turns":5},{"damage":45,"enemies":"Slavers","floor":25,"turns":7},{"damage":9,"enemies":"Book of Stabbing","floor":27,"turns":5}],"seed_played":"4515739247605831138","potions_obtained":[{"floor":4.0,"key":"Weak Potion"},{"floor":6.0,"key":"Fire Potion"},{"floor":12.0,"key":"GamblersBrew"},{"floor":16.0,"key":"BottledMiracle"},{"floor":20.0,"key":"PowerPotion"},{"floor":22.0,"key":"PowerPotion"},{"floor":25,"key":"Ancient Potion"}],"is_trial":false,"path_per_floor":["M","?","M","M","$","E","M","R","T","R","?","M","?","M","R","B",null,"M","M","M","?","?","E","R","E","T","E"],"character_chosen":"WATCHER","items_purchased":["BowlingBash"],"campfire_rested":2,"item_purchase_floors":[5],"current_hp_per_floor":[69,69,68,64,64,11,11,34,34,34,34,29,29,28,28,24,65,65,65,65,50,50,23,48,3,9,0,0],"gold":387,"neow_bonus":"TEN_PERCENT_HP_BONUS","is_daily":false,"chose_seed":false,"campfire_upgraded":2,"win_rate":0.0,"timestamp":1613263373,"path_taken":["M","?","M","?","$","E","M","R","T","R","?","M","?","M","R","BOSS","M","M","M","?","?","E","R","E","T","E"],"items_purchased_type":["Card"],"build_version":"2020-12-22","purchased_purges":1,"victory":false,"max_hp_per_floor":[79,79,79,79,79,79,79,79,79,79,79,79,79,79,79,79,79,79,79,79,84,84,84,84,84,90,90,90],"relic_stats":{"Darkstone Periapt":6,"counters":[14,60],"CeramicFish":81,"Cursed Key":1,"MawBank":12,"obtain_stats":[{"Darkstone Periapt":23,"Lantern":6,"Calipers":25,"CeramicFish":9,"PureWater":0,"Cursed Key":17,"MawBank":26,"WarpedTongs":2},{"Darkstone Periapt":12,"Lantern":4,"Calipers":13,"CeramicFish":5,"PureWater":0,"Cursed Key":8,"MawBank":13,"WarpedTongs":1},{"Darkstone Periapt":48,"Lantern":18,"Calipers":55,"CeramicFish":20,"PureWater":0,"Cursed Key":35,"MawBank":55,"WarpedTongs":5}],"WarpedTongs":[55]},"card_choices":[{"not_picked":["ClearTheMind","Prostrate"],"picked":"ThirdEye","floor":1.0},{"not_picked":["Indignation","EmptyFist"],"picked":"FlurryOfBlows","floor":3.0},{"not_picked":["Evaluate","PathToVictory"],"picked":"FearNoEvil","floor":4.0},{"not_picked":["Wish","JustLucky"],"picked":"Protect","floor":6.0},{"not_picked":["Conclude","WreathOfFlame"],"picked":"Halt","floor":7.0},{"not_picked":["Protect","Crescendo"],"picked":"Meditate","floor":12.0},{"not_picked":["ClearTheMind","ThirdEye"],"picked":"WaveOfTheHand","floor":14.0},{"not_picked":["Establishment","Vault"],"picked":"Scrawl","floor":16.0},{"not_picked":["EmptyBody","ThirdEye"],"picked":"Tantrum","floor":18.0},{"not_picked":["Protect+1","JustLucky"],"picked":"ClearTheMind+1","floor":19.0},{"not_picked":["SandsOfTime","Evaluate"],"picked":"EmptyMind+1","floor":20.0},{"not_picked":["CutThroughFate","ClearTheMind+1"],"picked":"TalkToTheHand+1","floor":23},{"not_picked":["Alpha","Evaluate"],"picked":"EmptyFist","floor":25}],"player_experience":1270826,"relics_obtained":[{"floor":6.0,"key":"Lantern"},{"floor":9.0,"key":"CeramicFish"},{"floor":23,"key":"Darkstone Periapt"},{"floor":25,"key":"Calipers"},{"floor":26,"key":"MawBank"}],"event_choices":[{"damage_healed":0.0,"max_hp_gain":0.0,"max_hp_loss":0.0,"gold_gain":0.0,"event_name":"Accursed Blacksmith","player_choice":"Rummage","floor":2.0,"gold_loss":0.0,"damage_taken":0.0,"relics_obtained":["WarpedTongs"],"cards_obtained":["Pain"]},{"cards_removed":["Strike_P"],"damage_healed":0.0,"max_hp_gain":0.0,"max_hp_loss":0.0,"gold_gain":0.0,"event_name":"The Cleric","player_choice":"Card Removal","floor":11.0,"gold_loss":50.0,"damage_taken":0.0},{"damage_healed":0.0,"max_hp_gain":0.0,"max_hp_loss":0.0,"gold_gain":0.0,"event_name":"Liars Game","player_choice":"Ignored","floor":13.0,"gold_loss":0.0,"damage_taken":0.0},{"damage_healed":0.0,"max_hp_gain":5.0,"max_hp_loss":0.0,"gold_gain":0.0,"event_name":"Forgotten Altar","player_choice":"Shed Blood","floor":21.0,"gold_loss":0.0,"damage_taken":20.0},{"damage_healed":0.0,"max_hp_gain":0.0,"max_hp_loss":0.0,"gold_gain":0.0,"event_name":"Lab","player_choice":"Got Potions","floor":22.0,"gold_loss":0.0,"damage_taken":0.0}],"is_beta":false,"boss_relics":[{"not_picked":["Velvet Choker","Coffee Dripper"],"picked":"Cursed Key"}],"items_purged_floors":[5],"is_endless":false,"potions_floor_spawned":[4,6,12,16,20,25],"killed_by":"Book of Stabbing","ascension_level":12}}