{"host":"g5o4mu2yxwqmneoo","time":1613323792,"event":{"mods":["AchievementEnabler","BaseMod","Bestiary","Minty Spire (QoL Compilation)","StSLib"],"gold_per_floor":[116,116,66,76,251,251,280,280,280,280,294,323,323,323,323],"floor_reached":14,"language":"FRA","playtime":665,"items_purged":[],"score":96,"play_id":"1834d818-2c53-4a43-899a-8da4888fdb07","local_time":"20210214182952","is_ascension_mode":false,"campfire_choices":[{"data":"Perfected Strike","floor":6,"key":"SMITH"},{"data":"Sword Boomerang","floor":8,"key":"SMITH"},{"data":"Shrug It Off","floor":10,"key":"SMITH"},{"floor":13,"key":"REST"}],"circlet_count":0,"master_deck":["Strike_R","Strike_R","Strike_R","Strike_R","Defend_R","Defend_R","Defend_R","Defend_R","Bash+1","Shrug It Off+1","Perfected Strike+1","Doubt","Sword Boomerang+1"],"relics":["Burning Blood","Anchor","StoneCalendar","Magic Flower"],"acts_visited":["Exordium"],"potions_floor_usage":[7,12],"damage_taken":[{"damage":6,"enemies":"Jaw Worm","floor":1,"turns":4},{"damage":0,"enemies":"2 Louse","floor":4,"turns":4},{"damage":50,"enemies":"Lagavulin","floor":7,"turns":7},{"damage":0,"enemies":"Small Slimes","floor":11,"turns":2},{"damage":26,"enemies":"3 Sentries","floor":12,"turns":7},{"damage":54,"enemies":"Lagavulin","floor":14,"turns":5}],"seed_played":"4313663504384096020","potions_obtained":[{"floor":4,"key":"Weak Potion"},{"floor":11,"key":"DuplicationPotion"}],"is_trial":false,"path_per_floor":["M","?","?","M","?","R","E","R","T","R","M","E","R","E"],"character_chosen":"IRONCLAD","items_purchased":[],"campfire_rested":1,"item_purchase_floors":[],"current_hp_per_floor":[80,80,80,80,80,80,36,36,36,36,42,22,46,0,0],"gold":323,"neow_bonus":"","is_daily":false,"chose_seed":false,"campfire_upgraded":3,"win_rate":0.0,"timestamp":1613323792,"path_taken":["M","?","?","M","?","R","E","R","T","R","M","E","R","E"],"items_purchased_type":[],"build_version":"2020-12-22","purchased_purges":0,"victory":false,"max_hp_per_floor":[80,80,80,80,80,80,80,80,80,80,80,80,80,80,80],"card_choices":[{"not_picked":["Iron Wave","Burning Pact"],"picked":"Shrug It Off","floor":1},{"not_picked":["Dual Wield","Pommel Strike"],"picked":"Perfected Strike","floor":4},{"not_picked":["Headbutt","Warcry"],"picked":"Sword Boomerang","floor":7},{"not_picked":["Perfected Strike","Body Slam","Clash"],"picked":"SKIP","floor":11},{"not_picked":["Body Slam","Reckless Charge","Dark Embrace"],"picked":"SKIP","floor":12}],"player_experience":0,"relics_obtained":[{"floor":7,"key":"Anchor"},{"floor":9,"key":"StoneCalendar"},{"floor":12,"key":"Magic Flower"}],"event_choices":[{"damage_healed":0,"gold_gain":0,"player_choice":"Grow","damage_taken":0,"max_hp_gain":0,"max_hp_loss":0,"event_name":"Living Wall","floor":2,"gold_loss":0,"cards_upgraded":["Bash"]},{"cards_removed":["Strike_R"],"damage_healed":0,"gold_gain":0,"player_choice":"Card Removal","damage_taken":0,"max_hp_gain":0,"max_hp_loss":0,"event_name":"The Cleric","floor":3,"gold_loss":50},{"damage_healed":0,"gold_gain":175,"player_choice":"AGREE","damage_taken":0,"max_hp_gain":0,"max_hp_loss":0,"event_name":"Liars Game","floor":5,"gold_loss":0,"cards_obtained":["Doubt"]}],"is_beta":false,"boss_relics":[],"items_purged_floors":[],"is_endless":false,"potions_floor_spawned":[4,11],"killed_by":"Lagavulin","ascension_level":0}}