{"host":"mytek2nu1hrzdnew","time":1613344956,"event":{"mods":["AchievementEnabler","Aspiration","BaseMod","Bossed Relics","GifTheSpireLib","Hubris","Marked Mod","Minty Spire (QoL Compilation)","Replay The Spire","StSLib","Stuff the Spire","Uncapped"],"gold_per_floor":[116,134,147,163,181,181,191,191,191,226,151,181,181,211,211,315,315,327,227,239,114,127,157,189,217,217,67,67,80,114,134,134,233,233,243,243],"floor_reached":35,"language":"ENG","playtime":1536,"items_purged":["Replay:Anticipation","MarkedMod:Acupuncture","MarkedMod:FirstStrike","FlurryOfBlows"],"score":734,"play_id":"a2a1e3c6-2977-4149-8fa5-4bf3cf24b9e9","local_time":"20210214182236","daily_mods":["SealedDeck","Vintage","Heirloom","Time Dilation","Flight","Binary"],"is_ascension_mode":false,"campfire_choices":[{"data":"PathToVictory","floor":6,"key":"SMITH"},{"floor":8,"key":"REST"},{"data":"MarkedMod:OneThousandNeedles","floor":15,"key":"SMITH"},{"data":"Prostrate","floor":28,"key":"SMITH"},{"data":"Consecrate","floor":32,"key":"SMITH"}],"circlet_count":0,"master_deck":["PathToVictory+1","Prostrate+1","MarkedMod:OneThousandNeedles+1","MarkedMod:GentlePulse","Consecrate+1"],"relics":["Unceasing Top","Busted Crown","Durian","Blue Candle","Dream Catcher","Bronze Scales","Pen Nib","GoldenEye","Calipers","Singing Bowl","Replay:Wax Seal","StuffTheSpire:SapphireSignet","Ornamental Fan","Omamori","Damaru","aspiration:FetidBarrel","hubris:Reverence","Blue Doll","HornCleat","Akabeko","StuffTheSpire:HeavyRock","hubris:CuriousFeather","Pantograph"],"acts_visited":["Exordium","TheCity","TheBeyond"],"potions_floor_usage":[],"damage_taken":[{"damage":0,"enemies":"Small Slimes","floor":1,"turns":2},{"damage":11,"enemies":"Jaw Worm","floor":2,"turns":2},{"damage":0,"enemies":"2 Louse","floor":3,"turns":1},{"damage":3,"enemies":"Blue Slaver","floor":4,"turns":2},{"damage":3,"enemies":"Exordium Wildlife","floor":5,"turns":2},{"damage":13,"enemies":"3 Louse","floor":7,"turns":2},{"damage":0,"enemies":"Lagavulin","floor":10,"turns":2},{"damage":1,"enemies":"3 Sentries","floor":12,"turns":2},{"damage":0,"enemies":"Lagavulin","floor":14,"turns":2},{"damage":0,"enemies":"Slime Boss","floor":16,"turns":1},{"damage":0,"enemies":"3 Byrds","floor":18,"turns":1},{"damage":0,"enemies":"Shell Parasite","floor":20,"turns":1},{"damage":0,"enemies":"Shelled Parasite and Fungi","floor":22,"turns":1},{"damage":0,"enemies":"Book of Stabbing","floor":23,"turns":1},{"damage":0,"enemies":"Slavers","floor":24,"turns":1},{"damage":0,"enemies":"Replay:Snechameleon","floor":25,"turns":1},{"damage":0,"enemies":"Snake Plant","floor":29,"turns":1},{"damage":0,"enemies":"Slavers","floor":30,"turns":1},{"damage":0,"enemies":"Chosen and Byrds","floor":31,"turns":1},{"damage":0,"enemies":"hubris:MusketHawk","floor":33,"turns":1},{"damage":0,"enemies":"3 Darklings","floor":35,"turns":1}],"seed_played":"-4058189129518472001","potions_obtained":[{"floor":5,"key":"BottledMiracle"},{"floor":10,"key":"Adrenaline Potion"},{"floor":12,"key":"Weak Potion"},{"floor":16,"key":"Adrenaline Potion"},{"floor":25,"key":"FairyPotion"}],"is_trial":true,"path_per_floor":["M","M","M","M","M","R","M","R","T","E","$","E","?","E","R","B",null,"M","$","M","$","M","E","E","E","T","$","R","M","E","M","R","B",null,"M"],"character_chosen":"WATCHER","items_purchased":[],"campfire_rested":1,"item_purchase_floors":[],"current_hp_per_floor":[77,66,66,63,60,60,47,70,70,70,70,69,69,69,69,69,77,77,77,77,77,77,77,77,77,77,77,77,77,77,77,77,77,77,77,77],"gold":243,"neow_bonus":"","is_daily":false,"chose_seed":false,"campfire_upgraded":4,"win_rate":0.0,"timestamp":1613344956,"path_taken":["M","M","M","M","M","R","M","R","T","E","$","E","?","E","R","BOSS","M","$","M","$","M","E","E","E","T","$","R","M","E","M","R","BOSS","M"],"items_purchased_type":[],"build_version":"2020-12-22","purchased_purges":4,"victory":false,"max_hp_per_floor":[77,77,77,77,77,77,77,77,77,77,77,77,77,77,77,77,77,77,77,77,77,77,77,77,77,77,77,77,77,77,77,77,77,77,77,77],"card_choices":[],"player_experience":1077438,"relics_obtained":[{"floor":1,"key":"Blue Candle"},{"floor":2,"key":"Dream Catcher"},{"floor":3,"key":"Bronze Scales"},{"floor":4,"key":"Pen Nib"},{"floor":5,"key":"GoldenEye"},{"floor":7,"key":"Calipers"},{"floor":9,"key":"Singing Bowl"},{"floor":10,"key":"Replay:Wax Seal"},{"floor":12,"key":"StuffTheSpire:SapphireSignet"},{"floor":14,"key":"Ornamental Fan"},{"floor":18,"key":"Omamori"},{"floor":20,"key":"Damaru"},{"floor":22,"key":"aspiration:FetidBarrel"},{"floor":23,"key":"hubris:Reverence"},{"floor":25,"key":"Blue Doll"},{"floor":26,"key":"HornCleat"},{"floor":29,"key":"Akabeko"},{"floor":30,"key":"StuffTheSpire:HeavyRock"},{"floor":31,"key":"hubris:CuriousFeather"},{"floor":35,"key":"Pantograph"}],"event_choices":[{"cards_removed":["MarkedMod:Acupuncture"],"damage_healed":0,"gold_gain":0,"player_choice":"Forget","damage_taken":0,"max_hp_gain":0,"max_hp_loss":0,"event_name":"Living Wall","floor":13,"gold_loss":0}],"is_beta":false,"boss_relics":[{"not_picked":["hubris:GrandSneckoEye","Replay:Ancient Bell","Velvet Choker"]},{"not_picked":["aspiration:FutureDiary","Calling Bell","Kintsugi"]}],"items_purged_floors":[11,19,21,27],"is_endless":false,"potions_floor_spawned":[5,7,10,12,16,22,25,29,33],"killed_by":"3 Darklings","ascension_level":0}}