{"host":"oknzaotplmnl5xaf","time":1613328737,"event":{"mods":["BaseMod","Colored Map","Highlight Path","Minty Spire (QoL Compilation)","Permanent Neow","Quick Restart","Relic Stats"],"gold_per_floor":[360,373,21,41,41,41,72,72,72,87,237,237,31,43,43,43,43],"floor_reached":16,"language":"ENG","playtime":616,"items_purged":["Strike_G","Doubt"],"score":200,"play_id":"4e627a75-efb2-42b0-9b40-dfcf76ae80dc","local_time":"20210214135217","is_ascension_mode":true,"campfire_choices":[{"data":"Die Die Die","floor":6,"key":"SMITH"},{"floor":8,"key":"REST"},{"data":"Concentrate","floor":12,"key":"SMITH"},{"data":"Acrobatics","floor":15,"key":"SMITH"}],"circlet_count":0,"master_deck":["AscendersBane","Strike_G","Strike_G","Strike_G","Strike_G","Defend_G","Defend_G","Defend_G","Defend_G","Defend_G","Survivor","Neutralize","PiercingWail","Eviscerate","Die Die Die+1","Acrobatics+1","Concentrate+1","Finesse","Blade Dance"],"relics":["Ring of the Snake","ClockworkSouvenir","HornCleat"],"acts_visited":["Exordium"],"potions_floor_usage":[7,7,16],"damage_taken":[{"damage":17,"enemies":"Cultist","floor":1,"turns":6},{"damage":0,"enemies":"Small Slimes","floor":2,"turns":3},{"damage":0,"enemies":"2 Louse","floor":4,"turns":2},{"damage":9,"enemies":"Lagavulin","floor":7,"turns":7},{"damage":4,"enemies":"Exordium Thugs","floor":10,"turns":8},{"damage":0,"enemies":"Blue Slaver","floor":14,"turns":3},{"damage":36,"enemies":"Hexaghost","floor":16,"turns":14}],"seed_played":"4577434390983203083","potions_obtained":[{"floor":7,"key":"SpeedPotion"}],"is_trial":false,"path_per_floor":["M","M","$","M","$","R","E","R","T","M","?","R","$","M","R","B"],"character_chosen":"THE_SILENT","items_purchased":["ClockworkSouvenir","SteroidPotion","Explosive Potion","Finesse"],"campfire_rested":1,"item_purchase_floors":[3,3,3,13],"current_hp_per_floor":[27,27,27,27,27,27,18,37,37,33,33,33,33,33,33,0,0],"gold":43,"neow_bonus":"TWO_FIFTY_GOLD","is_daily":false,"chose_seed":false,"campfire_upgraded":3,"win_rate":0.0,"timestamp":1613328737,"path_taken":["M","M","?","M","$","R","E","R","T","M","?","R","$","M","R","BOSS"],"items_purchased_type":["Relic","Potion","Potion","Card"],"build_version":"2020-12-22","purchased_purges":2,"victory":false,"max_hp_per_floor":[66,66,66,66,66,66,66,66,66,66,66,66,66,66,66,66,66],"relic_stats":{"counters":[7,43],"obtain_stats":[{"HornCleat":7,"Ring of the Snake":0,"ClockworkSouvenir":3},{"HornCleat":4,"Ring of the Snake":0,"ClockworkSouvenir":2},{"HornCleat":18,"Ring of the Snake":0,"ClockworkSouvenir":9}],"Ring of the Snake":[14]},"card_choices":[{"not_picked":["Outmaneuver","Catalyst"],"picked":"PiercingWail","floor":1},{"not_picked":["Setup","Dodge and Roll"],"picked":"Eviscerate","floor":2},{"not_picked":["Bane","Blur"],"picked":"Die Die Die","floor":4},{"not_picked":["Footwork","Dodge and Roll"],"picked":"Acrobatics","floor":7},{"not_picked":["Backflip","Quick Slash"],"picked":"Concentrate","floor":10},{"not_picked":["Outmaneuver","Setup"],"picked":"Blade Dance","floor":14}],"player_experience":1538693,"relics_obtained":[{"floor":7,"key":"HornCleat"}],"event_choices":[{"damage_healed":0,"gold_gain":150,"player_choice":"AGREE","damage_taken":0,"max_hp_gain":0,"max_hp_loss":0,"event_name":"Liars Game","floor":11,"gold_loss":0,"cards_obtained":["Doubt"]}],"is_beta":false,"boss_relics":[],"items_purged_floors":[3,13],"is_endless":false,"potions_floor_spawned":[4,7],"killed_by":"Hexaghost","ascension_level":20}}