{"host":"r4wzpqnzjxxipuax","time":1613331893,"event":{"mods":["AchievementEnabler","BaseMod","Colored Map","Marisa????????","Minty Spire (QoL Compilation)","StSLib","The Animator","The Cursed","The Senshi"],"gold_per_floor":[112,112,127,52,52,52,52,85,85,85,129,154,172,195,195,325,388,401,417,433,433,433,433,476,134,213,254,274,290,165,179,179,303,303,321,20,41,41,66,100,100,114,114,154,199,226,269,304,316,328,340,352,57,109,109],"floor_reached":56,"language":"ENG","playtime":2480,"items_purged":["Regret","Strike_G+1","Strike_G+1"],"score":1416,"play_id":"d04e60a2-a68c-4262-9fe8-46b7cf61ed7e","local_time":"20210214124453","is_ascension_mode":false,"campfire_choices":[{"data":"Neutralize","floor":6.0,"key":"SMITH"},{"data":"Poisoned Stab","floor":10.0,"key":"SMITH"},{"data":"Survivor","floor":15.0,"key":"SMITH"},{"data":"Noxious Fumes","floor":23.0,"key":"SMITH"},{"data":"Catalyst","floor":32.0,"key":"SMITH"},{"data":"Deadly Poison","floor":41,"key":"SMITH"},{"floor":49,"key":"RECALL"},{"data":"Corpse Explosion","floor":52,"key":"SMITH"}],"circlet_count":0,"master_deck":["Strike_G+1","Strike_G+1","Defend_G+1","Defend_G+1","Defend_G+1","Survivor+1","Neutralize+1","Acrobatics","Poisoned Stab+1","Corpse Explosion+1","Catalyst+1","Noxious Fumes+1","Deadly Poison+1","Noxious Fumes","Blur+1","Adrenaline+1","Adrenaline+1","Deadly Poison+1","Blur+1","Noxious Fumes"],"relics":["Philosopher\u0027s Stone","Snake Skull","Golden Idol","Centennial Puzzle","Singing Bowl","Ornamental Fan","Bottled Flame","Tiny House","Question Card","Toxic Egg 2","Ninja Scroll","Empty Cage","PreservedInsect","Medical Kit","Bottled Tornado","CeramicFish","MawBank","Turnip","FossilizedHelix","Bag of Preparation"],"acts_visited":["Exordium","TheCity","TheBeyond","TheEnding"],"potions_floor_usage":[33,44,50,55],"damage_taken":[{"damage":0.0,"enemies":"Jaw Worm","floor":1.0,"turns":3.0},{"damage":5.0,"enemies":"Small Slimes","floor":3.0,"turns":5.0},{"damage":16.0,"enemies":"Gremlin Nob","floor":8.0,"turns":4.0},{"damage":5.0,"enemies":"3 Sentries","floor":11.0,"turns":10.0},{"damage":0.0,"enemies":"2 Louse","floor":12.0,"turns":2.0},{"damage":1.0,"enemies":"Red Slaver","floor":13.0,"turns":3.0},{"damage":1.0,"enemies":"Gremlin Gang","floor":14.0,"turns":5.0},{"damage":9.0,"enemies":"Hexaghost","floor":16.0,"turns":11.0},{"damage":11.0,"enemies":"3 Byrds","floor":18.0,"turns":2.0},{"damage":2.0,"enemies":"2 Thieves","floor":19.0,"turns":2.0},{"damage":5.0,"enemies":"3 Cultists","floor":20.0,"turns":3.0},{"damage":15.0,"enemies":"Gremlin Leader","floor":24.0,"turns":4.0},{"damage":4.0,"enemies":"Book of Stabbing","floor":27.0,"turns":4.0},{"damage":1.0,"enemies":"Centurion and Healer","floor":28.0,"turns":4.0},{"damage":12.0,"enemies":"Sentry and Sphere","floor":29.0,"turns":5.0},{"damage":9.0,"enemies":"Snake Plant","floor":31.0,"turns":3.0},{"damage":16,"enemies":"Automaton","floor":33,"turns":6},{"damage":0,"enemies":"Orb Walker","floor":35,"turns":3},{"damage":1,"enemies":"3 Shapes","floor":37,"turns":4},{"damage":19,"enemies":"Spire Growth","floor":39,"turns":4},{"damage":11,"enemies":"Reptomancer","floor":40,"turns":5},{"damage":5,"enemies":"4 Shapes","floor":42,"turns":2},{"damage":0,"enemies":"Giant Head","floor":44,"turns":5},{"damage":10,"enemies":"Sphere and 2 Shapes","floor":45,"turns":4},{"damage":0,"enemies":"3 Darklings","floor":46,"turns":2},{"damage":24,"enemies":"Nemesis","floor":47,"turns":3},{"damage":0,"enemies":"Jaw Worm Horde","floor":48,"turns":2},{"damage":27,"enemies":"Awakened One","floor":50,"turns":11},{"damage":0,"enemies":"Shield and Spear","floor":54,"turns":2},{"damage":78,"enemies":"The Heart","floor":55,"turns":5}],"seed_played":"7345728687805555817","potions_obtained":[{"floor":1.0,"key":"AttackPotion"},{"floor":3.0,"key":"FairyPotion"},{"floor":12.0,"key":"SneckoOil"},{"floor":14.0,"key":"AttackPotion"},{"floor":17.0,"key":"DuplicationPotion"},{"floor":18.0,"key":"Fire Potion"},{"floor":24.0,"key":"Weak Potion"},{"floor":33,"key":"CunningPotion"},{"floor":44,"key":"EssenceOfSteel"}],"is_trial":false,"path_per_floor":["M","?","M","$","?","R","?","E","T","R","E","M","M","M","R","B",null,"M","M","M","?","?","R","E","$","T","E","M","M","$","M","R","B",null,"M","$","M","?","M","E","R","M","T","E","M","M","E","M","R","B",null,"R","$","E","B",null],"character_chosen":"THE_SILENT","items_purchased":["Toxic Egg 2","PreservedInsect","Medical Kit","FossilizedHelix"],"campfire_rested":0,"item_purchase_floors":[25,36,36,53],"current_hp_per_floor":[70,70,65,65,48,48,41,27,27,27,24,26,27,28,28,19,85,76,74,71,71,71,71,58,58,58,54,53,43,43,36,36,20,95,97,97,98,98,81,70,70,67,67,69,59,61,39,39,39,12,109,109,109,109,31],"gold":109,"neow_bonus":"BOSS_RELIC","is_daily":false,"chose_seed":false,"campfire_upgraded":7,"win_rate":0.0,"timestamp":1613331893,"path_taken":["M","?","M","$","?","R","?","E","T","R","E","M","M","M","R","BOSS","M","M","M","?","?","R","E","$","T","E","M","?","$","M","R","BOSS","M","$","?","?","M","E","R","M","T","E","M","M","E","M","R","BOSS","R","$","E","BOSS"],"items_purchased_type":["Relic","Relic","Relic","Relic"],"build_version":"2020-12-22","purchased_purges":3,"victory":true,"max_hp_per_floor":[70,70,70,70,70,70,70,72,72,72,74,76,78,80,80,80,85,87,87,89,89,89,89,91,91,91,91,91,93,93,95,95,95,95,97,97,99,99,101,101,101,103,103,105,105,107,109,109,109,109,109,109,109,109,109],"card_choices":[{"not_picked":["Setup","Blade Dance"],"picked":"Acrobatics","floor":1.0},{"not_picked":["Outmaneuver","Dagger Spray"],"picked":"Poisoned Stab","floor":3.0},{"not_picked":["Predator","Cloak And Dagger","Backstab"],"picked":"Singing Bowl","floor":8.0},{"not_picked":["Endless Agony","Sucker Punch","Phantasmal Killer"],"picked":"Singing Bowl","floor":11.0},{"not_picked":["Slice","PiercingWail","Bane"],"picked":"Singing Bowl","floor":12.0},{"not_picked":["Well Laid Plans","Endless Agony","All Out Attack"],"picked":"Singing Bowl","floor":13.0},{"not_picked":["Terror","Cloak And Dagger","Escape Plan"],"picked":"Singing Bowl","floor":14.0},{"not_picked":["Tools of the Trade","Unload"],"picked":"Corpse Explosion","floor":16.0},{"not_picked":["Endless Agony","Dagger Throw"],"picked":"Catalyst","floor":17.0},{"not_picked":["Backstab","Infinite Blades+1","Bane+1"],"picked":"Singing Bowl","floor":18.0},{"not_picked":["Backstab","Bane"],"picked":"Noxious Fumes","floor":19.0},{"not_picked":["Setup","Slice","Concentrate"],"picked":"Singing Bowl","floor":20.0},{"not_picked":["Cloak And Dagger","Dash","PiercingWail"],"picked":"Singing Bowl","floor":24.0},{"not_picked":["Unload","Acrobatics+1","Heel Hook"],"picked":"Noxious Fumes","floor":27.0},{"not_picked":["Eviscerate","Dash","Underhanded Strike"],"picked":"Blur+1","floor":28.0},{"not_picked":["Dagger Spray+1","Eviscerate+1","Backstab","Flying Knee"],"picked":"Singing Bowl","floor":29.0},{"not_picked":["Deflect+1","Well Laid Plans","Dagger Spray+1","Cloak And Dagger+1"],"picked":"Singing Bowl","floor":31.0},{"not_picked":["Doppelganger+1","Unload","Envenom"],"picked":"Adrenaline+1","floor":33},{"not_picked":["Deadly Poison+1","Deflect+1","All Out Attack+1","Distraction+1"],"picked":"Singing Bowl","floor":35},{"not_picked":["Bane","Calculated Gamble+1","Prepared+1","Poisoned Stab+1"],"picked":"Singing Bowl","floor":37},{"not_picked":["Expertise+1","Quick Slash","Predator","Flying Knee"],"picked":"Singing Bowl","floor":39},{"not_picked":["Backstab","Eviscerate","Corpse Explosion+1"],"picked":"Adrenaline+1","floor":40},{"not_picked":["Deflect+1","Deadly Poison+1","Slice","Predator+1"],"picked":"Singing Bowl","floor":42},{"not_picked":["Dash","Finisher","After Image","Dodge and Roll+1"],"picked":"Singing Bowl","floor":44},{"not_picked":["Poisoned Stab+1","Caltrops","Footwork+1"],"picked":"Deadly Poison+1","floor":45},{"not_picked":["Acrobatics+1","Dagger Throw+1","Poisoned Stab+1","Tools of the Trade"],"picked":"Singing Bowl","floor":46},{"not_picked":["Blur+1","Eviscerate+1","Bouncing Flask+1","Bullet Time+1"],"picked":"Singing Bowl","floor":47},{"not_picked":["Backflip+1","Underhanded Strike","Predator"],"picked":"Blur+1","floor":48},{"not_picked":["Prepared+1","Deflect+1","Slice+1"],"picked":"Noxious Fumes","floor":54}],"player_experience":288994,"relics_obtained":[{"floor":8.0,"key":"Singing Bowl"},{"floor":9.0,"key":"Ornamental Fan"},{"floor":11.0,"key":"Bottled Flame"},{"floor":24.0,"key":"Question Card"},{"floor":27.0,"key":"Ninja Scroll"},{"floor":40,"key":"Bottled Tornado"},{"floor":43,"key":"CeramicFish"},{"floor":44,"key":"MawBank"},{"floor":47,"key":"Turnip"},{"floor":54,"key":"Bag of Preparation"}],"event_choices":[{"damage_healed":0.0,"max_hp_gain":0.0,"max_hp_loss":0.0,"gold_gain":0.0,"event_name":"Big Fish","player_choice":"Box","floor":2.0,"gold_loss":0.0,"damage_taken":0.0,"relics_obtained":["Snake Skull"],"cards_obtained":["Regret"]},{"damage_healed":0.0,"max_hp_gain":0.0,"max_hp_loss":0.0,"gold_gain":0.0,"event_name":"Golden Idol","player_choice":"Take Damage","floor":5.0,"gold_loss":0.0,"damage_taken":17.0,"relics_obtained":["Golden Idol"]},{"damage_healed":0.0,"max_hp_gain":0.0,"max_hp_loss":0.0,"gold_gain":0.0,"event_name":"Scrap Ooze","player_choice":"Success","floor":7.0,"gold_loss":0.0,"damage_taken":7.0,"relics_obtained":["Centennial Puzzle"]},{"damage_healed":0.0,"max_hp_gain":0.0,"max_hp_loss":0.0,"gold_gain":0.0,"event_name":"Back to Basics","player_choice":"Simplicity","floor":21.0,"gold_loss":0.0,"damage_taken":0.0,"cards_upgraded":["Strike_G","Strike_G","Strike_G","Strike_G","Strike_G","Defend_G","Defend_G","Defend_G","Defend_G"]},{"damage_healed":0.0,"max_hp_gain":0.0,"max_hp_loss":0.0,"gold_gain":0.0,"event_name":"Match and Keep!","player_choice":"1 cards matched","floor":22.0,"gold_loss":0.0,"damage_taken":0.0,"cards_obtained":["Deadly Poison"]},{"cards_removed":["Defend_G"],"damage_healed":0,"gold_gain":0,"player_choice":"Removed Skill","damage_taken":0,"max_hp_gain":0,"max_hp_loss":0,"event_name":"Falling","floor":38,"gold_loss":0}],"is_beta":false,"boss_relics":[{"not_picked":["Sozu","Runic Dome"],"picked":"Tiny House"},{"not_picked":["Astrolabe","WristBlade"],"picked":"Empty Cage"}],"items_purged_floors":[4,25,30],"is_endless":false,"potions_floor_spawned":[1,3,12,14,18,24,29,31,33,39,42,44,46,48],"ascension_level":0}}