{"host":"7shwfndhsvekljlk","time":1613302731,"event":{"mods":["Act Like it!","Arknights","Aspiration","BaseMod","Minty Spire (QoL Compilation)","Quick Restart","StSLib","The Bladedancer","The Construct","The Runesmith","WarShipGirlsR/战舰少女R mod","[GremlinLeader]The Maniac","【遗物卡牌】REMEMod"],"gold_per_floor":[111,130,144,164,239,239,239],"floor_reached":6,"language":"ZHS","playtime":590,"items_purged":[],"score":38,"play_id":"0c0af802-613e-4d15-838f-bcdf11b1336e","local_time":"20210214193851","is_ascension_mode":false,"campfire_choices":[],"circlet_count":0,"master_deck":["ats:Strike C","ats:Strike G","ats:Strike S","ats:Strike V","ats:Armor Crushing Shot","ats:Defend","ats:Defend","ats:Defend","ats:Defend","ats:Emotion Absorption","ats:Song Of Battle","ats:Literary Storm","ats:Leaping Hammer","ats:Leaping Hammer","ats:Poison Spread"],"relics":["ats:Sanity","REME_ComplimentaryCards","aspiration:Nostalgia","construct:Cogwheel"],"acts_visited":["Exordium"],"potions_floor_usage":[6],"damage_taken":[{"damage":9.0,"enemies":"ats:Genji","floor":1.0,"turns":4.0},{"damage":0.0,"enemies":"Small Slimes","floor":2.0,"turns":3.0},{"damage":11.0,"enemies":"2 Louse","floor":3.0,"turns":3.0},{"damage":11.0,"enemies":"Exordium Wildlife","floor":4.0,"turns":5.0},{"damage":47,"enemies":"Lagavulin","floor":6,"turns":6}],"seed_played":"38992659895770395","potions_obtained":[{"floor":1.0,"key":"ats:Flame Arts Potion"},{"floor":3.0,"key":"Energy Potion"}],"is_trial":false,"path_per_floor":["M","M","M","M","?","E"],"character_chosen":"DOCTOR_CLASS","items_purchased":[],"campfire_rested":0,"item_purchase_floors":[],"current_hp_per_floor":[63,63,52,41,30,0,0],"gold":239,"neow_bonus":"NOSTALGIA","is_daily":false,"chose_seed":false,"campfire_upgraded":0,"win_rate":0.0,"timestamp":1613302731,"path_taken":["M","M","M","M","?","E"],"items_purchased_type":[],"build_version":"2020-12-22","purchased_purges":0,"victory":false,"max_hp_per_floor":[72,72,72,72,72,72,72],"card_choices":[{"not_picked":["ats:Guard Mode","ats:Soul Absorption"],"picked":"ats:Literary Storm","floor":1.0},{"not_picked":["ats:Guardian Obelisk","ats:Apocalypse"],"picked":"ats:Leaping Hammer","floor":2.0},{"not_picked":["ats:Powerful Strike","ats:Curse Doll"],"picked":"ats:Leaping Hammer","floor":3.0},{"not_picked":["ats:Neurotoxin","ats:Ignite"],"picked":"ats:Poison Spread","floor":4.0}],"player_experience":129426,"relics_obtained":[],"event_choices":[{"damage_healed":0.0,"max_hp_gain":0.0,"max_hp_loss":0.0,"gold_gain":75.0,"event_name":"World of Goop","player_choice":"Gather Gold","floor":5.0,"gold_loss":0.0,"damage_taken":11.0}],"is_beta":false,"boss_relics":[],"items_purged_floors":[],"is_endless":false,"potions_floor_spawned":[1,3],"killed_by":"Lagavulin","ascension_level":0}}