{"host":"7sni158j623xchr2","time":1613285556,"event":{"mods":["BaseMod","Colored Map","Highlight Path","Minty Spire (QoL Compilation)","Permanent Neow","Potion Indicator Mod","Rare Cards Sparkle","Relic Sorter","Relic Stats","StSLib","everything is the same but u backflip on backflip"],"gold_per_floor":[114,114,130,55,70,70,99,99,123,148,214,7,30,59,59,167,167,190,190,70,95,95,129,129,170,179,179,193,46,72,112,112,223,223,250,37,37,37,52,89,89,102,111,111,127,127,127],"floor_reached":46,"language":"ENG","playtime":1043,"items_purged":["Defend_G","Strike_G","Strike_G+1","Injury","Strike_G+1"],"score":619,"play_id":"dc99284c-fe7e-4bce-9450-44f147475d4f","local_time":"20210214005236","is_ascension_mode":true,"campfire_choices":[{"data":"Predator","floor":6,"key":"SMITH"},{"data":"Quick Slash","floor":8,"key":"SMITH"},{"data":"Neutralize","floor":15,"key":"SMITH"},{"data":"Crippling Poison","floor":24,"key":"SMITH"},{"data":"Catalyst","floor":27,"key":"SMITH"},{"data":"Catalyst","floor":32,"key":"SMITH"},{"floor":41,"key":"RECALL"},{"data":"Malaise","floor":44,"key":"SMITH"}],"circlet_count":0,"master_deck":["Strike_G+1","Strike_G+1","Defend_G+1","Defend_G+1","Defend_G+1","Survivor+1","Neutralize+1","Quick Slash+1","PiercingWail","Predator+1","PiercingWail","Catalyst+1","Deflect","Backstab","Phantasmal Killer","Dodge and Roll+1","Catalyst+1","Crippling Poison+1","Bouncing Flask","PiercingWail","Dash","Malaise+1","Backflip+1","Catalyst","PiercingWail+1","Normality"],"relics":["Ring of the Snake","NeowsBlessing","War Paint","Blood Vial","CeramicFish","Membership Card","Cursed Key","Art of War","Lantern","Anchor","Centennial Puzzle","Nunchaku","SlaversCollar","Snake Skull","Darkstone Periapt","Smiling Mask"],"acts_visited":["Exordium","TheCity","TheBeyond"],"potions_floor_usage":[16,33,45],"damage_taken":[{"damage":0,"enemies":"Cultist","floor":1,"turns":1},{"damage":0,"enemies":"2 Louse","floor":3,"turns":1},{"damage":0,"enemies":"Jaw Worm","floor":5,"turns":1},{"damage":21,"enemies":"Gremlin Nob","floor":7,"turns":4},{"damage":3,"enemies":"3 Sentries","floor":10,"turns":8},{"damage":10,"enemies":"Exordium Thugs","floor":13,"turns":4},{"damage":0,"enemies":"Blue Slaver","floor":14,"turns":3},{"damage":36,"enemies":"Hexaghost","floor":16,"turns":12},{"damage":3,"enemies":"2 Thieves","floor":18,"turns":3},{"damage":4,"enemies":"Spheric Guardian","floor":21,"turns":3},{"damage":20,"enemies":"Book of Stabbing","floor":23,"turns":6},{"damage":0,"enemies":"Gremlin Leader","floor":25,"turns":5},{"damage":6,"enemies":"Centurion and Healer","floor":28,"turns":6},{"damage":0,"enemies":"Chosen and Byrds","floor":30,"turns":4},{"damage":4,"enemies":"Book of Stabbing","floor":31,"turns":4},{"damage":15,"enemies":"Collector","floor":33,"turns":4},{"damage":9,"enemies":"3 Darklings","floor":35,"turns":4},{"damage":11,"enemies":"Orb Walker","floor":39,"turns":3},{"damage":10,"enemies":"Nemesis","floor":40,"turns":7},{"damage":19,"enemies":"Sphere and 2 Shapes","floor":42,"turns":5},{"damage":6,"enemies":"Spire Growth","floor":45,"turns":4},{"damage":40,"enemies":"Reptomancer","floor":46,"turns":2}],"seed_played":"5613112225036797308","potions_obtained":[{"floor":5,"key":"Explosive Potion"},{"floor":7,"key":"EntropicBrew"},{"floor":10,"key":"SpeedPotion"},{"floor":18,"key":"FearPotion"},{"floor":28,"key":"Block Potion"},{"floor":35,"key":"LiquidBronze"},{"floor":45,"key":"Ancient Potion"}],"is_trial":false,"path_per_floor":["M","?","M","$","M","R","E","R","T","E","?","$","M","M","R","B",null,"M","?","$","M","?","E","R","E","T","R","M","$","M","E","R","B",null,"M","$","?","$","M","E","R","M","T","R","M","E"],"character_chosen":"THE_SILENT","items_purchased":["Membership Card","Catalyst","Catalyst","Poison Potion","Centennial Puzzle","Snake Skull","Catalyst","LiquidMemories"],"campfire_rested":0,"item_purchase_floors":[12,12,20,20,29,36,36,36],"current_hp_per_floor":[70,70,70,70,70,70,49,49,49,48,48,48,40,42,42,8,70,67,67,67,65,52,34,34,36,36,36,32,32,34,32,32,19,75,66,66,66,66,57,49,49,32,38,38,34,0,0],"gold":127,"neow_bonus":"THREE_ENEMY_KILL","is_daily":false,"chose_seed":false,"campfire_upgraded":7,"win_rate":0.0,"timestamp":1613285556,"path_taken":["M","?","?","?","M","R","E","R","T","E","?","$","?","M","R","BOSS","M","?","$","M","?","E","R","E","T","R","M","$","M","E","R","BOSS","M","$","?","?","?","E","R","M","T","R","M","E"],"items_purchased_type":["Relic","Card","Card","Potion","Relic","Relic","Card","Potion"],"build_version":"2020-12-22","purchased_purges":5,"victory":false,"max_hp_per_floor":[70,70,70,70,70,70,70,70,70,70,70,70,70,70,70,70,70,70,70,70,70,75,75,75,75,75,75,75,75,75,75,75,75,75,75,75,75,75,75,75,75,75,81,81,81,81,81],"relic_stats":{"Darkstone Periapt":6,"counters":[22,94],"CeramicFish":153,"Snake Skull":[26],"War Paint":["Defend_G","Survivor"],"Cursed Key":2,"Smiling Mask":0,"Blood Vial":32,"Centennial Puzzle":[24],"Nunchaku":[3],"Art of War":[6],"obtain_stats":[{"Darkstone Periapt":37,"Lantern":25,"NeowsBlessing":0,"CeramicFish":10,"Snake Skull":36,"War Paint":7,"Cursed Key":17,"Smiling Mask":40,"Blood Vial":9,"SlaversCollar":34,"Anchor":26,"Centennial Puzzle":29,"Nunchaku":31,"Art of War":23,"Membership Card":12,"Ring of the Snake":0},{"Darkstone Periapt":17,"Lantern":12,"NeowsBlessing":0,"CeramicFish":5,"Snake Skull":17,"War Paint":4,"Cursed Key":8,"Smiling Mask":19,"Blood Vial":4,"SlaversCollar":16,"Anchor":12,"Centennial Puzzle":13,"Nunchaku":15,"Art of War":11,"Membership Card":5,"Ring of the Snake":0},{"Darkstone Periapt":73,"Lantern":51,"NeowsBlessing":0,"CeramicFish":15,"Snake Skull":73,"War Paint":7,"Cursed Key":34,"Smiling Mask":83,"Blood Vial":7,"SlaversCollar":69,"Anchor":51,"Centennial Puzzle":57,"Nunchaku":65,"Art of War":46,"Membership Card":15,"Ring of the Snake":0}],"Ring of the Snake":[44]},"card_choices":[{"not_picked":["Flying Knee","Cloak And Dagger"],"picked":"Quick Slash","floor":1},{"not_picked":["Blade Dance","Skewer"],"picked":"PiercingWail","floor":3},{"not_picked":["Noxious Fumes","Heel Hook"],"picked":"Predator","floor":5},{"not_picked":["Quick Slash","Outmaneuver"],"picked":"PiercingWail","floor":7},{"not_picked":["Quick Slash","Expertise","Endless Agony"],"picked":"SKIP","floor":10},{"not_picked":["Outmaneuver","Blade Dance"],"picked":"Deflect","floor":13},{"not_picked":["Calculated Gamble","Outmaneuver"],"picked":"Backstab","floor":14},{"not_picked":["Wraith Form v2","Doppelganger"],"picked":"Phantasmal Killer","floor":16},{"not_picked":["Bane","Flechettes+1"],"picked":"Dodge and Roll+1","floor":18},{"not_picked":["Slice","Deflect+1"],"picked":"Crippling Poison","floor":21},{"not_picked":["Expertise","Backstab"],"picked":"Bouncing Flask","floor":23},{"not_picked":["Finisher","Concentrate+1"],"picked":"PiercingWail","floor":25},{"not_picked":["Phantasmal Killer","Acrobatics","Poisoned Stab"],"picked":"SKIP","floor":28},{"not_picked":["Deflect","PiercingWail"],"picked":"Dodge and Roll+1","floor":30},{"not_picked":["Heel Hook","Concentrate"],"picked":"Dash","floor":31},{"not_picked":["Phantasmal Killer","Night Terror"],"picked":"Malaise","floor":33},{"not_picked":["Concentrate+1","Flechettes+1"],"picked":"Backflip+1","floor":35},{"not_picked":["Slice+1","Choke+1","Backflip"],"picked":"SKIP","floor":39},{"not_picked":["Tools of the Trade","Poisoned Stab+1"],"picked":"PiercingWail+1","floor":40},{"not_picked":["Predator+1","Blade Dance+1","Quick Slash+1"],"picked":"SKIP","floor":42},{"not_picked":["Distraction","Underhanded Strike+1","Eviscerate+1"],"picked":"SKIP","floor":45}],"player_experience":1793123,"relics_obtained":[{"floor":7,"key":"War Paint"},{"floor":9,"key":"Blood Vial"},{"floor":10,"key":"CeramicFish"},{"floor":23,"key":"Art of War"},{"floor":25,"key":"Lantern"},{"floor":26,"key":"Anchor"},{"floor":31,"key":"Nunchaku"},{"floor":40,"key":"Smiling Mask"}],"event_choices":[{"cards_removed":["Defend_G"],"damage_healed":0,"gold_gain":0,"player_choice":"Offered Basic","damage_taken":0,"max_hp_gain":0,"max_hp_loss":0,"event_name":"Bonfire Elementals","floor":2,"gold_loss":0},{"damage_healed":0,"gold_gain":66,"player_choice":"Gained Gold","damage_taken":0,"max_hp_gain":0,"max_hp_loss":0,"event_name":"Golden Wing","floor":11,"gold_loss":0},{"damage_healed":0,"gold_gain":0,"player_choice":"Simplicity","damage_taken":0,"max_hp_gain":0,"max_hp_loss":0,"event_name":"Back to Basics","floor":19,"gold_loss":0,"cards_upgraded":["Strike_G","Strike_G","Strike_G","Strike_G","Defend_G","Defend_G"]},{"damage_healed":0,"gold_gain":0,"player_choice":"Shed Blood","damage_taken":18,"max_hp_gain":5,"max_hp_loss":0,"event_name":"Forgotten Altar","floor":22,"gold_loss":0},{"cards_removed":["Dodge and Roll"],"damage_healed":0,"gold_gain":0,"player_choice":"Gave Card","damage_taken":0,"relics_obtained":["Darkstone Periapt"],"max_hp_gain":0,"max_hp_loss":0,"event_name":"WeMeetAgain","floor":37,"gold_loss":0}],"is_beta":false,"boss_relics":[{"not_picked":["HoveringKite","Runic Pyramid"],"picked":"Cursed Key"},{"not_picked":["Philosopher\u0027s Stone","Runic Dome"],"picked":"SlaversCollar"}],"items_purged_floors":[4,12,20,29,36],"is_endless":false,"potions_floor_spawned":[5,7,10,18,25,28,30,31,35,39,42,45],"killed_by":"Reptomancer","ascension_level":1}}