{"host":"94aus4jnk6thj94q","time":1613284884,"event":{"mods":["BaseMod","Minty Spire (QoL Compilation)","Quick Restart","StSLib"],"gold_per_floor":[111,130,140,113,124,151,151,151,151,151,151,178,197,214,214,314,314,314,314],"floor_reached":18,"language":"ENG","playtime":1092,"items_purged":[],"score":172,"play_id":"3d3de622-1e80-4629-af6f-2eaccee8cbea","local_time":"20210214084124","is_ascension_mode":false,"campfire_choices":[{"floor":8.0,"key":"RECALL"},{"data":"Armaments","floor":11.0,"key":"SMITH"},{"floor":15.0,"key":"REST"}],"circlet_count":0,"master_deck":["Strike_R","Strike_R","Strike_R","Strike_R","Strike_R","Defend_R","Defend_R","Defend_R","Defend_R","Bash","Fire Breathing","Shrug It Off","Cleave","Armaments+1","Inflame","Twin Strike","Armaments","Demon Form"],"relics":["Black Blood","Dead Branch","Ginger","Bird Faced Urn"],"acts_visited":["Exordium","TheCity"],"potions_floor_usage":[],"damage_taken":[{"damage":3.0,"enemies":"Small Slimes","floor":1.0,"turns":4.0},{"damage":2.0,"enemies":"2 Louse","floor":2.0,"turns":3.0},{"damage":5.0,"enemies":"Cultist","floor":3.0,"turns":4.0},{"damage":9.0,"enemies":"2 Fungi Beasts","floor":5.0,"turns":4.0},{"damage":14.0,"enemies":"3 Sentries","floor":6.0,"turns":5.0},{"damage":31.0,"enemies":"Lagavulin","floor":12.0,"turns":8.0},{"damage":10.0,"enemies":"Lots of Slimes","floor":13.0,"turns":2.0},{"damage":5.0,"enemies":"Looter","floor":14.0,"turns":4.0},{"damage":85.0,"enemies":"Hexaghost","floor":16.0,"turns":11.0},{"damage":0,"enemies":"3 Byrds","floor":18,"turns":2}],"seed_played":"-5661939913676087110","potions_obtained":[{"floor":5.0,"key":"EssenceOfSteel"},{"floor":6.0,"key":"Weak Potion"},{"floor":14.0,"key":"Swift Potion"},{"floor":16.0,"key":"GamblersBrew"}],"is_trial":false,"path_per_floor":["M","M","M","$","M","E","?","R","T","?","R","E","M","M","R","B",null,"M"],"character_chosen":"IRONCLAD","items_purchased":["Cleave"],"campfire_rested":1,"item_purchase_floors":[4],"current_hp_per_floor":[88,88,88,88,85,77,82,82,82,82,82,57,55,58,85,10,93,93,93],"gold":314,"neow_bonus":"TEN_PERCENT_HP_BONUS","is_daily":false,"chose_seed":false,"campfire_upgraded":1,"win_rate":0.0,"timestamp":1613284884,"path_taken":["M","M","M","$","M","E","?","R","T","?","R","E","?","M","R","BOSS","M"],"items_purchased_type":["Card"],"build_version":"2020-12-22","purchased_purges":0,"victory":false,"max_hp_per_floor":[88,88,88,88,88,88,93,93,93,93,93,93,93,93,93,93,93,93,93],"card_choices":[{"not_picked":["Warcry","True Grit","Havoc"],"picked":"SKIP","floor":1.0},{"not_picked":["Inflame","Shrug It Off"],"picked":"Fire Breathing","floor":2.0},{"not_picked":["Clothesline","Dual Wield"],"picked":"Shrug It Off","floor":3.0},{"not_picked":["Dark Embrace","Cleave"],"picked":"Armaments","floor":5.0},{"not_picked":["Pommel Strike","Sentinel","Warcry"],"picked":"SKIP","floor":6.0},{"not_picked":["Flex","Carnage"],"picked":"Inflame","floor":12.0},{"not_picked":["Iron Wave","Pommel Strike"],"picked":"Twin Strike","floor":13.0},{"not_picked":["Reckless Charge","Flex"],"picked":"Armaments","floor":14.0},{"not_picked":["Feed","Limit Break"],"picked":"Demon Form","floor":16.0}],"player_experience":4488378,"relics_obtained":[{"floor":6.0,"key":"Dead Branch"},{"floor":9.0,"key":"Ginger"},{"floor":12.0,"key":"Bird Faced Urn"}],"event_choices":[{"damage_healed":0.0,"max_hp_gain":5.0,"max_hp_loss":0.0,"gold_gain":0.0,"event_name":"Big Fish","player_choice":"Donut","floor":7.0,"gold_loss":0.0,"damage_taken":0.0},{"damage_healed":0.0,"max_hp_gain":0.0,"max_hp_loss":0.0,"gold_gain":0.0,"event_name":"NoteForYourself","player_choice":"Ignored","floor":10.0,"gold_loss":0.0,"damage_taken":0.0}],"is_beta":false,"boss_relics":[{"not_picked":["Astrolabe","Coffee Dripper"],"picked":"Black Blood"}],"items_purged_floors":[],"is_endless":false,"potions_floor_spawned":[5,6,14,16],"killed_by":"3 Byrds","ascension_level":0}}