{"host":"p99prldclrm3gzba","time":1613320220,"event":{"mods":["BaseMod","Bestiary","Minty Spire (QoL Compilation)","Slay-I","Synergy Search"],"gold_per_floor":[365,540,208,228,128,156,106,135,161,161,191,191,205,223,223,343,343,366,349,349,374,249,282,282,325,325,325,325,339,113,113,113,113,113],"floor_reached":33,"language":"PTB","playtime":4705,"items_purged":["Doubt","Decay","Accuracy","Defend_G"],"score":346,"play_id":"51b7a90a-fb49-455e-9fcc-c07da53b25dc","local_time":"20210214133020","is_ascension_mode":true,"campfire_choices":[{"floor":10,"key":"REST"},{"data":"Metamorphosis","floor":15,"key":"SMITH"},{"floor":24,"key":"REST"},{"floor":27,"key":"REST"},{"data":"Finisher","floor":32,"key":"SMITH"}],"circlet_count":0,"master_deck":["Strike_G","Strike_G","Defend_G+1","Defend_G","Defend_G+1","Defend_G","Survivor","Neutralize","Finisher+1","Metamorphosis+1","Terror","Footwork","Corpse Explosion","Wraith Form v2","Footwork","Dash","Writhe","RitualDagger","Deflect","Footwork","Doubt"],"relics":["Ring of the Snake","MealTicket","Meat on the Bone","War Paint","FossilizedHelix","Golden Idol","Cursed Key","Incense Burner","Orichalcum","Bottled Lightning"],"acts_visited":["Exordium","TheCity"],"potions_floor_usage":[6,16,23,25,29,33],"damage_taken":[{"damage":0,"enemies":"Small Slimes","floor":1,"turns":4},{"damage":0,"enemies":"2 Louse","floor":4,"turns":1},{"damage":28,"enemies":"3 Sentries","floor":6,"turns":11},{"damage":15,"enemies":"Lagavulin","floor":8,"turns":4},{"damage":27,"enemies":"Gremlin Nob","floor":11,"turns":5},{"damage":0,"enemies":"Jaw Worm","floor":13,"turns":5},{"damage":0,"enemies":"3 Louse","floor":14,"turns":4},{"damage":27,"enemies":"Hexaghost","floor":16,"turns":9},{"damage":2,"enemies":"3 Byrds","floor":18,"turns":4},{"damage":14,"enemies":"2 Thieves","floor":19,"turns":4},{"damage":23,"enemies":"Snecko","floor":21,"turns":6},{"damage":48,"enemies":"Slavers","floor":23,"turns":5},{"damage":30,"enemies":"Gremlin Leader","floor":25,"turns":10},{"damage":22,"enemies":"Snake Plant","floor":29,"turns":7},{"damage":49,"enemies":"Champ","floor":33,"turns":18}],"seed_played":"-6313159052840505950","potions_obtained":[{"floor":1,"key":"PowerPotion"},{"floor":6,"key":"Poison Potion"},{"floor":14,"key":"BlessingOfTheForge"},{"floor":21,"key":"Explosive Potion"},{"floor":23,"key":"PowerPotion"},{"floor":29,"key":"Dexterity Potion"}],"is_trial":false,"path_per_floor":["M","?","$","M","$","E","?","E","T","R","E","?","M","M","R","B",null,"M","M","?","M","$","E","R","E","T","R","?","M","$","T","R","B"],"character_chosen":"THE_SILENT","items_purchased":["Metamorphosis","Terror","Footwork"],"campfire_rested":3,"item_purchase_floors":[3,3,30],"current_hp_per_floor":[70,70,70,70,70,42,42,27,27,48,33,16,28,40,40,25,70,68,54,54,43,58,22,43,25,25,46,40,30,45,45,45,0,0],"gold":113,"neow_bonus":"TWO_FIFTY_GOLD","is_daily":false,"chose_seed":false,"campfire_upgraded":2,"win_rate":0.0,"timestamp":1613320220,"path_taken":["M","?","$","M","$","E","?","E","T","R","E","?","M","M","R","BOSS","M","M","?","M","$","E","R","E","T","R","?","M","$","?","R","BOSS"],"items_purchased_type":["Card","Card","Card"],"build_version":"2020-12-22","purchased_purges":4,"victory":false,"max_hp_per_floor":[70,70,70,70,70,70,70,70,70,70,70,70,70,70,70,70,70,70,70,70,70,70,70,70,70,70,70,70,70,70,70,70,70,70],"card_choices":[{"not_picked":["Bane","Underhanded Strike"],"picked":"Finisher","floor":1},{"not_picked":["Underhanded Strike","Acrobatics"],"picked":"Footwork","floor":4},{"not_picked":["Calculated Gamble","Terror"],"picked":"Corpse Explosion","floor":6},{"not_picked":["Bane","Deadly Poison","Backflip"],"picked":"SKIP","floor":8},{"not_picked":["Flechettes","Expertise"],"picked":"Wraith Form v2","floor":11},{"not_picked":["Concentrate","Acrobatics","Dagger Throw"],"picked":"SKIP","floor":13},{"not_picked":["Sucker Punch","Accuracy"],"picked":"Footwork","floor":14},{"not_picked":["Skewer","Underhanded Strike","Blade Dance"],"picked":"SKIP","floor":18},{"not_picked":["Prepared","Eviscerate","Flechettes"],"picked":"SKIP","floor":19},{"not_picked":["Dagger Spray+1","Prepared","Flying Knee"],"picked":"SKIP","floor":21},{"not_picked":["Dagger Spray+1","Prepared","Flying Knee"],"picked":"SKIP","floor":21},{"not_picked":["Slice","Predator","Expertise"],"picked":"SKIP","floor":23},{"not_picked":["Underhanded Strike+1","Finisher","Backflip"],"picked":"SKIP","floor":25},{"not_picked":["Infinite Blades","Blade Dance"],"picked":"Deflect","floor":29}],"player_experience":671489,"relics_obtained":[{"floor":6,"key":"MealTicket"},{"floor":8,"key":"Meat on the Bone"},{"floor":9,"key":"War Paint"},{"floor":11,"key":"FossilizedHelix"},{"floor":23,"key":"Incense Burner"},{"floor":25,"key":"Orichalcum"},{"floor":26,"key":"Bottled Lightning"}],"event_choices":[{"damage_healed":0,"gold_gain":175,"player_choice":"AGREE","damage_taken":0,"max_hp_gain":0,"max_hp_loss":0,"event_name":"Liars Game","floor":2,"gold_loss":0,"cards_obtained":["Doubt"]},{"cards_removed":["Strike_G"],"damage_healed":0,"gold_gain":0,"player_choice":"Card Removal","damage_taken":0,"max_hp_gain":0,"max_hp_loss":0,"event_name":"The Cleric","floor":7,"gold_loss":50},{"damage_healed":0,"gold_gain":0,"player_choice":"Take Damage","damage_taken":17,"relics_obtained":["Golden Idol"],"max_hp_gain":0,"max_hp_loss":0,"event_name":"Golden Idol","floor":12,"gold_loss":0},{"damage_healed":0,"gold_gain":0,"cards_transformed":["Strike_G","Strike_G"],"player_choice":"Became Test Subject","damage_taken":0,"max_hp_gain":0,"max_hp_loss":0,"event_name":"Drug Dealer","floor":20,"gold_loss":0,"cards_obtained":["Accuracy","Dash"]},{"damage_healed":0,"gold_gain":0,"player_choice":"Joined the Cult","damage_taken":6,"max_hp_gain":0,"max_hp_loss":0,"event_name":"Nest","floor":28,"gold_loss":0,"cards_obtained":["RitualDagger"]}],"is_beta":false,"boss_relics":[{"not_picked":["Fusion Hammer","Philosopher\u0027s Stone"],"picked":"Cursed Key"}],"items_purged_floors":[3,5,22,30],"is_endless":false,"potions_floor_spawned":[1,6,14,21,23,29],"killed_by":"Champ","ascension_level":3}}