{"host":"blnmo1e2jbqugfxh","time":1613292235,"event":{"mods":["2.2 Compatiblity","Astrologer","Bard","BaseMod","Beaked The Cultist","Colored Powertips","Conspire","Downfall","Friendly Minions","Googly Eyes","Hermit","Highlight Path","Hubris","Infinite Spire","Marisa????????","Mimic Mod","Minty Spire (QoL Compilation)","MostiFishMod","Prisma Mod","Quick Restart","Rare Cards Sparkle","Replay The Spire","Shop Mod","StSLib","The Construct","The Cursed","The Disciple","The Exalted","The Hierophant","The Mystic","The Servant 0.9.4"],"gold_per_floor":[99,99,99,12,12,12,12,30,30,46,61,81,111,131,150,254,254,254,254],"floor_reached":17,"language":"ENG","playtime":1077,"items_purged":[],"score":157,"play_id":"09c47425-873b-405e-b9b8-078b7e2e7923","local_time":"20210214034355","is_ascension_mode":false,"campfire_choices":[{"data":"hexamod:Float","floor":1,"key":"SMITH"},{"data":"hexamod:Defend","floor":6,"key":"SMITH"},{"data":"Dark Shackles","floor":9,"key":"SMITH"}],"circlet_count":0,"master_deck":["hexamod:Strike","hexamod:Strike","hexamod:Strike","hexamod:Strike","hexamod:Defend","hexamod:Defend","hexamod:Defend+1","hexamod:Defend+1","hexamod:Sear","hexamod:Float+1","hexamod:GhostShield","hexamod:Firestarter","hexamod:ThirdSeal","Dark Shackles+1","hexamod:ShieldOfDarkness","hexamod:ThermalTransfer","hexamod:UnleashSpirits","hexamod:InspiringFlames","hexamod:GhostOfSpireFuture","hexamod:Haunt","hexamod:NightmareStrike","hexamod:UnlimitedPower","hexamod:RainOfEmbers","hexamod:TimeOfNeed"],"relics":["hexamod:SpiritBrand","DaveBox","downfall:HeartsMalice","infinitespire:EmpoweringShard","Incense Burner","SacredBark"],"acts_visited":["Exordium","TheCity"],"potions_floor_usage":[],"damage_taken":[{"damage":0,"enemies":"conspire:RoseBush","floor":2,"turns":1},{"damage":0,"enemies":"Small Slimes","floor":3,"turns":1},{"damage":0,"enemies":"downfall:FleeingMerchant","floor":4,"turns":1},{"damage":1,"enemies":"Jaw Worm","floor":8,"turns":4},{"damage":0,"enemies":"downfall:LooterAlt","floor":10,"turns":4},{"damage":0,"enemies":"3 Louse","floor":11,"turns":5},{"damage":0,"enemies":"Red Slaver","floor":12,"turns":3},{"damage":9,"enemies":"Gremlin Nob","floor":13,"turns":4},{"damage":0,"enemies":"Blue Slaver","floor":14,"turns":3},{"damage":1,"enemies":"2 Fungi Beasts","floor":15,"turns":3},{"damage":40,"enemies":"DF_ARCHETYPE_STREAMLINE","floor":16,"turns":10}],"seed_played":"2147170241505716963","potions_obtained":[{"floor":8,"key":"Fire Potion"},{"floor":10,"key":"hexamod:EctoCoolerPotion"},{"floor":12,"key":"Dexterity Potion"}],"is_trial":false,"path_per_floor":["R","M","M","$","?","R","T","M","R","M","M","M","E","M","M","B",null],"character_chosen":"THE_SPIRIT","items_purchased":["Dark Shackles"],"campfire_rested":0,"item_purchase_floors":[4],"current_hp_per_floor":[70,70,70,70,70,70,70,69,69,69,69,69,60,60,59,19,70,70,70],"gold":254,"neow_bonus":"THREE_ENEMY_KILL","is_daily":false,"chose_seed":false,"campfire_upgraded":3,"win_rate":0.0,"timestamp":1613292235,"path_taken":["R","M","M","$","?","R","T","M","R","M","M","M","E","M","M","BOSS"],"items_purchased_type":["Card"],"build_version":"2020-12-22","purchased_purges":0,"victory":false,"max_hp_per_floor":[70,70,70,70,70,70,70,70,70,70,70,70,70,70,70,70,70,70,70],"card_choices":[{"not_picked":["hexamod:AdvancingGuard","hexamod:HauntingEcho"],"picked":"hexamod:GhostShield","floor":2},{"not_picked":["hexamod:NightmareGuise","hexamod:InspiringFlames"],"picked":"hexamod:Firestarter","floor":3},{"not_picked":["hexamod:FourthSeal","hexamod:NightmareGuise"],"picked":"hexamod:ThirdSeal","floor":4},{"not_picked":["hexamod:SkipABeat","hexamod:GhostShield"],"picked":"hexamod:ShieldOfDarkness","floor":8},{"not_picked":["hexamod:InspiringFlames","hexamod:Firestarter"],"picked":"hexamod:ThermalTransfer","floor":8},{"not_picked":["hexamod:GhostLash","hexamod:GhostShield"],"picked":"hexamod:UnleashSpirits","floor":10},{"not_picked":["hexamod:Firestarter","hexamod:HeatMetal"],"picked":"hexamod:InspiringFlames","floor":11},{"not_picked":["hexamod:ShieldOfDarkness","hexamod:BurningTouch","hexamod:SwordOfDarkness"],"picked":"SKIP","floor":11},{"not_picked":["hexamod:ThermalTransfer","hexamod:ShieldOfDarkness"],"picked":"hexamod:GhostOfSpireFuture","floor":12},{"not_picked":["hexamod:ShieldOfDarkness","hexamod:Incineration"],"picked":"hexamod:Haunt","floor":13},{"not_picked":["hexamod:BurningTouch","hexamod:ThermalTransfer"],"picked":"hexamod:NightmareStrike","floor":14},{"not_picked":["hexamod:Again","hexamod:RetreatToShadows"],"picked":"hexamod:UnlimitedPower","floor":14},{"not_picked":["hexamod:Hexaguard","hexamod:GhostOfSpireFuture"],"picked":"hexamod:RainOfEmbers","floor":15},{"not_picked":["hexamod:GhostShield","hexamod:ThermalTransfer","hexamod:Firestarter"],"picked":"SKIP","floor":15},{"not_picked":["hexamod:UnleashSpirits","hexamod:FifthSeal"],"picked":"hexamod:TimeOfNeed","floor":16}],"player_experience":24554,"relics_obtained":[{"floor":7,"key":"infinitespire:EmpoweringShard"},{"floor":13,"key":"Incense Burner"}],"event_choices":[],"is_beta":false,"boss_relics":[{"not_picked":["HereWithMe","ReplayTheSpireMod:DimensionalGlitch"],"picked":"SacredBark"}],"items_purged_floors":[],"is_endless":false,"potions_floor_spawned":[8,10,12,13,16],"ascension_level":0}}