{"host":"krw8blyxua7at9ak","time":1613299357,"event":{"mods":["BaseMod","Highlight Path","Minty Spire (QoL Compilation)","ojb\u0027s Info Mod"],"gold_per_floor":[18,18,18,43,66,66,104,104,131,155,155,155],"floor_reached":11,"language":"ENG","playtime":469,"items_purged":[],"score":146,"play_id":"4081bce6-08aa-47a8-89e2-05c45f885787","local_time":"20210214114237","is_ascension_mode":true,"campfire_choices":[{"data":"Bouncing Flask","floor":6,"key":"SMITH"},{"data":"All Out Attack","floor":8,"key":"SMITH"}],"circlet_count":0,"master_deck":["AscendersBane","Strike_G","Strike_G","Strike_G","Defend_G","Defend_G","Defend_G","Defend_G","Survivor","Neutralize","Storm of Steel","All Out Attack+1","Terror","Bouncing Flask+1","Footwork","Cloak And Dagger"],"relics":["Ring of the Snake","Golden Idol","Smiling Mask","Akabeko"],"acts_visited":["Exordium"],"potions_floor_usage":[7],"damage_taken":[{"damage":7,"enemies":"Small Slimes","floor":1,"turns":4},{"damage":1,"enemies":"2 Louse","floor":4,"turns":3},{"damage":0,"enemies":"Cultist","floor":5,"turns":3},{"damage":27,"enemies":"3 Sentries","floor":7,"turns":7},{"damage":0,"enemies":"Looter","floor":10,"turns":2},{"damage":40,"enemies":"Lagavulin","floor":11,"turns":5}],"seed_played":"-7780201195533200116","potions_obtained":[{"floor":4,"key":"SteroidPotion"},{"floor":5,"key":"FearPotion"}],"is_trial":false,"path_per_floor":["M","?","?","M","M","R","E","R","T","M","E"],"character_chosen":"THE_SILENT","items_purchased":[],"campfire_rested":0,"item_purchase_floors":[],"current_hp_per_floor":[52,52,52,51,51,51,24,24,24,24,0,0],"gold":155,"neow_bonus":"TRANSFORM_TWO_CARDS","is_daily":false,"chose_seed":false,"campfire_upgraded":2,"win_rate":0.0,"timestamp":1613299357,"path_taken":["M","?","?","M","M","R","E","R","T","M","E"],"items_purchased_type":[],"build_version":"2020-12-22","purchased_purges":0,"victory":false,"max_hp_per_floor":[66,66,60,60,60,60,60,60,60,60,60,60],"card_choices":[{"not_picked":["Flying Knee","Setup"],"picked":"Terror","floor":1},{"not_picked":["Eviscerate","PiercingWail"],"picked":"Footwork","floor":4},{"not_picked":["Deflect","Choke"],"picked":"Cloak And Dagger","floor":5},{"not_picked":["Outmaneuver","PiercingWail","Dagger Throw"],"picked":"SKIP","floor":7},{"not_picked":["Prepared","Backflip","Poisoned Stab"],"picked":"SKIP","floor":10}],"player_experience":403579,"relics_obtained":[{"floor":7,"key":"Smiling Mask"},{"floor":9,"key":"Akabeko"}],"event_choices":[{"damage_healed":0,"gold_gain":0,"cards_transformed":["Strike_G"],"player_choice":"Change","damage_taken":0,"max_hp_gain":0,"max_hp_loss":0,"event_name":"Living Wall","floor":2,"gold_loss":0,"cards_obtained":["Bouncing Flask"]},{"damage_healed":0,"gold_gain":0,"player_choice":"Lose Max HP","damage_taken":0,"relics_obtained":["Golden Idol"],"max_hp_gain":0,"max_hp_loss":6,"event_name":"Golden Idol","floor":3,"gold_loss":0}],"is_beta":false,"boss_relics":[],"items_purged_floors":[],"is_endless":false,"potions_floor_spawned":[4,5],"killed_by":"Lagavulin","ascension_level":20}}