{"host":"yfdtuf6ojcxn06xg","time":1613278381,"event":{"mods":["2.2 Compatiblity","AchievementEnabler","BaseMod","Colored Map","Colored Powertips","Curses Come First","Hermit","JesterMod","Jorbs\u0027s Wanderer Trilogy","Minty Spire (QoL Compilation)","Quick Restart","Rare Cards Sparkle","Relic Stats","Replay The Spire","StSLib","The Cursed","The Disciple","The Hierophant","The Jungle","The Marked","The Necromancer","The Servant 0.9.4"],"gold_per_floor":[115,115,190,66,107,132,143,163,163,16,31,42,42,55,55,155,155,172,172,186,206,91,91,106,6,86,86,105,105,124,158,158,158,158],"floor_reached":33,"language":"ENG","playtime":1548,"items_purged":["Strike_G","Strike_G"],"score":369,"play_id":"9224d0b4-9e00-44dc-bfea-76f1f9e5ae6e","local_time":"20210213235301","is_ascension_mode":false,"campfire_choices":[{"data":"Crippling Poison","floor":15,"key":"SMITH"},{"data":"Toxin Wave","floor":23,"key":"SMITH"},{"data":"Night Terror","floor":27,"key":"SMITH"},{"floor":29,"key":"REST"},{"floor":32,"key":"REST"}],"circlet_count":0,"master_deck":["Strike_G","Strike_G","Strike_G","Defend_G","Defend_G","Defend_G","Defend_G","Defend_G+1","Survivor","Neutralize","Crippling Poison+1","Bane","ReplayTheSpireMod:Speed Training","Escape Plan","Deadly Poison+1","Night Terror+1","Prepared+1","Toxin Wave+1","Distraction+1","Corpse Explosion+1","Deadly Poison","ReplayTheSpireMod:Necrosis","Escape Plan"],"relics":["Ring of the Snake","NeowsBlessing","Divine Protection","Blue Candle","Lantern","SlaversCollar","theJungle:WildPear","Iron Hammer","War Paint"],"acts_visited":["Exordium","Exordium"],"potions_floor_usage":[6,12,16,16,28,31,33],"damage_taken":[{"damage":0,"enemies":"Small Slimes","floor":1,"turns":2},{"damage":0,"enemies":"3 Sentries","floor":6,"turns":1},{"damage":0,"enemies":"Jaw Worm","floor":7,"turns":1},{"damage":0,"enemies":"2 Louse","floor":8,"turns":2},{"damage":0,"enemies":"Exordium Wildlife","floor":11,"turns":6},{"damage":0,"enemies":"Large Slime","floor":12,"turns":9},{"damage":0,"enemies":"Looter","floor":14,"turns":3},{"damage":0,"enemies":"The Guardian","floor":16,"turns":12},{"damage":2,"enemies":"theJungle:MUSHROOMGANG","floor":18,"turns":5},{"damage":0,"enemies":"theJungle:5_Spyders","floor":20,"turns":8},{"damage":16,"enemies":"theJungle:2_Flameangoes","floor":21,"turns":10},{"damage":10,"enemies":"theJungle:SlimyTreeVines","floor":24,"turns":6},{"damage":17,"enemies":"theJungle:2_Snecko_Cultists","floor":28,"turns":3},{"damage":16,"enemies":"theJungle:Snecko_Cultist_And_Trap","floor":30,"turns":6},{"damage":27,"enemies":"theJungle:Cassacara","floor":31,"turns":6},{"damage":48,"enemies":"theJungle:QueenSpyder","floor":33,"turns":12}],"seed_played":"-3012523185399186739","potions_obtained":[{"floor":1,"key":"Milkshake"},{"floor":5,"key":"CunningPotion"},{"floor":5,"key":"SkillPotion"},{"floor":5,"key":"ColorlessPotion"},{"floor":7,"key":"SneckoOil"},{"floor":8,"key":"Dexterity Potion"},{"floor":20,"key":"EssenceOfSteel"},{"floor":24,"key":"Languid Potion"},{"floor":28,"key":"Swift Potion"}],"is_trial":false,"path_per_floor":["M","?","?","$","?","E","M","M","T","$","M","M","$","M","R","B",null,"M","?","M","M","$","R","M","$","T","R","M","R","M","E","R","B"],"character_chosen":"THE_SILENT","items_purchased":["Bane","Lantern","Corpse Explosion+1"],"campfire_rested":2,"item_purchase_floors":[4,10,22],"current_hp_per_floor":[70,70,59,59,42,42,42,42,42,42,42,42,42,42,42,42,70,68,78,78,62,62,62,58,58,58,58,41,65,49,22,46,0,0],"gold":158,"neow_bonus":"THREE_ENEMY_KILL","is_daily":false,"chose_seed":false,"campfire_upgraded":3,"win_rate":0.0,"timestamp":1613278381,"path_taken":["M","?","?","$","?","E","M","M","T","$","?","M","$","M","R","BOSS","M","?","M","M","$","R","M","$","T","R","M","R","M","E","R","BOSS"],"items_purchased_type":["Card","Relic","Card"],"build_version":"2020-12-22","purchased_purges":2,"victory":false,"max_hp_per_floor":[70,70,70,70,70,70,70,70,70,70,70,70,70,70,70,70,70,70,80,80,80,80,80,80,80,80,80,80,80,80,80,80,80,80],"relic_stats":{"counters":[16,92],"Blue Candle":[0],"War Paint":["Defend_G","Deadly Poison"],"obtain_stats":[{"Divine Protection":6,"SlaversCollar":17,"Lantern":10,"NeowsBlessing":0,"Blue Candle":9,"Iron Hammer":26,"theJungle:WildPear":19,"War Paint":31,"Ring of the Snake":0},{"Divine Protection":2,"SlaversCollar":8,"Lantern":4,"NeowsBlessing":0,"Blue Candle":4,"Iron Hammer":12,"theJungle:WildPear":9,"War Paint":15,"Ring of the Snake":0},{"Divine Protection":3,"SlaversCollar":36,"Lantern":6,"NeowsBlessing":0,"Blue Candle":6,"Iron Hammer":65,"theJungle:WildPear":41,"War Paint":80,"Ring of the Snake":0}],"Ring of the Snake":[32]},"card_choices":[{"not_picked":["Distraction","Sucker Punch"],"picked":"Crippling Poison","floor":1},{"not_picked":["Quick Slash","Backflip"],"picked":"ReplayTheSpireMod:Speed Training","floor":5},{"not_picked":["Skewer","Bane"],"picked":"Escape Plan","floor":6},{"not_picked":["Skewer","Hidden Blade","Well Laid Plans"],"picked":"SKIP","floor":7},{"not_picked":["ReplayTheSpireMod:Shiv Toss","Backflip","Concentrate"],"picked":"SKIP","floor":8},{"not_picked":["Blade Dance","Riddle With Holes","Fluid Movement"],"picked":"SKIP","floor":11},{"not_picked":["Underhanded Strike","Outmaneuver","Flying Knee"],"picked":"SKIP","floor":12},{"not_picked":["Backflip","ReplayTheSpireMod:Scrap Shanks"],"picked":"Deadly Poison","floor":14},{"not_picked":["Doppelganger","Grand Finale"],"picked":"Night Terror","floor":16},{"not_picked":["ReplayTheSpireMod:Shiv Toss","Dagger Throw"],"picked":"Prepared+1","floor":18},{"not_picked":["Sucker Punch","Backflip"],"picked":"Toxin Wave","floor":20},{"not_picked":["Quick Slash+1","Dagger Throw"],"picked":"Distraction+1","floor":21},{"not_picked":["Blade Dance+1","Underhanded Strike","PiercingWail"],"picked":"SKIP","floor":24},{"not_picked":["Poisoned Stab","Hidden Blade"],"picked":"Deadly Poison","floor":28},{"not_picked":["Underhanded Strike","Flechettes"],"picked":"ReplayTheSpireMod:Necrosis","floor":30},{"not_picked":["Endless Agony","Outmaneuver"],"picked":"Escape Plan","floor":31}],"player_experience":266348,"relics_obtained":[{"floor":6,"key":"Divine Protection"},{"floor":9,"key":"Blue Candle"},{"floor":26,"key":"Iron Hammer"},{"floor":31,"key":"War Paint"}],"event_choices":[{"damage_healed":0,"gold_gain":0,"player_choice":"Ignored","damage_taken":0,"max_hp_gain":0,"max_hp_loss":0,"event_name":"Liars Game","floor":2,"gold_loss":0},{"damage_healed":0,"gold_gain":75,"player_choice":"Gather Gold","damage_taken":11,"max_hp_gain":0,"max_hp_loss":0,"event_name":"World of Goop","floor":3,"gold_loss":0}],"is_beta":false,"boss_relics":[{"not_picked":["Replay:Wanted Poster","Tiny House"],"picked":"SlaversCollar"}],"items_purged_floors":[4,25],"is_endless":false,"potions_floor_spawned":[1,7,8,20,24,28],"killed_by":"theJungle:QueenSpyder","ascension_level":0}}