{"host":"s0ikvqhe10eopvjn","time":1613322686,"event":{"mods":["Act Like it!","Bard","BaseMod","Better Third Choice","Block Reminder","Colored Map","Colored Powertips","Dark Map","DeckTracker","Downfall","GifTheSpireLib","Halation","Hallownest","Hermit","Highlight Path","Hubris","Infinite Spire","Mad Scientist","Minty Spire (QoL Compilation)","Permanent Neow","Random Character Button","Relic Stats","Reliquary","StSLib","The Blue Laboratory","The Bug Knight","The Construct","The Cursed","The Disciple","The Marked","The Necromancer","The Poker Player","The Runesmith","The Servant 0.9.4"],"gold_per_floor":[116,134,148,148,166,198,198,232,280,298,317,346,346,64,64,167,167,182,182,182,192,202,202,236,236,259,278,203,146,146,3,3,103,103,114,124,224,237,91,105,105,120,120,120,120,120,135,152,152,152,152,152,48,79,79],"floor_reached":56,"language":"ENG","playtime":2270,"items_purged":["Strike_P","Defend_P"],"score":1339,"play_id":"da639347-4c1b-4902-a9b7-0f32c3008bd6","local_time":"20210214171126","is_ascension_mode":false,"campfire_choices":[{"floor":13.0,"key":"REST"},{"floor":15.0,"key":"RECALL"},{"data":"WindmillStrike","floor":23.0,"key":"SMITH"},{"data":"PathToVictory","floor":25,"key":"SMITH"},{"data":"Tantrum","floor":30,"key":"SMITH"},{"data":"DevaForm","floor":32,"key":"SMITH"},{"data":"Consecrate","floor":41,"key":"SMITH"},{"floor":44,"key":"REST"},{"data":"hubris:InfiniteBlow+185","floor":49,"key":"SMITH"},{"data":"hubris:InfiniteBlow+189","floor":52,"key":"SMITH"}],"circlet_count":0,"master_deck":["Strike_P+1","Strike_P+1","Strike_P+1","Defend_P+1","Defend_P+1","Defend_P+1","Eruption+1","Vigilance+1","FollowUp+1","WindmillStrike+1","EmptyBody+1","Consecrate+1","PathToVictory+1","Tantrum+1","Halt+1","Consecrate+1","Vault+1","DevaForm+1","Pray+1","hubris:InfiniteBlow+193","infinitespire:Collect+1","DeceiveReality+1","PathToVictory+1","Prostrate+1","Scrawl+1","FearNoEvil+1","ThirdEye+1","Fasting2+1","TalkToTheHand+1","PathToVictory+1","Parasite","WindmillStrike"],"relics":["PureWater","halation:PinkSoulGem","infinitespire:Eraser","reliquary:TatteredRug","Toxic Egg 2","ClockworkSouvenir","hubris:GlazedTorus","halation:HeavySnake","reliquary:RoseTintedGlasses","WingedGreaves","Potion Belt","Lantern","hubris:VirtuousBlindfold","Vajra","halation:KoshaPiece","reliquary:PartyBalloon","Bronze Scales","reliquary:FeatherDuster"],"acts_visited":["Exordium","TheCity","TheBeyond","TheEnding"],"potions_floor_usage":[35,40,47,55,55,55,55],"damage_taken":[{"damage":6.0,"enemies":"Small Slimes","floor":1.0,"turns":2.0},{"damage":1.0,"enemies":"2 Louse","floor":2.0,"turns":2.0},{"damage":1.0,"enemies":"Jaw Worm","floor":3.0,"turns":5.0},{"damage":2.0,"enemies":"2 Fungi Beasts","floor":5.0,"turns":4.0},{"damage":18.0,"enemies":"Lagavulin","floor":6.0,"turns":6.0},{"damage":1.0,"enemies":"Gremlin Nob","floor":8.0,"turns":3.0},{"damage":0.0,"enemies":"Large Slime","floor":10.0,"turns":3.0},{"damage":8.0,"enemies":"3 Louse","floor":11.0,"turns":4.0},{"damage":14.0,"enemies":"Lagavulin","floor":12.0,"turns":5.0},{"damage":23.0,"enemies":"Hexaghost","floor":16.0,"turns":7.0},{"damage":3.0,"enemies":"Spheric Guardian","floor":18.0,"turns":4.0},{"damage":9.0,"enemies":"Shell Parasite","floor":21.0,"turns":3.0},{"damage":6.0,"enemies":"Sentry and Sphere","floor":22.0,"turns":5.0},{"damage":0,"enemies":"Slavers","floor":24,"turns":1},{"damage":9,"enemies":"Centurion and Healer","floor":27,"turns":3},{"damage":0,"enemies":"Automaton","floor":33,"turns":3},{"damage":0,"enemies":"3 Shapes","floor":35,"turns":4},{"damage":0,"enemies":"Orb Walker","floor":36,"turns":4},{"damage":0,"enemies":"Jaw Worm Horde","floor":38,"turns":3},{"damage":16,"enemies":"4 Shapes","floor":40,"turns":5},{"damage":0,"enemies":"Maw","floor":42,"turns":1},{"damage":0,"enemies":"Writhing Mass","floor":47,"turns":3},{"damage":0,"enemies":"3 Darklings","floor":48,"turns":4},{"damage":0,"enemies":"hubris:GrandSnecko","floor":50,"turns":1},{"damage":4,"enemies":"Shield and Spear","floor":54,"turns":3},{"damage":6,"enemies":"The Heart","floor":55,"turns":6}],"seed_played":"1260312352063596049","potions_obtained":[{"floor":2.0,"key":"Strength Potion"},{"floor":6.0,"key":"FearPotion"},{"floor":10.0,"key":"blueLaboratory:BottleOfRum"},{"floor":11.0,"key":"Slimebound:ThreeZeroPotion"},{"floor":16.0,"key":"SpeedPotion"},{"floor":21.0,"key":"blueLaboratory:MidnightOil"},{"floor":33,"key":"Fruit Juice"},{"floor":35,"key":"champ:CounterPotion"},{"floor":36,"key":"Dexterity Potion"},{"floor":38,"key":"blueLaboratory:AlphaPotion"},{"floor":47,"key":"blueLaboratory:StoneskinPotion"},{"floor":54,"key":"blueLaboratory:FruitPunch"}],"is_trial":false,"path_per_floor":["M","M","M","?","M","E","?","E","T","M","M","E","R","$","R","B",null,"M","?","AVR","M","M","R","E","R","T","M","$","?","R","$","R","B",null,"M","M","?","M","$","M","R","M","T","R","?","AVR","M","M","R","B",null,"R","$","E","B",null],"character_chosen":"WATCHER","items_purchased":["ClockworkSouvenir","hubris:GlazedTorus","Lantern","Vajra","Bronze Scales"],"campfire_rested":2,"item_purchase_floors":[14,14,31,39,53],"current_hp_per_floor":[66,65,64,64,62,44,44,43,43,43,35,21,42,42,42,19,72,69,69,69,60,54,54,54,54,54,45,45,65,65,65,65,65,72,77,77,77,77,77,61,61,61,61,77,77,77,77,77,77,77,77,77,77,73,69],"gold":79,"neow_bonus":"THREE_CARDS","is_daily":false,"chose_seed":false,"campfire_upgraded":7,"win_rate":0.0,"timestamp":1613322686,"path_taken":["M","M","M","?","M","E","?","E","T","M","?","E","R","$","R","BOSS","M","?","AVR","M","M","R","E","R","T","M","$","?","R","$","R","BOSS","M","M","?","M","?","M","R","?","T","R","?","AVR","M","M","R","BOSS","R","$","E","BOSS"],"items_purchased_type":["Relic","Relic","Relic","Relic","Relic"],"build_version":"2020-12-22","purchased_purges":2,"victory":true,"max_hp_per_floor":[72,72,72,72,72,72,72,72,72,72,72,72,72,72,72,72,72,72,72,72,72,72,72,72,72,72,72,72,72,72,72,72,72,72,77,77,77,77,77,77,77,77,77,77,77,77,77,77,77,77,77,77,77,77,79],"relic_stats":{"counters":[26,94],"Bronze Scales":[42],"obtain_stats":[{"Potion Belt":26,"reliquary:FeatherDuster":54,"Lantern":31,"reliquary:PartyBalloon":46,"hubris:VirtuousBlindfold":34,"Vajra":39,"reliquary:TatteredRug":8,"ClockworkSouvenir":14,"halation:HeavySnake":17,"Bronze Scales":53,"reliquary:RoseTintedGlasses":20,"WingedGreaves":24,"halation:KoshaPiece":43,"PureWater":0,"infinitespire:Eraser":6,"Toxic Egg 2":12,"halation:PinkSoulGem":4,"hubris:GlazedTorus":14},{"Potion Belt":14,"reliquary:FeatherDuster":25,"Lantern":15,"reliquary:PartyBalloon":21,"hubris:VirtuousBlindfold":16,"Vajra":19,"reliquary:TatteredRug":6,"ClockworkSouvenir":9,"halation:HeavySnake":10,"Bronze Scales":24,"reliquary:RoseTintedGlasses":11,"WingedGreaves":14,"halation:KoshaPiece":21,"PureWater":0,"infinitespire:Eraser":5,"Toxic Egg 2":9,"halation:PinkSoulGem":3,"hubris:GlazedTorus":9},{"Potion Belt":54,"reliquary:FeatherDuster":88,"Lantern":57,"reliquary:PartyBalloon":77,"hubris:VirtuousBlindfold":60,"Vajra":71,"reliquary:TatteredRug":22,"ClockworkSouvenir":34,"halation:HeavySnake":41,"Bronze Scales":85,"reliquary:RoseTintedGlasses":45,"WingedGreaves":54,"halation:KoshaPiece":77,"PureWater":0,"infinitespire:Eraser":19,"Toxic Egg 2":34,"halation:PinkSoulGem":9,"hubris:GlazedTorus":34}]},"card_choices":[{"not_picked":["BowlingBash","JustLucky"],"picked":"FollowUp","floor":0.0},{"not_picked":["InnerPeace","CutThroughFate"],"picked":"WindmillStrike","floor":1.0},{"not_picked":["Indignation","CutThroughFate"],"picked":"EmptyBody","floor":2.0},{"not_picked":["Crescendo","SashWhip"],"picked":"Consecrate","floor":3.0},{"not_picked":["EmptyMind","Worship"],"picked":"PathToVictory","floor":5.0},{"not_picked":["ClearTheMind","FearNoEvil"],"picked":"Tantrum","floor":6.0},{"not_picked":["ThirdEye","ClearTheMind","LessonLearned"],"picked":"SKIP","floor":8.0},{"not_picked":["DeceiveReality","CrushJoints"],"picked":"Halt","floor":10.0},{"not_picked":["Evaluate","BowlingBash"],"picked":"Consecrate","floor":11.0},{"not_picked":["Conclude","FollowUp"],"picked":"Vault+1","floor":12.0},{"not_picked":["Establishment","Blasphemy+1"],"picked":"DevaForm","floor":16.0},{"not_picked":["Crescendo+1","CrushJoints"],"picked":"Pray+1","floor":18.0},{"not_picked":["FollowUp","FlyingSleeves"],"picked":"DeceiveReality+1","floor":21.0},{"not_picked":["CutThroughFate","Adaptation+1","ThirdEye+1"],"picked":"SKIP","floor":22.0},{"not_picked":["FlyingSleeves","EmptyMind+1"],"picked":"PathToVictory+1","floor":24},{"not_picked":["FlurryOfBlows","SashWhip"],"picked":"Prostrate+1","floor":27},{"not_picked":["Establishment","ConjureBlade+1"],"picked":"Scrawl+1","floor":33},{"not_picked":["Halt+1","EmptyBody+1"],"picked":"FearNoEvil+1","floor":35},{"not_picked":["Evaluate+1","CrushJoints+1"],"picked":"ThirdEye+1","floor":36},{"not_picked":["Tantrum+1","Consecrate"],"picked":"Fasting2+1","floor":38},{"not_picked":["ThirdEye+1","BowlingBash"],"picked":"TalkToTheHand+1","floor":40},{"not_picked":["SashWhip+1","SandsOfTime"],"picked":"PathToVictory+1","floor":42},{"not_picked":["InnerPeace+1","BowlingBash+1","Halt+1"],"picked":"SKIP","floor":47},{"not_picked":["WheelKick","WaveOfTheHand+1","EmptyFist+1"],"picked":"SKIP","floor":48},{"not_picked":["EmptyFist","Consecrate+1"],"picked":"WindmillStrike","floor":54}],"player_experience":343463,"relics_obtained":[{"floor":6.0,"key":"infinitespire:Eraser"},{"floor":8.0,"key":"reliquary:TatteredRug"},{"floor":12.0,"key":"Toxic Egg 2"},{"floor":24,"key":"WingedGreaves"},{"floor":26,"key":"Potion Belt"},{"floor":43,"key":"halation:KoshaPiece"},{"floor":54,"key":"reliquary:FeatherDuster"}],"event_choices":[{"damage_healed":0.0,"max_hp_gain":0.0,"max_hp_loss":0.0,"gold_gain":0.0,"event_name":"betterThird:BetterSerpent","player_choice":"Ignored","floor":7.0,"gold_loss":0.0,"damage_taken":198.0},{"damage_healed":0.0,"max_hp_gain":0.0,"max_hp_loss":0.0,"gold_gain":0.0,"event_name":"Ghosts","player_choice":"Ignored","floor":19.0,"gold_loss":0.0,"damage_taken":0.0},{"damage_healed":0,"gold_gain":100,"player_choice":"Pray","damage_taken":0,"max_hp_gain":0,"max_hp_loss":0,"event_name":"Golden Shrine","floor":37,"gold_loss":0}],"is_beta":false,"boss_relics":[{"not_picked":["bronze:MakeshiftBattery","hubris:BlackHole"],"picked":"halation:HeavySnake"},{"not_picked":["reliquary:Craggleroot","construct:ClawGrip"],"picked":"hubris:VirtuousBlindfold"}],"items_purged_floors":[20,28],"is_endless":false,"potions_floor_spawned":[2,6,10,11,16,21,33,35,36,38,47,54],"ascension_level":0}}