{"host":"u0qetpmu4y58k1tf","time":1613283452,"event":{"mods":["100% Spire Juice","AchievementEnabler","Act Like it!","BaseMod","CapriCore","Colored Map","Colored Powertips","Hermit","Koishi","Marisa£¨Ùöéë¡¡Øª×âÞÞ£©","Minty Spire (QoL Compilation)","Quick Restart","Reliquary","Replay The Spire","StSLib","Td1madao Mod","The Bug Knight","The Cursed","The Dragon Tamer","The Gatherer","The Hierophant","The Immortal","The Jungle","The Runesmith","WarShipGirlsR/??á´Ò³R mod"],"gold_per_floor":[363,34,44,54,54,82,150,182,182,182,218,231,231,231,231,360,360,374,387,134,155,155,155,175,175,199,211,223,273,309,364,376,513,525,552,564,600,612,640,652,688,741,753,783,795,828,874,901,913,925,937,949,4,39,39],"floor_reached":56,"language":"KOR","playtime":2865,"items_purged":["Bash","Strike_R","Strike_R+1"],"score":1580,"play_id":"0758417c-fdc1-4ec0-923d-421ad4e83999","local_time":"20210214151732","is_ascension_mode":true,"campfire_choices":[{"floor":13,"key":"REST"},{"data":"Fire Breathing","floor":15,"key":"SMITH"},{"data":"Fire Breathing","floor":23,"key":"SMITH"},{"data":"Wild Strike","floor":25,"key":"SMITH"},{"floor":28,"key":"RECALL"},{"data":"Defend_R","floor":32,"key":"SMITH"},{"data":"Defend_R","floor":40,"key":"SMITH"},{"data":"Pain","floor":49,"key":"PURGE"},{"floor":52,"key":"REST"}],"circlet_count":0,"master_deck":["Strike_R+1","Strike_R+1","Defend_R+1","Defend_R+1","Defend_R+1","Fire Breathing+1","Wild Strike+1","Fire Breathing+1","ReplayTheSpireMod:Muscle Training+1","Injury","Warcry+1","Pot Of Greed+1","Pot Of Greed+1","Shrug It Off+1","Battle Trance+1","Headbutt+1","Burning Pact+1","Intimidate+1","Seeing Red+1","Reckless Charge+1","Dark Embrace+1","Pot Of Greed+1","Warcry+1","Sadistic Nature+1"],"relics":["Burning Blood","Sundial","Oddly Smooth Stone","Golden Egg","Self Forming Clay","Toxic Egg 2","Golden Idol","Grinning Jar","Replay:Fungal Core","Replay:Baseball","MawBank","reliquary:Crutches","Pocketwatch","ChewingGum","WarpedTongs","Centennial Puzzle","Replay:Bottled Eggs","Bottled Flame","Toolbox","Torii"],"acts_visited":["Exordium","Exordium","TheBeyond","TheEnding"],"potions_floor_usage":[6,8,8,33,42,42,42,50,50,55,55,55],"damage_taken":[{"damage":6.0,"enemies":"Cultist","floor":1.0,"turns":3.0},{"damage":13.0,"enemies":"Jaw Worm","floor":3.0,"turns":5.0},{"damage":0.0,"enemies":"Small Slimes","floor":4.0,"turns":3.0},{"damage":16,"enemies":"Lagavulin","floor":6,"turns":7},{"damage":31,"enemies":"Gremlin Nob","floor":8,"turns":4},{"damage":14,"enemies":"3 Sentries","floor":11,"turns":4},{"damage":7,"enemies":"Blue Slaver","floor":12,"turns":5},{"damage":16,"enemies":"Fading Forest","floor":16,"turns":11},{"damage":0,"enemies":"theJungle:GiantWrat","floor":18,"turns":3},{"damage":0,"enemies":"Shell Parasite","floor":19,"turns":3},{"damage":0,"enemies":"theJungle:2_Snecko_Cultists","floor":21,"turns":2},{"damage":0,"enemies":"theJungle:Snecko_Cultist_And_Trap","floor":24,"turns":2},{"damage":16,"enemies":"theJungle:Cassacara","floor":29,"turns":3},{"damage":3,"enemies":"Snake Plant","floor":30,"turns":2},{"damage":0,"enemies":"theJungle:MamaSnecko","floor":31,"turns":4},{"damage":0,"enemies":"theJungle:TotemBoss","floor":33,"turns":3},{"damage":10,"enemies":"Orb Walker","floor":35,"turns":3},{"damage":10,"enemies":"3 Shapes","floor":37,"turns":3},{"damage":0,"enemies":"Sphere and 2 Shapes","floor":39,"turns":2},{"damage":0,"enemies":"3 Darklings","floor":41,"turns":2},{"damage":12,"enemies":"Nemesis","floor":42,"turns":5},{"damage":18,"enemies":"Maw","floor":44,"turns":5},{"damage":3,"enemies":"Sphere and 2 Shapes","floor":46,"turns":2},{"damage":4,"enemies":"HollowMod:StalkingDevout","floor":47,"turns":4},{"damage":16,"enemies":"3 Darklings","floor":48,"turns":3},{"damage":48,"enemies":"Time Eater","floor":50,"turns":9},{"damage":0,"enemies":"Shield and Spear","floor":54,"turns":2},{"damage":41,"enemies":"The Heart","floor":55,"turns":5}],"seed_played":"-6646731469032031368","potions_obtained":[{"floor":1.0,"key":"Block Potion"},{"floor":4.0,"key":"PowerPotion"},{"floor":6,"key":"Explosive Potion"},{"floor":11,"key":"Toxic Potion"},{"floor":12,"key":"Elixir"},{"floor":19,"key":"Block Potion"},{"floor":22,"key":"Cursed Concoction"},{"floor":22,"key":"Block Potion"},{"floor":33,"key":"AttackPotion"},{"floor":42,"key":"SkillPotion"},{"floor":44,"key":"LiquidBronze"},{"floor":48,"key":"SpeedPotion"}],"is_trial":false,"path_per_floor":["M","$","M","M","?","E","T","E","T","?","E","M","R","?","R","B",null,"M","M","$","M","?","R","M","R","T","$","R","E","M","E","R","B",null,"M","?","M","?","M","R","M","E","T","M","?","M","E","M","R_BF","B",null,"R","$","E","B",null],"character_chosen":"IRONCLAD","items_purchased":["Sundial","Replay:Baseball","Dark Embrace","Warcry+1","Bottled Flame","Toolbox","Regen Potion","ColorlessPotion","Sadistic Nature"],"campfire_rested":2,"item_purchase_floors":[2,20,53,53,53,53,53,53,53],"current_hp_per_floor":[56,56,49,55,55,45,45,20,20,20,12,11,35,35,35,25,80,80,80,80,80,80,80,80,80,80,80,80,70,73,79,79,80,80,76,76,72,72,78,78,80,74,74,62,62,65,67,57,57,15,80,80,80,80,54],"gold":39,"neow_bonus":"TWO_FIFTY_GOLD","is_daily":false,"chose_seed":false,"campfire_upgraded":5,"win_rate":0.0,"timestamp":1613283452,"path_taken":["M","$","M","M","?","E","?","E","T","?","E","?","R","?","R","BOSS","M","M","$","M","?","R","?","R","T","$","R","E","M","E","R","BOSS","M","?","?","?","M","R","?","E","T","M","?","M","E","M","R_BF","BOSS","R","$","E","BOSS"],"items_purchased_type":["Relic","Relic","Card","Card","Relic","Relic","Potion","Potion","Card"],"build_version":"2020-12-22","purchased_purges":3,"victory":true,"max_hp_per_floor":[80,80,80,80,80,80,80,80,80,80,80,80,80,80,80,80,80,80,80,80,80,80,80,80,80,80,80,80,80,80,80,80,80,80,80,80,80,80,80,80,80,80,80,80,80,80,80,80,80,80,80,80,80,80,80],"card_choices":[{"not_picked":["Dark Embrace","ReplayTheSpireMod:Strike From Hell"],"picked":"Fire Breathing","floor":1.0},{"not_picked":["True Grit","Perfected Strike"],"picked":"Wild Strike","floor":3.0},{"not_picked":["Shrug It Off","ReplayTheSpireMod:LeadingStrike"],"picked":"Fire Breathing","floor":4.0},{"not_picked":["Impervious","Perfected Strike","ReplayTheSpireMod:Strike From Hell"],"picked":"SKIP","floor":6},{"not_picked":["Flame Barrier","Havoc","Warcry"],"picked":"SKIP","floor":8},{"not_picked":["Hemogenesis","Shrug It Off+1"],"picked":"Warcry+1","floor":11},{"not_picked":["Iron Wave","Perfected Strike"],"picked":"Shrug It Off+1","floor":12},{"not_picked":["Replay:Undeath\u0027s Touch","Thunderclap","Clash"],"picked":"SKIP","floor":18},{"not_picked":["ReplayTheSpireMod:Strike From Hell","Pommel Strike+1","Massacre"],"picked":"SKIP","floor":19},{"not_picked":["Cleave","Sever Soul","Pommel Strike+1"],"picked":"SKIP","floor":21},{"not_picked":["Pummel","Sword Boomerang","Entrench+1"],"picked":"SKIP","floor":24},{"not_picked":["Double Tap+1","Heavy Blade","Inflame"],"picked":"SKIP","floor":29},{"not_picked":["Run Through","Anger"],"picked":"Battle Trance+1","floor":30},{"not_picked":["Twin Strike","ReplayTheSpireMod:Corrosion Curse+1"],"picked":"Headbutt+1","floor":31},{"not_picked":["Shrug It Off+1","Flame Barrier+1"],"picked":"Burning Pact+1","floor":35},{"not_picked":["ReplayTheSpireMod:Stacked+1","Dropkick+1"],"picked":"Intimidate+1","floor":37},{"not_picked":["Perfected Strike","Entrench+1"],"picked":"Defy Death+1","floor":39},{"not_picked":["Cleave+1","Thunderclap+1","Iron Wave"],"picked":"SKIP","floor":41},{"not_picked":["Replay:Undeath\u0027s Touch+1","Havoc+1"],"picked":"Seeing Red+1","floor":42},{"not_picked":["Havoc+1","True Grit+1"],"picked":"Reckless Charge+1","floor":44},{"not_picked":["Carnage","Hemokinesis+1","Twin Strike"],"picked":"SKIP","floor":46},{"not_picked":["Fiend Fire","Clash+1","Armaments+1"],"picked":"SKIP","floor":47},{"not_picked":["Twin Strike","Run Through","Havoc+1"],"picked":"SKIP","floor":48},{"not_picked":["Hemogenesis","Spot Weakness+1","Wild Strike"],"picked":"SKIP","floor":54}],"player_experience":144402,"relics_obtained":[{"floor":6,"key":"Oddly Smooth Stone"},{"floor":7,"key":"Golden Egg"},{"floor":8,"key":"Self Forming Clay"},{"floor":9,"key":"Toxic Egg 2"},{"floor":11,"key":"Grinning Jar"},{"floor":26,"key":"MawBank"},{"floor":29,"key":"reliquary:Crutches"},{"floor":31,"key":"Pocketwatch"},{"floor":42,"key":"Centennial Puzzle"},{"floor":47,"key":"Replay:Bottled Eggs"},{"floor":54,"key":"Torii"}],"event_choices":[{"damage_healed":0,"gold_gain":0,"player_choice":"Take Wound","damage_taken":0,"relics_obtained":["Golden Idol"],"max_hp_gain":0,"max_hp_loss":0,"event_name":"Golden Idol","floor":10,"gold_loss":0,"cards_obtained":["Injury"]},{"damage_healed":0,"gold_gain":0,"player_choice":"Got Potions","damage_taken":0,"max_hp_gain":0,"max_hp_loss":0,"event_name":"Lab","floor":22,"gold_loss":0},{"damage_healed":0,"gold_gain":0,"player_choice":"Rummage","damage_taken":0,"relics_obtained":["WarpedTongs"],"max_hp_gain":0,"max_hp_loss":0,"event_name":"Accursed Blacksmith","floor":36,"gold_loss":0,"cards_obtained":["Pain"]},{"damage_healed":0,"gold_gain":0,"player_choice":"Upgraded","damage_taken":0,"max_hp_gain":0,"max_hp_loss":0,"event_name":"Upgrade Shrine","floor":38,"gold_loss":0,"cards_upgraded":["Defend_R"]},{"cards_removed":["Defy Death"],"damage_healed":0,"gold_gain":0,"player_choice":"Removed Skill","damage_taken":0,"max_hp_gain":0,"max_hp_loss":0,"event_name":"Falling","floor":45,"gold_loss":0}],"is_beta":false,"boss_relics":[{"not_picked":["Philosopher\u0027s Stone","Astrolabe"],"picked":"Replay:Fungal Core"},{"not_picked":["reliquary:WritOfMandamus","Busted Crown"],"picked":"ChewingGum"}],"items_purged_floors":[2,20,53],"is_endless":false,"potions_floor_spawned":[1,4,6,11,12,19,24,29,31,33,35,42,44,48],"ascension_level":4}}