{"host":"ydg0vn0pu4pubmdt","time":1613286409,"event":{"mods":["AchievementEnabler","BaseMod","Colored Map","Gold Saver","Minty Spire (QoL Compilation)","Quick Restart","SuperFastMode"],"gold_per_floor":[117,42,42,5,71,104,104,116,139,39,54,79,146,173,173,247,247,259,270,320,30,80,107,107,175,250,265,265,94,113,163,163,234,234,251,60,122,39,89,89,107,157,157,0,12,30,41,55,55,55,55],"floor_reached":50,"language":"KOR","playtime":1378,"items_purged":["Strike_G","Defend_G","Strike_G","Strike_G"],"score":1043,"play_id":"65a5c369-52f3-4ee9-946a-15384a207277","local_time":"20210214160649","is_ascension_mode":true,"campfire_choices":[{"data":"Masterful Stab","floor":7.0,"key":"SMITH"},{"data":"Blade Dance","floor":15.0,"key":"SMITH"},{"data":"Tools of the Trade","floor":24.0,"key":"SMITH"},{"floor":28.0,"key":"REST"},{"data":"Blade Dance","floor":32.0,"key":"SMITH"},{"data":"Terror","floor":40.0,"key":"SMITH"},{"floor":49.0,"key":"RECALL"}],"circlet_count":0,"master_deck":["AscendersBane","Strike_G","Defend_G","Defend_G","Survivor","Neutralize","Escape Plan","Leg Sweep","Backstab","Dagger Spray","Blade Dance+1","Blade Dance+1","Terror+1","PiercingWail","Die Die Die","Escape Plan","Tools of the Trade+1","Dash","Malaise","Envenom+1","Escape Plan"],"relics":["Ring of the Serpent","NeowsBlessing","SsserpentHead","Omamori","Vajra","StrikeDummy","Oddly Smooth Stone","Cursed Key","ClockworkSouvenir","Akabeko","Frozen Egg 2","Lee\u0027s Waffle","Membership Card","Potion Belt","Red Mask"],"acts_visited":["Exordium","TheCity","TheBeyond"],"potions_floor_usage":[50],"damage_taken":[{"damage":0.0,"enemies":"Small Slimes","floor":1.0,"turns":1.0},{"damage":0.0,"enemies":"Cultist","floor":5.0,"turns":1.0},{"damage":0.0,"enemies":"Gremlin Nob","floor":6.0,"turns":1.0},{"damage":0.0,"enemies":"Jaw Worm","floor":8.0,"turns":2.0},{"damage":7.0,"enemies":"Gremlin Gang","floor":11.0,"turns":3.0},{"damage":12.0,"enemies":"3 Sentries","floor":12.0,"turns":5.0},{"damage":0.0,"enemies":"2 Fungi Beasts","floor":13.0,"turns":1.0},{"damage":4.0,"enemies":"Gremlin Nob","floor":14.0,"turns":3.0},{"damage":28.0,"enemies":"Hexaghost","floor":16.0,"turns":9.0},{"damage":0.0,"enemies":"3 Byrds","floor":18.0,"turns":5.0},{"damage":5.0,"enemies":"2 Thieves","floor":19.0,"turns":3.0},{"damage":17.0,"enemies":"Book of Stabbing","floor":23.0,"turns":6.0},{"damage":15.0,"enemies":"Shelled Parasite and Fungi","floor":25.0,"turns":2.0},{"damage":1.0,"enemies":"Snecko","floor":27.0,"turns":3.0},{"damage":0.0,"enemies":"Snake Plant","floor":30.0,"turns":3.0},{"damage":31.0,"enemies":"Champ","floor":33.0,"turns":9.0},{"damage":9.0,"enemies":"3 Darklings","floor":35.0,"turns":5.0},{"damage":1.0,"enemies":"Orb Walker","floor":37.0,"turns":2.0},{"damage":6.0,"enemies":"3 Darklings","floor":41.0,"turns":3.0},{"damage":11.0,"enemies":"Maw","floor":45.0,"turns":5.0},{"damage":0.0,"enemies":"4 Shapes","floor":46.0,"turns":5.0},{"damage":5.0,"enemies":"Spire Growth","floor":47.0,"turns":4.0},{"damage":7.0,"enemies":"3 Darklings","floor":48.0,"turns":3.0},{"damage":28,"enemies":"Awakened One","floor":50,"turns":3}],"seed_played":"4111790925558201060","potions_obtained":[{"floor":5.0,"key":"PowerPotion"},{"floor":12.0,"key":"SpeedPotion"},{"floor":13.0,"key":"Dexterity Potion"},{"floor":14.0,"key":"EssenceOfSteel"},{"floor":18.0,"key":"BlessingOfTheForge"},{"floor":25.0,"key":"Strength Potion"},{"floor":30.0,"key":"AttackPotion"},{"floor":33.0,"key":"Block Potion"},{"floor":35.0,"key":"Weak Potion"},{"floor":41.0,"key":"LiquidBronze"},{"floor":48.0,"key":"Explosive Potion"}],"is_trial":false,"path_per_floor":["M","$","?","$","M","E","R","M","T","$","M","E","M","E","R","B",null,"M","M","?","$","?","E","R","M","T","M","R","$","M","?","R","B",null,"M","$","M","$","?","R","M","?","T","?","M","M","M","M","R","B"],"character_chosen":"THE_SILENT","items_purchased":["Escape Plan","ClockworkSouvenir","Lee\u0027s Waffle","Membership Card","Potion Belt"],"campfire_rested":1,"item_purchase_floors":[4,21,29,36,38],"current_hp_per_floor":[59,59,59,59,59,59,59,59,59,59,52,40,40,36,36,8,52,52,47,47,47,47,30,30,15,15,14,33,73,73,73,73,42,65,56,56,55,55,55,55,49,49,49,49,38,38,33,26,26,0,0],"gold":55,"neow_bonus":"THREE_ENEMY_KILL","is_daily":false,"chose_seed":false,"campfire_upgraded":5,"win_rate":0.0,"timestamp":1613286409,"path_taken":["M","$","?","?","?","E","R","M","T","$","M","E","?","E","R","BOSS","M","M","?","$","?","E","R","?","T","M","R","$","M","?","R","BOSS","M","?","?","$","?","R","M","?","T","?","M","M","M","M","R","BOSS"],"items_purchased_type":["Card","Relic","Relic","Relic","Relic"],"build_version":"2020-12-22","purchased_purges":4,"victory":false,"max_hp_per_floor":[66,66,66,66,66,66,66,66,66,66,66,66,66,66,66,66,66,66,66,66,66,66,66,66,66,66,66,66,73,73,73,73,73,73,73,73,73,73,73,73,73,73,73,73,73,73,73,73,73,73,73],"card_choices":[{"not_picked":["PiercingWail","Dodge and Roll"],"picked":"Masterful Stab","floor":1.0},{"not_picked":["PiercingWail","Dodge and Roll"],"picked":"Leg Sweep","floor":5.0},{"not_picked":["Blur","Dagger Spray"],"picked":"Backstab","floor":6.0},{"not_picked":["Dagger Throw","Skewer"],"picked":"Dagger Spray","floor":8.0},{"not_picked":["Quick Slash","Dodge and Roll"],"picked":"Blade Dance","floor":11.0},{"not_picked":["Endless Agony","Backstab"],"picked":"Blade Dance","floor":12.0},{"not_picked":["Footwork","Accuracy"],"picked":"Terror","floor":13.0},{"not_picked":["Prepared","Dodge and Roll"],"picked":"PiercingWail","floor":14.0},{"not_picked":["Malaise","Burst"],"picked":"Die Die Die","floor":16.0},{"not_picked":["Dagger Throw","Slice","Bane"],"picked":"SKIP","floor":18.0},{"not_picked":["Cloak And Dagger","Eviscerate"],"picked":"Escape Plan","floor":19.0},{"not_picked":["Riddle With Holes","Bouncing Flask","Bane"],"picked":"SKIP","floor":23.0},{"not_picked":["Endless Agony","Well Laid Plans","Bane"],"picked":"SKIP","floor":25.0},{"not_picked":["Calculated Gamble","Setup+1","Blade Dance"],"picked":"SKIP","floor":27.0},{"not_picked":["Underhanded Strike","Bouncing Flask+1","Setup"],"picked":"SKIP","floor":30.0},{"not_picked":["Phantasmal Killer","Tools of the Trade+1"],"picked":"Envenom+1","floor":33.0},{"not_picked":["Infinite Blades+1","Dodge and Roll"],"picked":"Escape Plan","floor":35.0},{"not_picked":["Deadly Poison","Acrobatics","Sucker Punch+1"],"picked":"SKIP","floor":37.0},{"not_picked":["Flying Knee","Crippling Poison","Prepared"],"picked":"SKIP","floor":41.0},{"not_picked":["Poisoned Stab+1","Slice","Dash"],"picked":"SKIP","floor":45.0},{"not_picked":["PiercingWail","Bouncing Flask","Concentrate"],"picked":"SKIP","floor":46.0},{"not_picked":["Masterful Stab","Poisoned Stab+1","Dagger Throw"],"picked":"SKIP","floor":47.0},{"not_picked":["Flying Knee","Predator","Dash"],"picked":"SKIP","floor":48.0}],"player_experience":550366,"relics_obtained":[{"floor":6.0,"key":"Omamori"},{"floor":9.0,"key":"Vajra"},{"floor":12.0,"key":"StrikeDummy"},{"floor":14.0,"key":"Oddly Smooth Stone"},{"floor":23.0,"key":"Akabeko"},{"floor":26.0,"key":"Frozen Egg 2"}],"event_choices":[{"damage_healed":0.0,"max_hp_gain":0.0,"max_hp_loss":0.0,"gold_gain":0.0,"event_name":"FaceTrader","player_choice":"Trade","floor":3.0,"gold_loss":0.0,"damage_taken":0.0,"relics_obtained":["SsserpentHead"]},{"damage_healed":0.0,"max_hp_gain":0.0,"max_hp_loss":0.0,"gold_gain":0.0,"cards_transformed":["Strike_G","Defend_G"],"event_name":"Drug Dealer","player_choice":"Became Test Subject","floor":20.0,"gold_loss":0.0,"damage_taken":0.0,"cards_obtained":["Tools of the Trade","Dash"]},{"damage_healed":0.0,"max_hp_gain":0.0,"max_hp_loss":0.0,"gold_gain":0.0,"event_name":"Match and Keep!","player_choice":"1 cards matched","floor":22.0,"gold_loss":0.0,"damage_taken":0.0,"cards_obtained":["Malaise"]},{"cards_removed":["Defend_G"],"damage_healed":0.0,"max_hp_gain":0.0,"max_hp_loss":0.0,"gold_gain":0.0,"event_name":"Purifier","player_choice":"Purged","floor":31.0,"gold_loss":0.0,"damage_taken":0.0},{"cards_removed":["Masterful Stab"],"damage_healed":0.0,"max_hp_gain":0.0,"max_hp_loss":0.0,"gold_gain":0.0,"event_name":"Falling","player_choice":"Removed Attack","floor":39.0,"gold_loss":0.0,"damage_taken":0.0},{"damage_healed":0.0,"max_hp_gain":0.0,"max_hp_loss":0.0,"gold_gain":0.0,"event_name":"SensoryStone","player_choice":"Memory 1","floor":42.0,"gold_loss":0.0,"damage_taken":0.0},{"damage_healed":0.0,"max_hp_gain":0.0,"max_hp_loss":0.0,"gold_gain":0.0,"event_name":"Tomb of Lord Red Mask","player_choice":"Paid","floor":44.0,"gold_loss":207.0,"damage_taken":0.0,"relics_obtained":["Red Mask"]}],"is_beta":false,"boss_relics":[{"not_picked":["Sozu","HoveringKite"],"picked":"Cursed Key"},{"not_picked":["Coffee Dripper","Busted Crown"],"picked":"Ring of the Serpent"}],"items_purged_floors":[2,10,21,36],"is_endless":false,"potions_floor_spawned":[5,12,13,14,18,25,30,33,35,41,48],"killed_by":"Awakened One","ascension_level":20}}