{"host":"Sylvester","time":1613301848,"event":{"mods":["AchievementEnabler","BaseMod","Filter the Spire","Lobotomy","Minty Spire (QoL Compilation)","Replay The Spire","StSLib"],"gold_per_floor":[112,27,43,43,59,94,94,111,191,205,217,217,250,268,268,346,346,362,362,406,422,19,44,56,86,110,60,77,107,107,107,107,184,184,200,74,90,136,49,49,349,378,401,429,443,73,84,112,112,112,112,112,112,112,1,30,30],"floor_reached":58,"language":"ENG","playtime":3166,"items_purged":["Pain","Decay","Strike_P+1"],"score":2959,"play_id":"433356ae-9a49-42f3-b664-1b13fb19de2a","local_time":"20210214032407","is_ascension_mode":true,"campfire_choices":[{"data":"TalkToTheHand","floor":7.0,"key":"SMITH"},{"data":"Tantrum","floor":12.0,"key":"SMITH"},{"data":"Adaptation","floor":15.0,"key":"SMITH"},{"floor":30.0,"key":"REST"},{"data":"Vault","floor":32.0,"key":"SMITH"},{"floor":40.0,"key":"REST"},{"floor":49.0,"key":"RECALL"},{"data":"Replay:Anticipation","floor":54.0,"key":"SMITH"}],"circlet_count":0,"master_deck":["AscendersBane","Strike_P+1","Strike_P+1","Defend_P","Defend_P","Defend_P","Eruption","Vigilance","FollowUp+1","WheelKick","CarveReality+1","TalkToTheHand+1","CutThroughFate+1","BowlingBash+1","Tantrum+1","Adaptation+1","Scrawl","Vault+1","AbeCurse","MentalFortress","EmptyBody","CutThroughFate+1","FlurryOfBlows+1","Perseverance+1","Vault","Protect","EmptyFist+1","Omniscience","ClearTheMind","EmptyFist+1","Protect+1","Replay:Anticipation+1","Replay:AtTheReady","Study","DeceiveReality+1","WindmillStrike+1"],"relics":["Replay:Bronze Core","Counterbalance","Replay:Bottled Eggs","Replay:Wax Seal","Abe\u0027s Treasure","Molten Egg 2","Mirror","PreservedInsect","MealTicket","Calipers","Nunchaku","Snecko Heart","CaptainsWheel","Bag of Preparation","Pet Ghost","Whetstone","Anchor","Strawberry","Bottled Lightning"],"acts_visited":["Exordium","TheCity","TheBeyond","TheEnding"],"potions_floor_usage":[57,57],"damage_taken":[{"damage":7.0,"enemies":"Cultist","floor":1.0,"turns":3.0},{"damage":0.0,"enemies":"2 Louse","floor":3.0,"turns":2.0},{"damage":0.0,"enemies":"Small Slimes","floor":5.0,"turns":2.0},{"damage":3.0,"enemies":"Gremlin Nob","floor":6.0,"turns":3.0},{"damage":0.0,"enemies":"Red Slaver","floor":8.0,"turns":2.0},{"damage":0.0,"enemies":"2 Fungi Beasts","floor":10.0,"turns":2.0},{"damage":1.0,"enemies":"Lots of Slimes","floor":11.0,"turns":3.0},{"damage":6.0,"enemies":"Lagavulin","floor":13.0,"turns":4.0},{"damage":2.0,"enemies":"3 Louse","floor":14.0,"turns":2.0},{"damage":35.0,"enemies":"The Guardian","floor":16.0,"turns":8.0},{"damage":0.0,"enemies":"Spheric Guardian","floor":18.0,"turns":1.0},{"damage":12.0,"enemies":"Shell Parasite","floor":21.0,"turns":3.0},{"damage":7.0,"enemies":"Slavers","floor":23.0,"turns":3.0},{"damage":0.0,"enemies":"Centurion and Healer","floor":24.0,"turns":3.0},{"damage":0.0,"enemies":"Gremlin Leader","floor":25.0,"turns":3.0},{"damage":4.0,"enemies":"Snake Plant","floor":28.0,"turns":3.0},{"damage":3.0,"enemies":"Slavers","floor":29.0,"turns":4.0},{"damage":11.0,"enemies":"Automaton","floor":33.0,"turns":8.0},{"damage":0.0,"enemies":"3 Darklings","floor":35.0,"turns":2.0},{"damage":16.0,"enemies":"Orb Walker","floor":37.0,"turns":2.0},{"damage":15.0,"enemies":"2 Orb Walkers","floor":38.0,"turns":4.0},{"damage":0.0,"enemies":"Maw","floor":39.0,"turns":6.0},{"damage":4.0,"enemies":"Reptomancer","floor":42.0,"turns":3.0},{"damage":0.0,"enemies":"Giant Head","floor":44.0,"turns":4.0},{"damage":0.0,"enemies":"Writhing Mass","floor":45.0,"turns":4.0},{"damage":0.0,"enemies":"3 Darklings","floor":47.0,"turns":3.0},{"damage":0.0,"enemies":"Reptomancer","floor":48.0,"turns":2.0},{"damage":28.0,"enemies":"Awakened One","floor":50.0,"turns":22.0},{"damage":10.0,"enemies":"Donu and Deca","floor":51.0,"turns":8.0},{"damage":34,"enemies":"Shield and Spear","floor":56,"turns":8},{"damage":13,"enemies":"The Heart","floor":57,"turns":9}],"seed_played":"-6791848603349062321","potions_obtained":[{"floor":3.0,"key":"SkillPotion"},{"floor":5.0,"key":"Fire Potion"},{"floor":16.0,"key":"SkillPotion"},{"floor":18.0,"key":"Explosive Potion"},{"floor":20.0,"key":"SneckoOil"},{"floor":25.0,"key":"Elixir"},{"floor":33.0,"key":"CultistPotion"},{"floor":35.0,"key":"Dexterity Potion"}],"is_trial":false,"path_per_floor":["M","$","M","?","M","E","R","M","T","M","M","R","E","M","R","B",null,"M","?","?","M","$","E","M","E","T","?","M","E","R","?","R","B",null,"M","$","M","?","M","R","?","E","T","E","M","$","M","E","R","B","B",null,null,"R","$","E","B",null],"character_chosen":"WATCHER","items_purchased":["WheelKick","Mirror","PreservedInsect","ClearTheMind","Anchor","Study","Flashbang"],"campfire_rested":2,"item_purchase_floors":[2,22,22,36,46,46,55],"current_hp_per_floor":[54,54,54,54,54,51,51,51,51,51,50,50,44,42,42,7,53,53,53,53,41,41,34,34,34,34,34,30,27,47,47,47,36,60,60,68,52,37,37,57,57,53,53,53,53,68,68,75,75,47,37,37,66,66,75,41,28],"gold":30,"neow_bonus":"BOSS_RELIC","is_daily":false,"chose_seed":false,"campfire_upgraded":5,"win_rate":0.0,"timestamp":1613301847,"path_taken":["M","$","M","?","M","E","R","M","T","M","M","R","E","M","R","BOSS","M","?","?","?","$","E","M","E","T","?","?","E","R","?","R","BOSS","M","$","M","?","M","R","?","E","T","E","M","$","M","E","R","BOSS","BOSS","R","$","E","BOSS"],"items_purchased_type":["Card","Relic","Relic","Card","Relic","Card","Potion"],"build_version":"2020-11-17","purchased_purges":3,"victory":true,"max_hp_per_floor":[68,68,68,68,68,68,68,68,68,68,68,68,68,68,68,68,68,68,68,68,68,68,68,68,68,68,68,68,68,68,68,68,68,68,68,68,68,68,68,68,68,68,68,68,68,68,68,75,75,75,75,75,75,75,75,75,75],"card_choices":[{"not_picked":["WaveOfTheHand","Prostrate"],"picked":"FollowUp","floor":1.0},{"not_picked":["FollowUp","Perseverance"],"picked":"CarveReality","floor":3.0},{"not_picked":["FlyingSleeves","Replay:Cycle"],"picked":"TalkToTheHand","floor":5.0},{"not_picked":["FlyingSleeves","ForeignInfluence"],"picked":"CutThroughFate","floor":6.0},{"not_picked":["JustLucky","Nirvana"],"picked":"BowlingBash","floor":8.0},{"not_picked":["BowlingBash","Crescendo"],"picked":"Tantrum","floor":10.0},{"not_picked":["Conclude","ForeignInfluence"],"picked":"Adaptation","floor":11.0},{"not_picked":["ClearTheMind","Evaluate"],"picked":"Scrawl","floor":13.0},{"not_picked":["Collect","BattleHymn","Consecrate"],"picked":"SKIP","floor":14.0},{"not_picked":["DeusExMachina","Scrawl"],"picked":"Vault","floor":16.0},{"not_picked":["Halt","Perseverance"],"picked":"MentalFortress","floor":18.0},{"not_picked":["Replay:ManipulateFuture","PathToVictory"],"picked":"EmptyBody","floor":20.0},{"not_picked":["SashWhip+1","ThirdEye"],"picked":"CutThroughFate+1","floor":21.0},{"not_picked":["ForeignInfluence","Replay:Vibes"],"picked":"FlurryOfBlows+1","floor":23.0},{"not_picked":["Fasting2","Consecrate+1"],"picked":"Perseverance+1","floor":24.0},{"not_picked":["Replay:Vibes","Replay:AtTheReady"],"picked":"Vault","floor":25.0},{"not_picked":["JustLucky+1","Replay:BluntJabs+1"],"picked":"Protect","floor":28.0},{"not_picked":["Vengeance+1","WreathOfFlame"],"picked":"EmptyFist+1","floor":29.0},{"not_picked":["Establishment","Alpha"],"picked":"Omniscience","floor":33.0},{"not_picked":["Replay:Hum","Perseverance+1","CrushJoints+1"],"picked":"SKIP","floor":35.0},{"not_picked":["Prostrate","Replay:BluntJabs+1"],"picked":"EmptyFist+1","floor":37.0},{"not_picked":["Replay:Cycle","Consecrate+1"],"picked":"Protect+1","floor":38.0},{"not_picked":["JustLucky+1","Prostrate","SashWhip+1"],"picked":"SKIP","floor":39.0},{"not_picked":["EmptyFist+1","Replay:BluntJabs+1"],"picked":"Replay:Anticipation","floor":42.0},{"not_picked":["JustLucky+1","Replay:LoomingThreat","Weave+1"],"picked":"SKIP","floor":44.0},{"not_picked":["BowlingBash+1","Replay:BluntJabs+1"],"picked":"Replay:AtTheReady","floor":45.0},{"not_picked":["JustLucky+1","Worship+1","EmptyBody"],"picked":"SKIP","floor":47.0},{"not_picked":["SashWhip+1","FearNoEvil+1"],"picked":"DeceiveReality+1","floor":48.0},{"not_picked":["SashWhip+1","DeusExMachina"],"picked":"WindmillStrike+1","floor":56}],"player_experience":257150,"relics_obtained":[{"floor":6.0,"key":"Counterbalance"},{"floor":9.0,"key":"Replay:Bottled Eggs"},{"floor":13.0,"key":"Replay:Wax Seal"},{"floor":20.0,"key":"Molten Egg 2"},{"floor":23.0,"key":"MealTicket"},{"floor":25.0,"key":"Calipers"},{"floor":29.0,"key":"Nunchaku"},{"floor":38.0,"key":"CaptainsWheel"},{"floor":42.0,"key":"Bag of Preparation"},{"floor":43.0,"key":"Pet Ghost"},{"floor":44.0,"key":"Whetstone"},{"floor":48.0,"key":"Strawberry"},{"floor":56,"key":"Bottled Lightning"}],"event_choices":[{"cards_removed":["Strike_P"],"damage_healed":0.0,"max_hp_gain":0.0,"max_hp_loss":0.0,"gold_gain":0.0,"event_name":"Back to Basics","player_choice":"Elegance","floor":19.0,"gold_loss":0.0,"damage_taken":0.0},{"damage_healed":0.0,"max_hp_gain":0.0,"max_hp_loss":0.0,"gold_gain":0.0,"event_name":"Designer","player_choice":"Upgraded Two","floor":27.0,"gold_loss":50.0,"damage_taken":0.0,"cards_upgraded":["CarveReality","CutThroughFate"]},{"damage_healed":0.0,"max_hp_gain":0.0,"max_hp_loss":0.0,"gold_gain":0.0,"event_name":"Forgotten Altar","player_choice":"Smashed Altar","floor":31.0,"gold_loss":0.0,"damage_taken":0.0,"cards_obtained":["Decay"]},{"damage_healed":0.0,"max_hp_gain":0.0,"max_hp_loss":0.0,"gold_gain":0.0,"event_name":"Mysterious Sphere","player_choice":"Fight","floor":38.0,"gold_loss":0.0,"damage_taken":0.0},{"damage_healed":0.0,"max_hp_gain":0.0,"max_hp_loss":0.0,"gold_gain":300.0,"event_name":"Wheel of Change","player_choice":"Gold","floor":41.0,"gold_loss":0.0,"damage_taken":0.0}],"is_beta":true,"boss_relics":[{"not_picked":["Coffee Dripper","Kintsugi"],"picked":"Abe\u0027s Treasure"},{"not_picked":["Replay:Wanted Poster","ChewingGum"],"picked":"Snecko Heart"}],"items_purged_floors":[22,36,46],"is_endless":false,"potions_floor_spawned":[3,5,6,10,16,18,21,25,33,35,38,44,48],"ascension_level":20}}