{"host":"4b06nrmhsmzqjm1r","time":1613340356,"event":{"mods":["2.2 Compatiblity","AchievementEnabler","BaseMod","BetterRewards","Colored Map","Colored Powertips","Downfall","Hermit","Highlight Path","Minty Spire (QoL Compilation)","StSLib","The Cursed"],"gold_per_floor":[99,111,129,147,247,265,265,282,282,282,302,302,47,60,75,75,75,75],"floor_reached":16,"language":"ENG","playtime":1925,"items_purged":[],"score":96,"play_id":"3298d8b2-e0f0-4d34-8ecc-f73e9bd96501","local_time":"20210214230556","is_ascension_mode":false,"campfire_choices":[{"data":"champ:Taunt","floor":1,"key":"SMITH"}],"circlet_count":0,"master_deck":["champ:Strike","champ:Strike","champ:Strike+1","champ:Defend","champ:Defend","champ:Defend","champ:Execute","champ:Taunt+1","champ:AdrenalArmor","champ:FlashCut","champ:GutPunch+1","champ:Backstep+1","champ:FanOfKnives","champ:Circumvent","champ:ArenaPreparation+1","champ:Duel","downfall:Malfunctioning","champ:Lariat","champ:FocusedBerserking","champ:ArenaPreparation"],"relics":["Cursed Key","Singing Bowl","Torii","Molten Egg 2"],"acts_visited":["Exordium"],"potions_floor_usage":[16,16,16],"damage_taken":[{"damage":10,"enemies":"Cultist","floor":2,"turns":4},{"damage":20,"enemies":"2 Louse","floor":3,"turns":2},{"damage":10,"enemies":"Small Slimes","floor":4,"turns":3},{"damage":72,"enemies":"downfall:Heads","floor":5,"turns":8},{"damage":32,"enemies":"Exordium Wildlife","floor":6,"turns":4},{"damage":23,"enemies":"downfall:LooterAlt","floor":8,"turns":3},{"damage":20,"enemies":"3 Louse","floor":11,"turns":3},{"damage":45,"enemies":"downfall:FleeingMerchant","floor":13,"turns":4},{"damage":0,"enemies":"Exordium Wildlife","floor":14,"turns":3},{"damage":25,"enemies":"Blue Slaver","floor":15,"turns":3},{"damage":19,"enemies":"DF_ARCHETYPE_STREAMLINE","floor":16,"turns":4}],"seed_played":"332179523396691052","potions_obtained":[{"floor":2,"key":"AttackPotion"},{"floor":3,"key":"Strength Potion"},{"floor":5,"key":"SkillPotion"}],"is_trial":false,"path_per_floor":["R","M","M","M","?","M","T","M","?","?","M","?","$","M","M","B"],"character_chosen":"THE_CHAMP","items_purchased":["Molten Egg 2"],"campfire_rested":0,"item_purchase_floors":[13],"current_hp_per_floor":[90,90,90,90,48,36,36,33,33,26,26,26,26,26,19,0,0,0],"gold":75,"neow_bonus":"BOSS_RELIC","is_daily":false,"chose_seed":false,"campfire_upgraded":1,"win_rate":0.0,"timestamp":1613340356,"path_taken":["R","M","M","?","?","M","T","M","?","?","M","?","$","M","M","BOSS"],"items_purchased_type":["Relic"],"build_version":"2020-12-22","purchased_purges":0,"victory":false,"max_hp_per_floor":[90,90,90,90,90,90,90,90,90,90,90,90,90,90,90,90,90,90],"card_choices":[{"not_picked":["champ:BerserkersShout","champ:RecklessLeap"],"picked":"champ:AdrenalArmor","floor":2},{"not_picked":["champ:FaceSlap","champ:SkillfulDodge"],"picked":"champ:FlashCut","floor":3},{"not_picked":["champ:Lariat","champ:CrownThrow"],"picked":"champ:GutPunch","floor":4},{"not_picked":["champ:Shatter","champ:CrownThrow"],"picked":"champ:Backstep","floor":5},{"not_picked":["champ:Backstep","champ:IgnorePain"],"picked":"champ:Circumvent","floor":6},{"not_picked":["champ:CalledShot","champ:FlashCut"],"picked":"champ:ArenaPreparation","floor":8},{"not_picked":["champ:FanOfKnives","champ:SkillfulDodge"],"picked":"champ:Duel","floor":11},{"not_picked":["champ:AdrenalArmor","champ:Shatter"],"picked":"champ:Lariat","floor":13},{"not_picked":["champ:BladeFlurry+1","champ:AdrenalArmor"],"picked":"champ:FocusedBerserking","floor":14},{"not_picked":["champ:PreciseThrust+1","champ:DefensiveStyle"],"picked":"champ:ArenaPreparation","floor":15}],"player_experience":266840,"relics_obtained":[{"floor":7,"key":"Singing Bowl"}],"event_choices":[{"cards_removed":["Pain"],"damage_healed":0,"gold_gain":0,"player_choice":"Card Removal","damage_taken":0,"max_hp_gain":0,"max_hp_loss":0,"event_name":"The Cleric","floor":9,"gold_loss":0},{"damage_healed":0,"gold_gain":0,"player_choice":"Success","damage_taken":7,"relics_obtained":["Torii"],"max_hp_gain":0,"max_hp_loss":0,"event_name":"Scrap Ooze","floor":10,"gold_loss":0}],"is_beta":false,"boss_relics":[],"items_purged_floors":[],"is_endless":false,"potions_floor_spawned":[2,3,5,6,14],"killed_by":"DF_ARCHETYPE_STREAMLINE","ascension_level":0}}