{"host":"prxrhpgaxnj4om9r","time":1613312693,"event":{"mods":["AchievementEnabler","BaseMod","Colored Map","DeckTracker","Minty Spire (QoL Compilation)"],"gold_per_floor":[16,16,116,140,165,165,179,179,179,179,195,195,235,258,258,381,381,399,101,144,162,187,187,221,221,221,221,47,47,61,85,85,204,204,220,220,239,239,35,35,35],"floor_reached":40,"language":"KOR","playtime":1998,"items_purged":[],"score":508,"play_id":"c7733074-9039-46b9-b769-4bde1696ce9b","local_time":"20210214232453","is_ascension_mode":true,"campfire_choices":[{"data":"Zap","floor":6.0,"key":"SMITH"},{"data":"White Noise","floor":8.0,"key":"SMITH"},{"data":"Streamline","floor":10.0,"key":"SMITH"},{"floor":15.0,"key":"REST"},{"floor":23,"key":"REST"},{"floor":25,"key":"REST"},{"floor":27,"key":"REST"},{"data":"Echo Form","floor":32,"key":"SMITH"}],"circlet_count":0,"master_deck":["Strike_B","Strike_B","Defend_B","Defend_B","Zap+1","Dualcast","White Noise+1","Melter","Auto Shields","Sweeping Beam","Turbo","Biased Cognition","Conserve Battery","Streamline+1","Stack","Steam Power","Genetic Algorithm","Cold Snap","Core Surge","BootSequence","Glacier","Echo Form+1","Compile Driver+1","Aggregate+1","Steam+1","Beam Cell","Cold Snap+1","Doom and Gloom+1","Electrodynamics","Darkness","Self Repair"],"relics":["Cracked Core","Prayer Wheel","Golden Idol","Bottled Lightning","Question Card","Anchor","Busted Crown","Matryoshka","Red Mask","Darkstone Periapt","The Courier","Du-Vu Doll","Toy Ornithopter","Empty Cage","Bag of Preparation"],"acts_visited":["Exordium","TheCity","TheBeyond"],"potions_floor_usage":[20,22,22,31,33,33,40,40,40],"damage_taken":[{"damage":1.0,"enemies":"2 Louse","floor":1.0,"turns":2.0},{"damage":2.0,"enemies":"Small Slimes","floor":4.0,"turns":3.0},{"damage":1.0,"enemies":"Cultist","floor":5.0,"turns":3.0},{"damage":8.0,"enemies":"3 Louse","floor":7.0,"turns":2.0},{"damage":10.0,"enemies":"Lots of Slimes","floor":11.0,"turns":3.0},{"damage":27.0,"enemies":"Gremlin Nob","floor":13.0,"turns":4.0},{"damage":0.0,"enemies":"Exordium Wildlife","floor":14.0,"turns":3.0},{"damage":16.0,"enemies":"Slime Boss","floor":16.0,"turns":7.0},{"damage":0.0,"enemies":"Spheric Guardian","floor":18.0,"turns":1.0},{"damage":27,"enemies":"Masked Bandits","floor":20,"turns":4},{"damage":0,"enemies":"Chosen","floor":21,"turns":4},{"damage":12,"enemies":"3 Cultists","floor":22,"turns":7},{"damage":28,"enemies":"Gremlin Leader","floor":24,"turns":10},{"damage":0,"enemies":"Snake Plant","floor":30,"turns":5},{"damage":0,"enemies":"Sentry and Sphere","floor":31,"turns":3},{"damage":52,"enemies":"Champ","floor":33,"turns":11},{"damage":0,"enemies":"3 Shapes","floor":35,"turns":3},{"damage":2,"enemies":"Orb Walker","floor":37,"turns":3},{"damage":79,"enemies":"Giant Head","floor":40,"turns":7}],"seed_played":"-5720025258260945292","potions_obtained":[{"floor":1.0,"key":"Fire Potion"},{"floor":5.0,"key":"Dexterity Potion"},{"floor":13.0,"key":"EssenceOfDarkness"},{"floor":14.0,"key":"ColorlessPotion"},{"floor":20,"key":"Weak Potion"},{"floor":21,"key":"BlessingOfTheForge"},{"floor":24,"key":"Ancient Potion"},{"floor":35,"key":"LiquidMemories"}],"is_trial":false,"path_per_floor":["M","?","?","M","M","R","M","R","T","R","M","?","E","M","R","B",null,"M","$","?","M","M","R","E","R","T","R","$","?","M","M","R","B",null,"M","?","M","?","$","E"],"character_chosen":"DEFECT","items_purchased":["Matryoshka","Explosive Potion","Toy Ornithopter","Beam Cell","Explosive Potion","Bag of Preparation","Explosive Potion","Block Potion"],"campfire_rested":4,"item_purchase_floors":[19,19,28,28,28,39,39,39],"current_hp_per_floor":[74,56,56,54,53,53,45,45,45,45,35,35,8,8,30,14,60,60,60,33,33,21,43,15,37,37,59,59,47,47,52,52,10,59,59,59,57,57,57,0,0],"gold":35,"neow_bonus":"ONE_RARE_RELIC","is_daily":false,"chose_seed":false,"campfire_upgraded":4,"win_rate":0.0,"timestamp":1613312693,"path_taken":["M","?","?","M","M","R","?","R","T","R","M","?","E","M","R","BOSS","M","?","?","M","M","R","E","R","T","R","$","?","?","M","R","BOSS","M","?","M","?","$","E"],"items_purchased_type":["Relic","Potion","Relic","Card","Potion","Relic","Potion","Potion"],"build_version":"2020-12-22","purchased_purges":0,"victory":false,"max_hp_per_floor":[75,75,75,75,75,75,75,75,75,75,75,75,75,75,75,75,75,75,75,75,75,75,75,75,75,75,75,75,75,75,75,75,75,75,75,75,75,75,75,75,75],"card_choices":[{"not_picked":["Heatsinks","Gash"],"picked":"White Noise","floor":1.0},{"not_picked":["Loop","Rebound"],"picked":"Melter","floor":1.0},{"not_picked":["Ball Lightning","Capacitor"],"picked":"Auto Shields","floor":4.0},{"not_picked":["Rebound","Turbo"],"picked":"Sweeping Beam","floor":4.0},{"not_picked":["White Noise","Aggregate"],"picked":"Turbo","floor":5.0},{"not_picked":["Ball Lightning","Leap"],"picked":"Biased Cognition","floor":5.0},{"not_picked":["Streamline","Turbo"],"picked":"Conserve Battery","floor":7.0},{"not_picked":["Chaos","Compile Driver"],"picked":"Streamline","floor":7.0},{"not_picked":["Leap","Amplify"],"picked":"Stack","floor":11.0},{"not_picked":["Reprogram","Loop","Redo"],"picked":"SKIP","floor":11.0},{"not_picked":["Compile Driver","Streamline","Steam"],"picked":"Steam Power","floor":13.0},{"not_picked":["All For One","Barrage","Turbo"],"picked":"Genetic Algorithm","floor":14.0},{"not_picked":["Ball Lightning","Consume","Reinforced Body"],"picked":"Cold Snap","floor":14.0},{"not_picked":["Reboot","Meteor Strike","Seek"],"picked":"Core Surge","floor":16.0},{"not_picked":["Steam"],"picked":"BootSequence","floor":18.0},{"not_picked":["Leap","Stack"],"picked":"SKIP","floor":18.0},{"not_picked":["Reprogram"],"picked":"Glacier","floor":21},{"not_picked":["Streamline+1"],"picked":"Echo Form","floor":21},{"not_picked":["Go for the Eyes"],"picked":"Compile Driver+1","floor":22},{"not_picked":["Turbo"],"picked":"Aggregate+1","floor":22},{"not_picked":["BootSequence"],"picked":"Steam+1","floor":24},{"not_picked":["Sweeping Beam"],"picked":"Cold Snap+1","floor":30},{"not_picked":["Stack","Melter"],"picked":"SKIP","floor":30},{"not_picked":["Coolheaded"],"picked":"Doom and Gloom+1","floor":31},{"not_picked":["Gash","Loop"],"picked":"SKIP","floor":31},{"not_picked":["Creative AI"],"picked":"Electrodynamics","floor":33},{"not_picked":["Stack"],"picked":"Darkness","floor":35},{"not_picked":["Gash","Turbo"],"picked":"SKIP","floor":35},{"not_picked":["Cold Snap+1"],"picked":"Self Repair","floor":37},{"not_picked":["Barrage","Compile Driver+1"],"picked":"SKIP","floor":37}],"player_experience":454412,"relics_obtained":[{"floor":9.0,"key":"Bottled Lightning"},{"floor":13.0,"key":"Anchor"},{"floor":20,"key":"Red Mask"},{"floor":24,"key":"Darkstone Periapt"},{"floor":26,"key":"The Courier"},{"floor":26,"key":"Du-Vu Doll"}],"event_choices":[{"damage_healed":0.0,"max_hp_gain":0.0,"max_hp_loss":0.0,"gold_gain":0.0,"event_name":"Golden Idol","player_choice":"Take Damage","floor":2.0,"gold_loss":0.0,"damage_taken":18.0,"relics_obtained":["Golden Idol"]},{"damage_healed":0.0,"max_hp_gain":0.0,"max_hp_loss":0.0,"gold_gain":100.0,"event_name":"Golden Shrine","player_choice":"Pray","floor":3.0,"gold_loss":0.0,"damage_taken":0.0},{"damage_healed":0.0,"max_hp_gain":0.0,"max_hp_loss":0.0,"gold_gain":0.0,"event_name":"WeMeetAgain","player_choice":"Gave Potion","floor":12.0,"gold_loss":0.0,"damage_taken":0.0,"relics_obtained":["Question Card"]},{"damage_healed":0,"gold_gain":0,"player_choice":"Fought Bandits","damage_taken":0,"max_hp_gain":0,"max_hp_loss":0,"event_name":"Masked Bandits","floor":20,"gold_loss":0},{"damage_healed":0,"gold_gain":0,"player_choice":"POTION ","damage_taken":12,"max_hp_gain":0,"max_hp_loss":0,"event_name":"Knowing Skull","floor":29,"potions_obtained":["FocusPotion"],"gold_loss":0,"cards_obtained":[]},{"cards_removed":["Strike_B"],"damage_healed":0,"gold_gain":0,"player_choice":"Removed Attack","damage_taken":0,"max_hp_gain":0,"max_hp_loss":0,"event_name":"Falling","floor":36,"gold_loss":0},{"cards_removed":["Strike_B"],"damage_healed":0,"gold_gain":0,"player_choice":"Offered Basic","damage_taken":0,"max_hp_gain":0,"max_hp_loss":0,"event_name":"Bonfire Elementals","floor":38,"gold_loss":0}],"is_beta":false,"boss_relics":[{"not_picked":["Ectoplasm","Runic Pyramid"],"picked":"Busted Crown"},{"not_picked":["Sozu","Philosopher\u0027s Stone"],"picked":"Empty Cage"}],"items_purged_floors":[],"is_endless":false,"potions_floor_spawned":[1,5,13,14,20,21,24,35],"killed_by":"Giant Head","ascension_level":5}}