{"host":"1qpqdhcm6rajo15h","time":1613323741,"event":{"mods":["BaseMod","Colored Powertips","Downfall","Gremlin Mod","Hermit","Highlight Path","Infinite Spire","Jorbs\u0027s Wanderer Trilogy","Mimic Mod","Minty Spire (QoL Compilation)","Potionbrewer","Relic Stats","Replay The Spire","StSLib","Td1madao Mod","The Marked","The Poker Player","The Runesmith","The Sage","TheBandit"],"gold_per_floor":[99,110,110,129,129,140,140,158,193,25,50,50,50,35,45,147,197,197],"floor_reached":17,"language":"ENG","playtime":1429,"items_purged":[],"score":157,"play_id":"d7b3cc86-e426-4363-986a-a836f748a272","local_time":"20210214122901","is_ascension_mode":false,"campfire_choices":[{"data":"theMarked:SoldierOfQuellstein","floor":1,"key":"SMITH"},{"data":"theMarked:Maelstrom","floor":13,"key":"SMITH"}],"circlet_count":0,"master_deck":["theMarked:Strike","theMarked:Strike","theMarked:Strike","theMarked:Strike","theMarked:Defend","theMarked:Defend","theMarked:Defend","theMarked:Defend","theMarked:SoldierOfQuellstein+1","theMarked:Maelstrom+1","theMarked:SwordAndMagic+1","theMarked:Electrify","theMarked:PowerFlow","theMarked:Improvise","theMarked:BindingBlade","theMarked:CreepingChasm","theMarked:ThrowWeapon","theMarked:RogueSparks"],"relics":["theMarked:ArtifactOfAir","InkBottle","Tiny House"],"acts_visited":["Exordium","TheCity"],"potions_floor_usage":[9,11,14,15],"damage_taken":[{"damage":0,"enemies":"2 Louse","floor":2,"turns":3},{"damage":1,"enemies":"Cultist","floor":4,"turns":3},{"damage":1,"enemies":"Jaw Worm","floor":6,"turns":2},{"damage":2,"enemies":"3 Louse","floor":8,"turns":2},{"damage":17,"enemies":"Replay:BlueRogue","floor":9,"turns":4},{"damage":5,"enemies":"downfall:FleeingMerchant","floor":10,"turns":4},{"damage":9,"enemies":"Blue Slaver","floor":11,"turns":3},{"damage":10,"enemies":"downfall:FleeingMerchant","floor":14,"turns":4},{"damage":16,"enemies":"Large Slime","floor":15,"turns":3},{"damage":31,"enemies":"SI_SHIV_ARCHETYPE","floor":16,"turns":6}],"seed_played":"-1091976379599003612","potions_obtained":[{"floor":4,"key":"FearPotion"},{"floor":8,"key":"potionbrewer:MidasPotion"},{"floor":9,"key":"LiquidBronze"},{"floor":11,"key":"potionbrewer:InfectionPotion"},{"floor":17,"key":"Adrenaline Potion"}],"is_trial":false,"path_per_floor":["R","M","?","M","?","M","T","M","E","$","M","?","R","$","M","B",null],"character_chosen":"THE_DEFAULT","items_purchased":["theMarked:BindingBlade"],"campfire_rested":0,"item_purchase_floors":[10],"current_hp_per_floor":[77,77,77,76,76,75,75,73,56,51,42,67,67,57,41,10,82,82],"gold":197,"neow_bonus":"TEN_PERCENT_HP_BONUS","is_daily":false,"chose_seed":false,"campfire_upgraded":2,"win_rate":0.0,"timestamp":1613323741,"path_taken":["R","M","?","?","?","M","T","M","E","$","M","?","R","?","M","BOSS"],"items_purchased_type":["Card"],"build_version":"2020-12-22","purchased_purges":0,"victory":false,"max_hp_per_floor":[77,77,77,77,77,77,77,77,77,77,77,77,77,77,77,77,82,82],"relic_stats":{"counters":[10,34],"obtain_stats":[{"theMarked:ArtifactOfAir":0,"Tiny House":17,"InkBottle":9},{"theMarked:ArtifactOfAir":0,"Tiny House":10,"InkBottle":5},{"theMarked:ArtifactOfAir":0,"Tiny House":34,"InkBottle":14}],"InkBottle":[7]},"card_choices":[{"not_picked":["theMarked:Friction","theMarked:Improvise"],"picked":"theMarked:Maelstrom","floor":2},{"not_picked":["theMarked:ChainLightning","theMarked:Parkour"],"picked":"theMarked:SwordAndMagic","floor":4},{"not_picked":["theMarked:SelfDefenseTraining","theMarked:Standoff","theMarked:AttractMetal"],"picked":"SKIP","floor":6},{"not_picked":["theMarked:ChainLightning","theMarked:ResourceFulStrike"],"picked":"theMarked:Electrify","floor":8},{"not_picked":["theMarked:Memento","theMarked:Pokerface"],"picked":"theMarked:PowerFlow","floor":9},{"not_picked":["theMarked:HeightenedSenses","theMarked:Pokerface"],"picked":"theMarked:Improvise","floor":10},{"not_picked":["theMarked:KeepCalmAndFight","theMarked:Electrify","theMarked:Seal"],"picked":"SKIP","floor":11},{"not_picked":["theMarked:Abjuration","theMarked:Improvise","theMarked:ChainLightning"],"picked":"SKIP","floor":14},{"not_picked":["theMarked:ElectricStrings","theMarked:Improvise"],"picked":"theMarked:CreepingChasm","floor":15},{"not_picked":["theMarked:Snap","theMarked:Toughness"],"picked":"theMarked:ThrowWeapon","floor":16},{"not_picked":["theMarked:Electrify","theMarked:ChannelForce"],"picked":"theMarked:RogueSparks","floor":17}],"player_experience":29731,"relics_obtained":[{"floor":9,"key":"InkBottle"}],"event_choices":[{"cards_removed":["theMarked:Strike"],"damage_healed":0,"gold_gain":0,"player_choice":"Offered Basic","damage_taken":0,"max_hp_gain":0,"max_hp_loss":0,"event_name":"Bonfire Elementals","floor":3,"gold_loss":0},{"damage_healed":25,"gold_gain":0,"player_choice":"Banana","damage_taken":0,"max_hp_gain":0,"max_hp_loss":0,"event_name":"Big Fish","floor":12,"gold_loss":0}],"is_beta":false,"boss_relics":[{"not_picked":["Painkiller Herb","Velvet Choker"],"picked":"Tiny House"}],"items_purged_floors":[],"is_endless":false,"potions_floor_spawned":[4,8,9,11],"ascension_level":0}}