{"host":"rp3jcgpl3wimy2es","time":1613265868,"event":{"mods":["BaseMod","Colored Map","Downfall","Minty Spire (QoL Compilation)","StSLib"],"gold_per_floor":[99,118,118,118,129,129,129,29,64,64,64,95,110,20,33,136,136,36,36,36,36],"floor_reached":19,"language":"ENG","playtime":1439,"items_purged":["champ:Defend"],"score":173,"play_id":"2eefda92-af13-40c6-bd9c-0f576ef20ad3","local_time":"20210213172428","is_ascension_mode":false,"campfire_choices":[{"data":"champ:Execute","floor":1.0,"key":"SMITH"},{"floor":6.0,"key":"RECALL"},{"data":"champ:DefensiveShout","floor":8.0,"key":"SMITH"},{"data":"champ:FlashCut","floor":18,"key":"SMITH"}],"circlet_count":0,"master_deck":["champ:Strike","champ:Strike","champ:Strike","champ:Strike","champ:Defend","champ:Defend","champ:Defend","champ:Execute+1","champ:Taunt","champ:FlashCut+1","champ:DefensiveShout+1","champ:FlashCut","champ:PerfectedStrike+1","champ:ArenaPreparation","champ:SwordThrow","champ:CrownThrow","champ:IgnorePain","champ:StrikeOfGenius"],"relics":["champ:ChampionCrown","Omamori","downfall:HeartBlessingRed","Matryoshka","Bird Faced Urn","SlaversCollar","downfall:HeartBlessingGreen"],"acts_visited":["Exordium","TheCity"],"potions_floor_usage":[],"damage_taken":[{"damage":10.0,"enemies":"Jaw Worm","floor":2.0,"turns":3.0},{"damage":10.0,"enemies":"2 Louse","floor":5.0,"turns":3.0},{"damage":48.0,"enemies":"3 Sentries","floor":9.0,"turns":8.0},{"damage":0.0,"enemies":"Cultist","floor":10.0,"turns":1.0},{"damage":19.0,"enemies":"Lagavulin","floor":12.0,"turns":5.0},{"damage":8.0,"enemies":"Red Slaver","floor":13.0,"turns":2.0},{"damage":25.0,"enemies":"downfall:FleeingMerchant","floor":14.0,"turns":4.0},{"damage":12.0,"enemies":"Blue Slaver","floor":15.0,"turns":2.0},{"damage":20.0,"enemies":"IC_STATUS_ARCHETYPE","floor":16.0,"turns":5.0},{"damage":100,"enemies":"Spheric Guardian","floor":19,"turns":8}],"seed_played":"1880769684259210845","potions_obtained":[{"floor":5.0,"key":"champ:OpenerPotion"},{"floor":9.0,"key":"bronze:BurnAndBuffPotion"},{"floor":12.0,"key":"PowerPotion"},{"floor":16.0,"key":"SkillPotion"}],"is_trial":false,"path_per_floor":["R","M","?","?","M","R","T","R","E","M","?","E","M","$","M","B",null,"R","M"],"character_chosen":"THE_CHAMP","items_purchased":[],"campfire_rested":0,"item_purchase_floors":[],"current_hp_per_floor":[99,99,74,74,74,74,74,74,46,46,46,37,29,29,27,19,99,99,0,0,0],"gold":36,"neow_bonus":"TEN_PERCENT_HP_BONUS","is_daily":false,"chose_seed":false,"campfire_upgraded":3,"win_rate":0.0,"timestamp":1613265868,"path_taken":["R","M","?","?","M","R","T","R","E","M","?","E","?","?","M","BOSS","R","M"],"items_purchased_type":[],"build_version":"2020-12-22","purchased_purges":1,"victory":false,"max_hp_per_floor":[99,99,99,99,99,99,99,99,99,99,99,99,99,99,99,99,99,99,99,99,99],"card_choices":[{"not_picked":["champ:SetATrap","champ:Haymaker"],"picked":"champ:FlashCut","floor":2.0},{"not_picked":["champ:Shatter","champ:PreemptiveStrike"],"picked":"champ:DefensiveShout","floor":5.0},{"not_picked":["champ:RecklessLeap","champ:PreemptiveStrike"],"picked":"champ:FlashCut","floor":9.0},{"not_picked":["champ:StanceDance","champ:FaceSlap"],"picked":"champ:PerfectedStrike","floor":10.0},{"not_picked":["champ:AdrenalArmor","champ:BerserkersShout"],"picked":"champ:ArenaPreparation","floor":12.0},{"not_picked":["champ:EnragedBash","champ:Shatter"],"picked":"champ:SwordThrow","floor":13.0},{"not_picked":["champ:DeathBlow","champ:Shatter"],"picked":"champ:CrownThrow","floor":14.0},{"not_picked":["champ:CrownThrow","champ:FaceSlap"],"picked":"champ:IgnorePain","floor":15.0},{"not_picked":["champ:HeavySlash","champ:IgnorePain"],"picked":"champ:StrikeOfGenius","floor":16.0}],"player_experience":186496,"relics_obtained":[{"floor":9.0,"key":"Matryoshka"},{"floor":12.0,"key":"Bird Faced Urn"}],"event_choices":[{"damage_healed":0.0,"max_hp_gain":0.0,"max_hp_loss":0.0,"gold_gain":0.0,"event_name":"Scrap Ooze","player_choice":"Success","floor":3.0,"gold_loss":0.0,"damage_taken":25.0,"relics_obtained":["Omamori"]}],"is_beta":false,"boss_relics":[{"not_picked":["SacredBark","Runic Pyramid"],"picked":"SlaversCollar"}],"items_purged_floors":[14],"is_endless":false,"potions_floor_spawned":[5,9,12,16],"killed_by":"Spheric Guardian","ascension_level":0}}