{"host":"y080dcqw8fj32q7d","time":1613323477,"event":{"mods":["AchievementEnabler","BaseMod","Colored Map","Colored Powertips","DeckTracker","Minty Spire (QoL Compilation)","Relic Sorter"],"gold_per_floor":[118,118,196,47,62,91,91,149,175,175,175,208,227,241,241,241,241],"floor_reached":16,"language":"ENG","playtime":902,"items_purged":[],"score":140,"play_id":"15f6efa9-481e-49de-8a62-696405c3fed6","local_time":"20210214202437","is_ascension_mode":true,"campfire_choices":[{"floor":7.0,"key":"RECALL"},{"floor":11.0,"key":"REST"},{"data":"Pommel Strike","floor":15.0,"key":"SMITH"}],"circlet_count":0,"master_deck":["Strike_R","Strike_R","Strike_R","Strike_R","Defend_R","Defend_R","Defend_R","Defend_R","Bash","Flex","Cleave","Pommel Strike+1","Headbutt","Fire Breathing","Headbutt"],"relics":["Burning Blood","NeowsBlessing","Pear","HandDrill","Pen Nib","Red Skull","Golden Idol","Orichalcum"],"acts_visited":["Exordium"],"potions_floor_usage":[16],"damage_taken":[{"damage":0.0,"enemies":"Jaw Worm","floor":1.0,"turns":1.0},{"damage":0.0,"enemies":"2 Louse","floor":5.0,"turns":1.0},{"damage":0.0,"enemies":"3 Sentries","floor":6.0,"turns":2.0},{"damage":56.0,"enemies":"Lagavulin Event","floor":8.0,"turns":8.0},{"damage":1.0,"enemies":"Lagavulin","floor":12.0,"turns":3.0},{"damage":0.0,"enemies":"Small Slimes","floor":13.0,"turns":2.0},{"damage":0.0,"enemies":"3 Louse","floor":14.0,"turns":1.0},{"damage":62,"enemies":"The Guardian","floor":16,"turns":13}],"seed_played":"-6600585502406356965","potions_obtained":[{"floor":8.0,"key":"Block Potion"},{"floor":12.0,"key":"Energy Potion"},{"floor":13.0,"key":"SteroidPotion"}],"is_trial":false,"path_per_floor":["M","?","T","$","M","E","R","?","T","?","R","E","M","M","R","B"],"character_chosen":"IRONCLAD","items_purchased":["HandDrill"],"campfire_rested":1,"item_purchase_floors":[4],"current_hp_per_floor":[80,73,83,83,89,90,90,40,40,18,45,50,56,62,62,0,0],"gold":241,"neow_bonus":"THREE_ENEMY_KILL","is_daily":false,"chose_seed":false,"campfire_upgraded":1,"win_rate":0.0,"timestamp":1613323477,"path_taken":["M","?","?","?","M","E","R","?","T","?","R","E","M","M","R","BOSS"],"items_purchased_type":["Relic"],"build_version":"2020-12-22","purchased_purges":0,"victory":false,"max_hp_per_floor":[80,80,90,90,90,90,90,90,90,90,90,90,90,90,90,90,90],"card_choices":[{"not_picked":["Wild Strike","Clothesline"],"picked":"Flex","floor":1.0},{"not_picked":["Wild Strike","Havoc"],"picked":"Cleave","floor":5.0},{"not_picked":["Iron Wave","Twin Strike"],"picked":"Pommel Strike","floor":6.0},{"not_picked":["Blood for Blood","Whirlwind"],"picked":"Headbutt","floor":12.0},{"not_picked":["Feel No Pain","Offering"],"picked":"Fire Breathing","floor":13.0},{"not_picked":["Iron Wave","Anger"],"picked":"Headbutt","floor":14.0}],"player_experience":302403,"relics_obtained":[{"floor":3.0,"key":"Pear"},{"floor":6.0,"key":"Pen Nib"},{"floor":8.0,"key":"Red Skull"},{"floor":12.0,"key":"Orichalcum"}],"event_choices":[{"cards_removed":["Strike_R"],"damage_healed":0.0,"max_hp_gain":0.0,"max_hp_loss":0.0,"gold_gain":0.0,"event_name":"Golden Wing","player_choice":"Card Removal","floor":2.0,"gold_loss":0.0,"damage_taken":7.0},{"damage_healed":0.0,"max_hp_gain":0.0,"max_hp_loss":0.0,"gold_gain":0.0,"event_name":"Dead Adventurer","player_choice":"Searched \u00271\u0027 times","floor":8.0,"gold_loss":0.0,"damage_taken":0.0},{"damage_healed":0.0,"max_hp_gain":0.0,"max_hp_loss":0.0,"gold_gain":0.0,"event_name":"Golden Idol","player_choice":"Take Damage","floor":10.0,"gold_loss":0.0,"damage_taken":22.0,"relics_obtained":["Golden Idol"]}],"is_beta":false,"boss_relics":[],"items_purged_floors":[],"is_endless":false,"potions_floor_spawned":[8,12,13],"killed_by":"The Guardian","ascension_level":1}}