{"host":"urzvr6030gsf1sd7","time":1613264807,"event":{"mods":["AchievementEnabler","BaseMod","Block Reminder","Colored Powertips","Minty Spire (QoL Compilation)","Permanent Neow","StSLib"],"gold_per_floor":[112,128,3,17,17,31,58,58,58,87,87,98,127,4,4,104,104,116,130,150,150,150,150],"floor_reached":22,"language":"ENG","playtime":2075,"items_purged":["JustLucky"],"score":243,"play_id":"982ce7d5-c825-4514-a007-300f30da1264","local_time":"20210213200647","is_ascension_mode":true,"campfire_choices":[{"data":"Eruption","floor":8,"key":"SMITH"},{"data":"Vigilance","floor":11,"key":"SMITH"},{"floor":15,"key":"REST"}],"circlet_count":0,"master_deck":["Eruption+1","Vigilance+1","BowlingBash","Pray","EmptyBody+1","Prostrate","CrushJoints","EmptyFist","Conclude","FearNoEvil","Blasphemy","Worship","FollowUp","Brilliance","Wireheading","WindmillStrike","WreathOfFlame","SpiritShield","JustLucky","Halt","Sanctity","DevaForm","FollowUp","ThirdEye+1","TalkToTheHand"],"relics":["PureWater","Damaru","Omamori","Darkstone Periapt","Bronze Scales","Pandora\u0027s Box"],"acts_visited":["Exordium","TheCity"],"potions_floor_usage":[16,16,16],"damage_taken":[{"damage":6,"enemies":"Jaw Worm","floor":1,"turns":4},{"damage":0,"enemies":"2 Louse","floor":2,"turns":2},{"damage":0,"enemies":"Small Slimes","floor":4,"turns":3},{"damage":0,"enemies":"Looter","floor":6,"turns":3},{"damage":21,"enemies":"Gremlin Nob","floor":7,"turns":4},{"damage":0,"enemies":"Lagavulin","floor":10,"turns":5},{"damage":6,"enemies":"Exordium Wildlife","floor":12,"turns":3},{"damage":9,"enemies":"3 Sentries","floor":13,"turns":4},{"damage":2,"enemies":"Slime Boss","floor":16,"turns":6},{"damage":0,"enemies":"Chosen","floor":18,"turns":4},{"damage":0,"enemies":"Spheric Guardian","floor":19,"turns":3},{"damage":31,"enemies":"Shelled Parasite and Fungi","floor":20,"turns":3},{"damage":43,"enemies":"Snake Plant","floor":22,"turns":2}],"seed_played":"-4883110125529413838","potions_obtained":[{"floor":6,"key":"EssenceOfSteel"},{"floor":7,"key":"EssenceOfSteel"},{"floor":10,"key":"ColorlessPotion"},{"floor":12,"key":"PowerPotion"}],"is_trial":false,"path_per_floor":["M","M","$","M","?","M","E","R","T","E","R","M","E","$","R","B",null,"M","M","M","?","M"],"character_chosen":"WATCHER","items_purchased":["Prostrate","CrushJoints","JustLucky","FollowUp"],"campfire_rested":1,"item_purchase_floors":[3,3,3,14],"current_hp_per_floor":[66,66,66,66,52,52,31,31,31,31,31,25,16,16,37,35,72,72,72,41,41,0,0],"gold":150,"neow_bonus":"THREE_CARDS","is_daily":false,"chose_seed":false,"campfire_upgraded":2,"win_rate":0.0,"timestamp":1613264807,"path_taken":["M","M","$","M","?","M","E","R","T","E","R","M","E","$","R","BOSS","M","M","M","?","M"],"items_purchased_type":["Card","Card","Card","Card"],"build_version":"2020-12-22","purchased_purges":1,"victory":false,"max_hp_per_floor":[72,72,72,72,72,72,72,72,72,72,72,72,72,72,72,72,72,72,72,72,72,72,72],"card_choices":[{"not_picked":["ThirdEye","ClearTheMind"],"picked":"BowlingBash","floor":0},{"not_picked":["ClearTheMind","Fasting2"],"picked":"Pray","floor":1},{"not_picked":["BowlingBash","PathToVictory"],"picked":"EmptyBody","floor":2},{"not_picked":["JustLucky","Protect","Adaptation"],"picked":"SKIP","floor":4},{"not_picked":["DeceiveReality","Protect"],"picked":"EmptyFist","floor":6},{"not_picked":["Pray","FlurryOfBlows"],"picked":"Conclude","floor":7},{"not_picked":["Wireheading","ClearTheMind"],"picked":"FearNoEvil","floor":10},{"not_picked":["WreathOfFlame","EmptyFist"],"picked":"Blasphemy","floor":12},{"not_picked":["Indignation","InnerPeace"],"picked":"Worship","floor":13},{"not_picked":["Wish","ConjureBlade"],"picked":"Brilliance","floor":16},{"not_picked":["CarveReality","ClearTheMind"],"picked":"FollowUp","floor":18},{"not_picked":["JustLucky","Protect"],"picked":"ThirdEye+1","floor":19},{"not_picked":["PathToVictory","WindmillStrike+1"],"picked":"TalkToTheHand","floor":20}],"player_experience":244778,"relics_obtained":[{"floor":7,"key":"Damaru"},{"floor":9,"key":"Omamori"},{"floor":10,"key":"Darkstone Periapt"},{"floor":13,"key":"Bronze Scales"}],"event_choices":[{"damage_healed":0,"gold_gain":0,"player_choice":"Entered Light","damage_taken":14,"max_hp_gain":0,"max_hp_loss":0,"event_name":"Shining Light","floor":5,"gold_loss":0,"cards_upgraded":["Strike_P","EmptyBody"]},{"damage_healed":0,"gold_gain":0,"player_choice":"Smashed Altar","damage_taken":0,"max_hp_gain":0,"max_hp_loss":0,"event_name":"Forgotten Altar","floor":21,"gold_loss":0,"cards_obtained":["Decay"]}],"is_beta":false,"boss_relics":[{"not_picked":["Busted Crown","Snecko Eye"],"picked":"Pandora\u0027s Box"}],"items_purged_floors":[14],"is_endless":false,"potions_floor_spawned":[6,7,10,12],"killed_by":"Snake Plant","ascension_level":1}}