{"host":"u0qetpmu4y58k1tf","time":1613286130,"event":{"mods":["100% Spire Juice","AchievementEnabler","Act Like it!","BaseMod","CapriCore","Colored Map","Colored Powertips","Hermit","Koishi","Marisa£¨Ùöéë¡¡Øª×âÞÞ£©","Minty Spire (QoL Compilation)","Quick Restart","Reliquary","Replay The Spire","StSLib","Td1madao Mod","The Bug Knight","The Cursed","The Dragon Tamer","The Gatherer","The Hierophant","The Immortal","The Jungle","The Runesmith","WarShipGirlsR/??á´Ò³R mod"],"gold_per_floor":[119,119,44,44,54,87,100,100,100,100,113,125,125,125,125,125,125],"floor_reached":16,"language":"KOR","playtime":510,"items_purged":["HollowMod:NailStrikeStart"],"score":125,"play_id":"b758d5c6-879e-425f-8086-ef6c54af8811","local_time":"20210214160210","is_ascension_mode":false,"campfire_choices":[{"data":"HollowMod:NewGlowingWomb","floor":8,"key":"SMITH"},{"data":"HollowMod:MantisMark","floor":10,"key":"SMITH"},{"data":"HollowMod:FocusHealStart","floor":13,"key":"SMITH"},{"data":"HollowMod:VengefulSpirit","floor":15,"key":"SMITH"}],"circlet_count":0,"master_deck":["HollowMod:NailStrikeStart","HollowMod:NailStrikeStart","HollowMod:QuickDashStart","HollowMod:QuickDashStart","HollowMod:QuickDashStart","HollowMod:FocusHealStart+1","HollowMod:PogoStrike","HollowMod:VengefulSpirit+1","HollowMod:NewLittleFool","HollowMod:MantisMark+1","HollowMod:NewGlowingWomb+1"],"relics":["HollowMod:VesselMask","NeowsBlessing","reliquary:PorcupineQuills","Pondfish Scales","HollowMod:MantisClawRelic"],"acts_visited":["Exordium"],"potions_floor_usage":[16,16],"damage_taken":[{"damage":0,"enemies":"Cultist","floor":1,"turns":1},{"damage":0,"enemies":"Jaw Worm","floor":5,"turns":1},{"damage":0,"enemies":"Gremlin Nob","floor":6,"turns":1},{"damage":5,"enemies":"Small Slimes","floor":7,"turns":3},{"damage":12,"enemies":"3 Louse","floor":11,"turns":3},{"damage":9,"enemies":"Large Slime","floor":12,"turns":5},{"damage":51,"enemies":"The Guardian","floor":16,"turns":7}],"seed_played":"9100649957915744326","potions_obtained":[{"floor":6,"key":"Adrenaline Potion"},{"floor":7,"key":"FearPotion"},{"floor":11,"key":"SteroidPotion"}],"is_trial":false,"path_per_floor":["M","?","$","?","M","E","M","R","T","R","M","M","R","?","R","B"],"character_chosen":"THE_BUGKNIGHT","items_purchased":[],"campfire_rested":0,"item_purchase_floors":[],"current_hp_per_floor":[75,72,72,72,72,72,67,67,67,67,55,46,46,39,39,0,0],"gold":125,"neow_bonus":"THREE_ENEMY_KILL","is_daily":false,"chose_seed":false,"campfire_upgraded":4,"win_rate":0.0,"timestamp":1613286130,"path_taken":["M","?","$","?","M","E","M","R","T","R","?","M","R","?","R","BOSS"],"items_purchased_type":[],"build_version":"2020-12-22","purchased_purges":1,"victory":false,"max_hp_per_floor":[75,75,75,75,75,75,75,75,75,75,75,75,75,75,75,75,75],"card_choices":[{"not_picked":["HollowMod:SiblingsSouls","HollowMod:HowlingWraiths"],"picked":"HollowMod:VengefulSpirit","floor":1},{"not_picked":["HollowMod:SoulSplash","HollowMod:LifebloodCocoon"],"picked":"HollowMod:MantisMark","floor":5},{"not_picked":["HollowMod:theNailsmith","HollowMod:NewJinnsSoul","HollowMod:DashSlash"],"picked":"SKIP","floor":6},{"not_picked":["HollowMod:NewLittleFool","HollowMod:FastStrike"],"picked":"HollowMod:NewGlowingWomb","floor":7},{"not_picked":["HollowMod:CycloneSlash","HollowMod:BlackTendrils","HollowMod:DashSlash"],"picked":"SKIP","floor":11},{"not_picked":["HollowMod:NewJinnsSoul","HollowMod:MonarchWings","HollowMod:CycloneSlash"],"picked":"SKIP","floor":12}],"player_experience":148378,"relics_obtained":[{"floor":6,"key":"Pondfish Scales"},{"floor":9,"key":"HollowMod:MantisClawRelic"}],"event_choices":[{"damage_healed":0,"gold_gain":0,"player_choice":"Success","damage_taken":3,"relics_obtained":["reliquary:PorcupineQuills"],"max_hp_gain":0,"max_hp_loss":0,"event_name":"Scrap Ooze","floor":2,"gold_loss":0},{"damage_healed":0,"gold_gain":0,"cards_transformed":["HollowMod:QuickDashStart"],"player_choice":"Transformed","damage_taken":0,"max_hp_gain":0,"max_hp_loss":0,"event_name":"Transmorgrifier","floor":4,"gold_loss":0,"cards_obtained":["HollowMod:NewLittleFool"]},{"cards_removed":["HollowMod:NailStrikeStart"],"damage_healed":0,"gold_gain":0,"player_choice":"Card Removal","damage_taken":7,"max_hp_gain":0,"max_hp_loss":0,"event_name":"Golden Wing","floor":14,"gold_loss":0}],"is_beta":false,"boss_relics":[],"items_purged_floors":[3],"is_endless":false,"potions_floor_spawned":[6,7,11],"killed_by":"The Guardian","ascension_level":0}}