{"host":"x8s7139x96bc3le0","time":1613314690,"event":{"mods":["AchievementEnabler","BaseMod","Bestiary","Minty Spire (QoL Compilation)","Relic Stats","ojb\u0027s Better Paths Mod","ojb\u0027s Info Mod"],"gold_per_floor":[115,115,130,145,155,186,202,237,237,237,237,267,283,294,294,394,394,414,414,414,433,453,483,497,497,497],"floor_reached":25,"language":"ENG","playtime":1821,"items_purged":[],"score":358,"play_id":"8e607d68-ee0b-405d-a204-6ef7dfd8c4a8","local_time":"20210214155810","is_ascension_mode":true,"campfire_choices":[{"data":"Eviscerate","floor":10.0,"key":"SMITH"},{"data":"Flechettes","floor":15.0,"key":"SMITH"}],"circlet_count":0,"master_deck":["Strike_G","Strike_G","Strike_G","Strike_G","Defend_G","Defend_G","Defend_G","Defend_G","Survivor","Neutralize","Flechettes+1","Acrobatics","Cloak And Dagger","Eviscerate+1","Underhanded Strike","Dagger Throw","All Out Attack","Backstab","Masterful Stab+1","Decay","Reflex","Backstab+1","Endless Agony+1","Corpse Explosion+1","Flechettes+1","RitualDagger+1","Dash+1","Escape Plan"],"relics":["Ring of the Snake","Strawberry","Molten Egg 2","Bottled Flame","StoneCalendar","Coffee Dripper","Pantograph"],"acts_visited":["Exordium","TheCity"],"potions_floor_usage":[23,25],"damage_taken":[{"damage":0.0,"enemies":"Cultist","floor":1.0,"turns":3.0},{"damage":0.0,"enemies":"Jaw Worm","floor":3.0,"turns":3.0},{"damage":0.0,"enemies":"Small Slimes","floor":4.0,"turns":4.0},{"damage":0.0,"enemies":"Looter","floor":5.0,"turns":2.0},{"damage":17.0,"enemies":"3 Sentries","floor":6.0,"turns":10.0},{"damage":2.0,"enemies":"Red Slaver","floor":7.0,"turns":4.0},{"damage":10.0,"enemies":"Lagavulin","floor":8.0,"turns":5.0},{"damage":15.0,"enemies":"Gremlin Nob","floor":12.0,"turns":4.0},{"damage":0.0,"enemies":"Lots of Slimes","floor":13.0,"turns":1.0},{"damage":0.0,"enemies":"Blue Slaver","floor":14.0,"turns":1.0},{"damage":15.0,"enemies":"Hexaghost","floor":16.0,"turns":7.0},{"damage":11.0,"enemies":"2 Thieves","floor":18.0,"turns":2.0},{"damage":0.0,"enemies":"Spheric Guardian","floor":21.0,"turns":1.0},{"damage":9.0,"enemies":"Centurion and Healer","floor":22.0,"turns":3.0},{"damage":17,"enemies":"Slavers","floor":23,"turns":2},{"damage":6,"enemies":"Chosen and Byrds","floor":24,"turns":5},{"damage":7,"enemies":"Gremlin Leader","floor":25,"turns":4}],"seed_played":"1645818512287963570","potions_obtained":[{"floor":3.0,"key":"FearPotion"},{"floor":4.0,"key":"Energy Potion"},{"floor":6.0,"key":"Weak Potion"},{"floor":13.0,"key":"FearPotion"},{"floor":14.0,"key":"DistilledChaos"},{"floor":21.0,"key":"PowerPotion"},{"floor":22.0,"key":"Dexterity Potion"},{"floor":23,"key":"PowerPotion"}],"is_trial":false,"path_per_floor":["M","?","M","M","M","E","M","E","T","R","?","E","M","M","R","B",null,"M","?","?","M","M","E","M","E"],"character_chosen":"THE_SILENT","items_purchased":[],"campfire_rested":0,"item_purchase_floors":[],"current_hp_per_floor":[63,63,63,63,63,53,51,41,41,41,41,26,26,26,26,11,55,44,38,38,38,29,12,6,0,0],"gold":497,"neow_bonus":"TRANSFORM_TWO_CARDS","is_daily":false,"chose_seed":false,"campfire_upgraded":2,"win_rate":0.0,"timestamp":1613314690,"path_taken":["M","?","M","M","M","E","M","E","T","R","?","E","?","M","R","BOSS","M","?","?","?","M","E","M","E"],"items_purchased_type":[],"build_version":"2020-12-22","purchased_purges":0,"victory":false,"max_hp_per_floor":[63,63,63,63,63,70,70,70,70,70,70,70,70,70,70,70,70,70,70,70,70,70,70,70,70,70],"relic_stats":{"counters":[17,61],"Pantograph":0,"StoneCalendar":[2],"obtain_stats":[{"Bottled Flame":9,"Strawberry":6,"Pantograph":23,"Molten Egg 2":8,"StoneCalendar":12,"Coffee Dripper":17,"Ring of the Snake":0},{"Bottled Flame":7,"Strawberry":5,"Pantograph":15,"Molten Egg 2":7,"StoneCalendar":8,"Coffee Dripper":11,"Ring of the Snake":0},{"Bottled Flame":31,"Strawberry":22,"Pantograph":52,"Molten Egg 2":31,"StoneCalendar":35,"Coffee Dripper":44,"Ring of the Snake":0}],"Ring of the Snake":[34]},"card_choices":[{"not_picked":["Skewer","Heel Hook"],"picked":"Cloak And Dagger","floor":1.0},{"not_picked":["Heel Hook","Dodge and Roll"],"picked":"Eviscerate","floor":3.0},{"not_picked":["Blade Dance","Quick Slash"],"picked":"Underhanded Strike","floor":4.0},{"not_picked":["Expertise","Bouncing Flask"],"picked":"Dagger Throw","floor":5.0},{"not_picked":["Storm of Steel","Deadly Poison"],"picked":"All Out Attack","floor":6.0},{"not_picked":["Deadly Poison","Deflect"],"picked":"Backstab","floor":7.0},{"not_picked":["Footwork","Deflect"],"picked":"Masterful Stab+1","floor":8.0},{"not_picked":["Infinite Blades","All Out Attack+1"],"picked":"Reflex","floor":12.0},{"not_picked":["Sucker Punch+1","Blur"],"picked":"Backstab+1","floor":13.0},{"not_picked":["Expertise","Underhanded Strike+1"],"picked":"Endless Agony+1","floor":14.0},{"not_picked":["Malaise","Glass Knife+1"],"picked":"Corpse Explosion","floor":16.0},{"not_picked":["Flying Knee+1","Poisoned Stab+1"],"picked":"Flechettes+1","floor":18.0},{"not_picked":["Dodge and Roll","Endless Agony+1","Poisoned Stab+1"],"picked":"SKIP","floor":21.0},{"not_picked":["Tactician+1","Slice+1"],"picked":"Dash+1","floor":22.0},{"not_picked":["Blur","Underhanded Strike+1","Predator+1"],"picked":"SKIP","floor":23},{"not_picked":["Tactician","Dodge and Roll"],"picked":"Escape Plan","floor":24}],"player_experience":851853,"relics_obtained":[{"floor":6.0,"key":"Strawberry"},{"floor":8.0,"key":"Molten Egg 2"},{"floor":9.0,"key":"Bottled Flame"},{"floor":12.0,"key":"StoneCalendar"},{"floor":23,"key":"Pantograph"}],"event_choices":[{"damage_healed":0.0,"max_hp_gain":0.0,"max_hp_loss":0.0,"gold_gain":0.0,"event_name":"Liars Game","player_choice":"Ignored","floor":2.0,"gold_loss":0.0,"damage_taken":0.0},{"damage_healed":0.0,"max_hp_gain":0.0,"max_hp_loss":0.0,"gold_gain":0.0,"event_name":"Wheel of Change","player_choice":"Cursed","floor":11.0,"gold_loss":0.0,"damage_taken":0.0,"cards_obtained":["Decay"]},{"damage_healed":0.0,"max_hp_gain":0.0,"max_hp_loss":0.0,"gold_gain":0.0,"event_name":"Nest","player_choice":"Joined the Cult","floor":19.0,"gold_loss":0.0,"damage_taken":6.0,"cards_obtained":["RitualDagger"]},{"damage_healed":0.0,"max_hp_gain":0.0,"max_hp_loss":0.0,"gold_gain":0.0,"event_name":"Upgrade Shrine","player_choice":"Upgraded","floor":20.0,"gold_loss":0.0,"damage_taken":0.0,"cards_upgraded":["Corpse Explosion"]}],"is_beta":false,"boss_relics":[{"not_picked":["Snecko Eye","Cursed Key"],"picked":"Coffee Dripper"}],"items_purged_floors":[],"is_endless":false,"potions_floor_spawned":[3,4,6,13,14,21,22,23],"killed_by":"Gremlin Leader","ascension_level":9}}