{"host":"vgmhxp0kxvybuvcq","time":1613283826,"event":{"mods":["BaseMod","Minty Spire (QoL Compilation)","Replay The Spire","StSLib"],"gold_per_floor":[109,119,129,142,21,21,21,50,50,50,50,66,83,102,102,201,201,216,71,346,360,380,410,410,410,410],"floor_reached":25,"language":"ENG","playtime":1512,"items_purged":[],"score":259,"play_id":"eef1e683-dafb-4c9d-aa7d-ff17eef21fc9","local_time":"20210213222346","is_ascension_mode":true,"campfire_choices":[{"data":"Secret Technique","floor":6,"key":"SMITH"},{"data":"ReplayTheSpireMod:Strike From Hell","floor":10,"key":"SMITH"},{"data":"Trip","floor":15,"key":"SMITH"},{"floor":24,"key":"REST"}],"circlet_count":0,"master_deck":["Strike_R","Strike_R","Strike_R","Defend_R","Defend_R","Defend_R+1","Defend_R","Bash","Abandon","Iron Wave","Shrug It Off+1","Flame Barrier","Secret Technique+1","Purity","Trip+1","Pot Of Greed","Pot Of Greed","ReplayTheSpireMod:Strike From Hell+1","Seeing Red","ReplayTheSpireMod:Muscle Training","Wild Strike","Demon Form","Regret","Shrug It Off","Carnage+1","Pot Of Greed","Iron Wave","Clothesline"],"relics":["Burning Blood","Bag of Preparation","ReplayTheSpireMod:ShopPack","Grinning Jar","Dream Catcher","Snecko Eye","War Paint","The Courier"],"acts_visited":["Exordium","TheCity"],"potions_floor_usage":[4,8,14,16,22,23],"damage_taken":[{"damage":6,"enemies":"Cultist","floor":1,"turns":3},{"damage":18,"enemies":"Jaw Worm","floor":2,"turns":4},{"damage":3,"enemies":"Small Slimes","floor":3,"turns":4},{"damage":6,"enemies":"Red Slaver","floor":4,"turns":4},{"damage":23,"enemies":"Replay:BlueRogue","floor":8,"turns":5},{"damage":0,"enemies":"Looter","floor":12,"turns":2},{"damage":8,"enemies":"Exordium Wildlife","floor":13,"turns":5},{"damage":2,"enemies":"Exordium Thugs","floor":14,"turns":4},{"damage":33,"enemies":"Fading Forest","floor":16,"turns":11},{"damage":32,"enemies":"2 Thieves","floor":18,"turns":5},{"damage":10,"enemies":"Spheric Guardian","floor":21,"turns":5},{"damage":55,"enemies":"Centurion and Healer","floor":22,"turns":8},{"damage":16,"enemies":"Slavers","floor":23,"turns":6},{"damage":35,"enemies":"Sentry and Sphere","floor":25,"turns":5}],"seed_played":"-3506928412104960344","potions_obtained":[{"floor":1,"key":"Milkshake"},{"floor":2,"key":"SteroidPotion"},{"floor":3,"key":"BlessingOfTheForge"},{"floor":8,"key":"GamblersBrew"},{"floor":14,"key":"Adrenaline Potion"},{"floor":18,"key":"BloodPotion"},{"floor":21,"key":"DistilledChaos"}],"is_trial":false,"path_per_floor":["M","M","M","M","$","R","?","E","T","R","?","M","M","M","R","B",null,"M","$","?","M","M","E","R","M"],"character_chosen":"IRONCLAD","items_purchased":["ReplayTheSpireMod:ShopPack","War Paint"],"campfire_rested":1,"item_purchase_floors":[5,19],"current_hp_per_floor":[80,68,71,71,71,71,71,54,54,54,47,53,51,55,55,28,80,54,54,54,50,17,7,31,0,0],"gold":410,"neow_bonus":"RANDOM_COMMON_RELIC","is_daily":false,"chose_seed":false,"campfire_upgraded":3,"win_rate":0.0,"timestamp":1613283826,"path_taken":["M","M","?","M","$","R","?","E","T","R","?","?","M","M","R","BOSS","M","$","?","M","?","E","R","M"],"items_purchased_type":["Relic","Relic"],"build_version":"2020-12-22","purchased_purges":0,"victory":false,"max_hp_per_floor":[80,80,80,80,80,80,80,80,80,80,80,80,80,80,80,80,80,80,80,80,80,80,80,80,80,80],"card_choices":[{"not_picked":["Searing Blow","Ghostly Armor"],"picked":"Abandon","floor":1},{"not_picked":["Life Link","Abandon"],"picked":"Iron Wave","floor":2},{"not_picked":["Clothesline","Carnage"],"picked":"Shrug It Off","floor":3},{"not_picked":["Anger","Replay:Undeath\u0027s Touch"],"picked":"Flame Barrier","floor":4},{"not_picked":["Sadistic Nature","The Bomb"],"picked":"Secret Technique","floor":5},{"not_picked":["Trip","Panacea"],"picked":"Purity","floor":5},{"not_picked":["Replay:Sssssssssstrike","Purity"],"picked":"Trip","floor":5},{"not_picked":["Pommel Strike","Evolve"],"picked":"ReplayTheSpireMod:Strike From Hell","floor":8},{"not_picked":["Searing Blow","Spot Weakness"],"picked":"Seeing Red","floor":12},{"not_picked":["Pummel","Evolve"],"picked":"ReplayTheSpireMod:Muscle Training","floor":13},{"not_picked":["Run Through","Seeing Red"],"picked":"Wild Strike","floor":14},{"not_picked":["Offering","Demonic Infusion"],"picked":"Demon Form","floor":16},{"not_picked":["Clash","Anger","Perfected Strike"],"picked":"SKIP","floor":18},{"not_picked":["Thunderclap","Burning Pact+1"],"picked":"Shrug It Off","floor":21},{"not_picked":["Armaments","Twin Strike"],"picked":"Carnage+1","floor":22},{"not_picked":["Perfected Strike","Twin Strike"],"picked":"Iron Wave","floor":23},{"not_picked":["Warcry","Uppercut"],"picked":"Clothesline","floor":24}],"player_experience":325857,"relics_obtained":[{"floor":8,"key":"Grinning Jar"},{"floor":9,"key":"Dream Catcher"},{"floor":23,"key":"The Courier"}],"event_choices":[{"cards_removed":["Strike_R"],"damage_healed":0,"gold_gain":0,"player_choice":"Card Removal","damage_taken":7,"max_hp_gain":0,"max_hp_loss":0,"event_name":"Golden Wing","floor":11,"gold_loss":0},{"damage_healed":0,"gold_gain":275,"player_choice":"Desecrate","damage_taken":0,"max_hp_gain":0,"max_hp_loss":0,"event_name":"Golden Shrine","floor":20,"gold_loss":0,"cards_obtained":["Regret"]}],"is_beta":false,"boss_relics":[{"not_picked":["Ectoplasm","Electric Blood"],"picked":"Snecko Eye"}],"items_purged_floors":[],"is_endless":false,"potions_floor_spawned":[1,2,3,8,14,18,21],"killed_by":"Sentry and Sphere","ascension_level":3}}