{"host":"rp3jcgpl3wimy2es","time":1613272276,"event":{"mods":["BaseMod","Colored Map","Downfall","Minty Spire (QoL Compilation)","StSLib"],"gold_per_floor":[99,99,99,99,99,128,199,28,28,44,44,44,73,93,112,211,211,11,23,23,23,8,8,32,63,79,92,92,102,115,126,137,232,232,232,284,301,311,36,64,87,122,139,139,150,160,160,194,212,212],"floor_reached":51,"language":"ENG","playtime":5357,"items_purged":["Pride"],"score":892,"play_id":"09a110a6-9f06-472e-a039-8d1ba6d72d87","local_time":"20210213191116","is_ascension_mode":false,"campfire_choices":[{"floor":1.0,"key":"RECALL"},{"floor":12.0,"key":"REST"},{"floor":18.0,"key":"REST"},{"floor":23.0,"key":"REST"},{"floor":35,"key":"REST"},{"floor":44,"key":"REST"}],"circlet_count":0,"master_deck":["bronze:Defend","bronze:Defend","bronze:Defend+1","bronze:Defend","bronze:Replicate","bronze:Goto","bronze:MaxOutput","bronze:FineTuning+1","bronze:BugBarrage","bronze:ItsAFeature","bronze:Branch","Iron Wave","bronze:DarkDash","bronze:Deprecate+1","bronze:WildBeam","bronze:Branch","bronze:AlphaBuild","bronze:Turbo+1","Slimebound:Tackle+1","Slimebound:Tackle+1","Slimebound:Tackle+1","bronze:WildBeam+1","bronze:GetLatest+1","bronze:GetLatest+1","bronze:Fortify","bronze:GetLatest+1","bronze:BugBarrage","bronze:SpaghettiCode+1","bronze:OilSpill+1","bronze:Shield+1","bronze:BugBarrage","bronze:ClassDefault+1","bronze:Shield+1","bronze:Boost+1"],"relics":["bronze:BronzeCore","downfall:HeartsMalice","downfall:ShatteredFragment","White Beast Statue","Meat on the Bone","Anchor","Toxic Egg 2","Kunai","Fusion Hammer","downfall:HeartBlessingRed","downfall:HeartBlessingGreen","Omamori","War Paint","Bronze Scales","Black Star","FossilizedHelix","Orichalcum","Gambling Chip","The Courier","Letter Opener","Boot","Bag of Marbles","Toy Ornithopter","bronze:BottledCode","Dream Catcher","Pen Nib"],"acts_visited":["Exordium","TheCity","TheBeyond"],"potions_floor_usage":[29,33,33,36,39,40,40,40,42,50,50,50],"damage_taken":[{"damage":0.0,"enemies":"2 Louse","floor":2.0,"turns":1.0},{"damage":0.0,"enemies":"Small Slimes","floor":3.0,"turns":1.0},{"damage":0.0,"enemies":"Cultist","floor":4.0,"turns":1.0},{"damage":30.0,"enemies":"3 Sentries","floor":6.0,"turns":8.0},{"damage":5.0,"enemies":"downfall:FleeingMerchant","floor":8.0,"turns":4.0},{"damage":0.0,"enemies":"Exordium Thugs","floor":10.0,"turns":3.0},{"damage":0.0,"enemies":"Gremlin Nob","floor":13.0,"turns":2.0},{"damage":0.0,"enemies":"Blue Slaver","floor":14.0,"turns":3.0},{"damage":1.0,"enemies":"Large Slime","floor":15.0,"turns":4.0},{"damage":11.0,"enemies":"WA_ARCHETYPE_RETAIN","floor":16.0,"turns":8.0},{"damage":0.0,"enemies":"Spheric Guardian","floor":19.0,"turns":1.0},{"damage":0.0,"enemies":"downfall:FleeingMerchant","floor":22.0,"turns":4.0},{"damage":15.0,"enemies":"Slavers","floor":25.0,"turns":4.0},{"damage":6.0,"enemies":"3 Cultists","floor":26.0,"turns":4.0},{"damage":0.0,"enemies":"Snecko","floor":27.0,"turns":3.0},{"damage":0,"enemies":"Snake Plant","floor":29,"turns":4},{"damage":0,"enemies":"Sentry and Sphere","floor":30,"turns":3},{"damage":0,"enemies":"Chosen and Byrds","floor":31,"turns":3},{"damage":5,"enemies":"Snecko","floor":32,"turns":3},{"damage":0,"enemies":"SI_MIRROR_ARCHETYPE","floor":33,"turns":6},{"damage":0,"enemies":"2 Orb Walkers","floor":36,"turns":4},{"damage":0,"enemies":"3 Shapes","floor":37,"turns":3},{"damage":0,"enemies":"Orb Walker","floor":38,"turns":3},{"damage":0,"enemies":"downfall:FleeingMerchant","floor":39,"turns":2},{"damage":16,"enemies":"Giant Head","floor":40,"turns":8},{"damage":10,"enemies":"Reptomancer","floor":42,"turns":5},{"damage":0,"enemies":"Writhing Mass","floor":43,"turns":3},{"damage":0,"enemies":"Spire Growth","floor":45,"turns":4},{"damage":0,"enemies":"4 Shapes","floor":46,"turns":3},{"damage":0,"enemies":"Giant Head","floor":48,"turns":4},{"damage":0,"enemies":"3 Darklings","floor":49,"turns":3},{"damage":10,"enemies":"IC_BLOCK_ARCHETYPE","floor":50,"turns":8}],"seed_played":"-6434898026613989055","potions_obtained":[{"floor":6.0,"key":"Swift Potion"},{"floor":8.0,"key":"SteroidPotion"},{"floor":10.0,"key":"champ:CounterPotion"},{"floor":13.0,"key":"SneckoOil"},{"floor":14.0,"key":"DistilledChaos"},{"floor":15.0,"key":"Regen Potion"},{"floor":16.0,"key":"SteroidPotion"},{"floor":19.0,"key":"hexamod:SoulburnPotion"},{"floor":22.0,"key":"CultistPotion"},{"floor":25.0,"key":"LiquidMemories"},{"floor":26.0,"key":"bronze:FreeFunctionsPotion"},{"floor":29,"key":"Strength Potion"},{"floor":30,"key":"Regen Potion"},{"floor":33,"key":"AttackPotion"},{"floor":36,"key":"Energy Potion"},{"floor":37,"key":"Swift Potion"},{"floor":39,"key":"ColorlessPotion"},{"floor":40,"key":"Slimebound:ThreeZeroPotion"},{"floor":42,"key":"BlessingOfTheForge"},{"floor":43,"key":"bronze:CleanCodePotion"},{"floor":45,"key":"Swift Potion"},{"floor":46,"key":"Swift Potion"},{"floor":49,"key":"FearPotion"}],"is_trial":false,"path_per_floor":["R","M","M","M","?","E","T","$","?","M","T","R","E","M","M","B",null,"R","M","?","?","$","R","T","E","M","M","?","M","M","M","M","B",null,"R","?","M","M","$","E","T","E","M","R","M","M","?","E","M","B",null],"character_chosen":"THE_AUTOMATON","items_purchased":["Anchor","Orichalcum","Gambling Chip","bronze:Shield+1","bronze:BugBarrage"],"campfire_rested":5,"item_purchase_floors":[8,39,39,39,39],"current_hp_per_floor":[70,70,70,70,49,19,19,26,26,38,38,59,59,59,58,47,70,70,70,70,70,70,70,70,55,49,49,49,58,58,58,53,53,70,70,70,70,70,70,59,59,49,49,70,70,70,60,60,60,55],"gold":212,"neow_bonus":"THREE_ENEMY_KILL","is_daily":false,"chose_seed":false,"campfire_upgraded":0,"win_rate":0.0,"timestamp":1613272276,"path_taken":["R","M","M","M","?","E","T","$","?","?","?","R","E","M","M","BOSS","R","M","?","?","$","R","T","E","M","M","?","M","M","M","M","BOSS","R","?","M","M","$","E","T","E","M","R","M","M","?","E","M","BOSS"],"items_purchased_type":["Relic","Relic","Relic","Card","Card"],"build_version":"2020-12-22","purchased_purges":1,"victory":true,"max_hp_per_floor":[70,70,70,70,70,70,70,70,70,70,70,70,70,70,70,70,70,70,70,70,70,70,70,70,70,70,70,70,70,70,70,70,70,70,70,70,70,70,70,70,70,70,70,70,70,70,60,60,60,60],"card_choices":[{"not_picked":["bronze:Frontload","bronze:ChildClass"],"picked":"bronze:MaxOutput","floor":2.0},{"not_picked":["bronze:Overheat","bronze:WildBeam"],"picked":"bronze:FineTuning","floor":3.0},{"not_picked":["bronze:Frontload","bronze:Overload"],"picked":"bronze:BugBarrage","floor":4.0},{"not_picked":["bronze:Invalidate","bronze:CloningBeam"],"picked":"bronze:ItsAFeature","floor":6.0},{"not_picked":["bronze:Frontload","bronze:ThunderWave"],"picked":"bronze:Branch","floor":8.0},{"not_picked":["bronze:Turbo","bronze:Optimize"],"picked":"bronze:DarkDash","floor":10.0},{"not_picked":["bronze:DelayedGuard+1","bronze:BitShift+1"],"picked":"bronze:Deprecate+1","floor":13.0},{"not_picked":["bronze:Invalidate+1","bronze:Frontload+1"],"picked":"bronze:WildBeam","floor":14.0},{"not_picked":["bronze:CutThrough","bronze:Frontload+1"],"picked":"bronze:Branch","floor":15.0},{"not_picked":["bronze:ThunderWave","bronze:CleanCode"],"picked":"bronze:AlphaBuild","floor":16.0},{"not_picked":["bronze:Frontload+1","bronze:ChildClass+1"],"picked":"bronze:Turbo+1","floor":19.0},{"not_picked":["bronze:DelayedSlice+1","bronze:Deprecate+1"],"picked":"bronze:WildBeam+1","floor":22.0},{"not_picked":["bronze:WhirlingStrike+1","bronze:CutThrough"],"picked":"bronze:GetLatest+1","floor":25.0},{"not_picked":["bronze:CutThrough","bronze:Fortify"],"picked":"bronze:GetLatest+1","floor":26.0},{"not_picked":["bronze:Overheat","bronze:OilSpill","bronze:WildBeam"],"picked":"SKIP","floor":27.0},{"not_picked":["bronze:Virus","bronze:DelayedGuard+1","bronze:DelayedSlice"],"picked":"SKIP","floor":29},{"not_picked":["bronze:Deprecate+1","bronze:OilSpill"],"picked":"bronze:Fortify","floor":30},{"not_picked":["bronze:Frontload+1","bronze:Turbo+1"],"picked":"bronze:GetLatest+1","floor":31},{"not_picked":["bronze:Branch","bronze:Return+1"],"picked":"bronze:BugBarrage","floor":32},{"not_picked":["bronze:Virus","bronze:HardenedForm"],"picked":"bronze:SpaghettiCode+1","floor":33},{"not_picked":["bronze:CutThrough+1","bronze:FineTuning+1"],"picked":"bronze:OilSpill+1","floor":37},{"not_picked":["bronze:Deprecate+1","bronze:Iterate","bronze:BuggyMess+1"],"picked":"SKIP","floor":38},{"not_picked":["bronze:Safeguard+1","bronze:BronzeArmor+1","bronze:Backtrace+1"],"picked":"SKIP","floor":39},{"not_picked":["bronze:Virus","bronze:NullPointer","bronze:Safeguard+1"],"picked":"SKIP","floor":40},{"not_picked":["bronze:WhirlingStrike","bronze:DelayedGuard+1"],"picked":"bronze:ClassDefault+1","floor":42},{"not_picked":["bronze:FineTuning+1","bronze:WhirlingStrike","bronze:OilSpill+1"],"picked":"SKIP","floor":43},{"not_picked":["bronze:Deprecate+1","bronze:Flail+1"],"picked":"bronze:Shield+1","floor":45},{"not_picked":["bronze:BronzeArmor+1","bronze:WildBeam"],"picked":"bronze:Boost+1","floor":46},{"not_picked":["bronze:ThunderWave","bronze:DigitalCarnage","bronze:Safeguard+1"],"picked":"SKIP","floor":48},{"not_picked":["bronze:Shield+1","bronze:CloningBeam+1","bronze:FineTuning+1"],"picked":"SKIP","floor":49}],"player_experience":188868,"relics_obtained":[{"floor":6.0,"key":"White Beast Statue"},{"floor":7.0,"key":"Meat on the Bone"},{"floor":11.0,"key":"Toxic Egg 2"},{"floor":13.0,"key":"Kunai"},{"floor":24.0,"key":"War Paint"},{"floor":25.0,"key":"Bronze Scales"},{"floor":36,"key":"FossilizedHelix"},{"floor":40,"key":"The Courier"},{"floor":40,"key":"Letter Opener"},{"floor":41,"key":"Boot"},{"floor":42,"key":"Bag of Marbles"},{"floor":42,"key":"Toy Ornithopter"},{"floor":48,"key":"Dream Catcher"},{"floor":48,"key":"Pen Nib"}],"event_choices":[{"cards_removed":["bronze:Strike"],"damage_healed":0.0,"max_hp_gain":0.0,"max_hp_loss":0.0,"gold_gain":0.0,"event_name":"NoteForYourself","player_choice":"Took Card","floor":9.0,"gold_loss":0.0,"damage_taken":0.0,"cards_obtained":["Iron Wave"]},{"damage_healed":0.0,"max_hp_gain":0.0,"max_hp_loss":0.0,"gold_gain":0.0,"event_name":"Addict","player_choice":"Stole Relic","floor":20.0,"gold_loss":0.0,"damage_taken":0.0,"relics_obtained":["Omamori"],"cards_obtained":["Pride"]},{"damage_healed":0,"gold_gain":0,"player_choice":"Fight","damage_taken":0,"max_hp_gain":0,"max_hp_loss":0,"event_name":"Mysterious Sphere","floor":36,"gold_loss":0}],"is_beta":false,"boss_relics":[{"not_picked":["Runic Pyramid","Sozu"],"picked":"Fusion Hammer"},{"not_picked":["bronze:PlatinumCore","Snecko Eye"],"picked":"Black Star"}],"items_purged_floors":[39],"is_endless":false,"potions_floor_spawned":[6,8,10,13,14,15,16,19,22,25,26,27,29,30,31,32,33,36,37,38,39,40,42,43,45,46,48,49],"ascension_level":0}}