{"host":"m1rjttoroz33xrz1","time":1613280067,"event":{"mods":["BaseMod","Colored Map","Downfall","Hermit","Mad Scientist","Marisa????????","Minty Spire (QoL Compilation)","StSLib","The Construct","The Cursed","The Druid","The Jungle","The Servant 0.9.4"],"gold_per_floor":[99,110,128,146,146,181,181,214,114,129,146,181,198,198,217,217,217,217],"floor_reached":16,"language":"ENG","playtime":2520,"items_purged":[],"score":132,"play_id":"619a52db-2bfd-4c34-a37d-dba205976288","local_time":"20210214002107","is_ascension_mode":true,"campfire_choices":[{"data":"champ:Execute","floor":1.0,"key":"SMITH"},{"floor":9.0,"key":"REST"}],"circlet_count":0,"master_deck":["champ:Strike","champ:Strike","champ:Strike","champ:Strike","champ:Defend","champ:Defend","champ:Defend","champ:Defend","champ:Execute+1","champ:Taunt","champ:IronFortress","champ:DeathBlow","champ:ShieldSlam","champ:Endure","champ:UltimateStance","champ:Backstep+1","champ:SkillfulDodge","champ:BringItOn","champ:SkillfulDodge","champ:Endure"],"relics":["champ:ChampionCrown","Bronze Scales","Strawberry","MealTicket","The Courier","downfall:HeartBlessingGreen","Darkstone Periapt"],"acts_visited":["Exordium"],"potions_floor_usage":[16],"damage_taken":[{"damage":10.0,"enemies":"Cultist","floor":2.0,"turns":3.0},{"damage":16.0,"enemies":"Jaw Worm","floor":3.0,"turns":3.0},{"damage":10.0,"enemies":"2 Louse","floor":4.0,"turns":2.0},{"damage":0.0,"enemies":"Red Slaver","floor":5.0,"turns":1.0},{"damage":68.0,"enemies":"Lagavulin","floor":6.0,"turns":7.0},{"damage":67.0,"enemies":"Gremlin Nob","floor":8.0,"turns":6.0},{"damage":33.0,"enemies":"Gremlin Gang","floor":10.0,"turns":4.0},{"damage":10.0,"enemies":"2 Fungi Beasts","floor":11.0,"turns":3.0},{"damage":28.0,"enemies":"3 Sentries","floor":12.0,"turns":7.0},{"damage":10.0,"enemies":"Blue Slaver","floor":13.0,"turns":4.0},{"damage":19,"enemies":"Large Slime","floor":15,"turns":7},{"damage":15,"enemies":"DF_ARCHETYPE_STREAMLINE","floor":16,"turns":9}],"seed_played":"6873133685048758962","potions_obtained":[{"floor":2.0,"key":"SmokeBomb"},{"floor":3.0,"key":"FearPotion"},{"floor":6.0,"key":"bronze:BurnAndBuffPotion"},{"floor":10.0,"key":"Ancient Potion"},{"floor":11.0,"key":"champ:TechniquePotion"}],"is_trial":false,"path_per_floor":["R","M","M","M","M","E","T","E","R","M","M","E","M","?","M","B"],"character_chosen":"THE_CHAMP","items_purchased":[],"campfire_rested":1,"item_purchase_floors":[],"current_hp_per_floor":[90,90,84,84,84,63,63,16,45,32,32,24,24,24,15,0,0,0],"gold":217,"neow_bonus":"RANDOM_COMMON_RELIC","is_daily":false,"chose_seed":false,"campfire_upgraded":1,"win_rate":0.0,"timestamp":1613280067,"path_taken":["R","M","M","M","?","E","T","E","R","?","M","E","M","?","M","BOSS"],"items_purchased_type":[],"build_version":"2020-12-22","purchased_purges":0,"victory":false,"max_hp_per_floor":[90,90,90,90,90,97,97,97,97,97,97,97,97,97,97,97,97,97],"card_choices":[{"not_picked":["champ:PreciseThrust","champ:FanOfKnives"],"picked":"champ:IronFortress","floor":2.0},{"not_picked":["champ:FalseCounter","champ:ShieldSigil"],"picked":"champ:DeathBlow","floor":3.0},{"not_picked":["champ:Shatter","champ:HeartStrike"],"picked":"champ:ShieldSlam","floor":4.0},{"not_picked":["champ:BerserkerStyle","champ:Circumvent"],"picked":"champ:Endure","floor":6.0},{"not_picked":["champ:Encircle","champ:CalledShot"],"picked":"champ:UltimateStance","floor":8.0},{"not_picked":["champ:RecklessLeap","champ:PreemptiveStrike"],"picked":"champ:Backstep","floor":10.0},{"not_picked":["champ:EnragedBash","champ:Encircle"],"picked":"champ:SkillfulDodge","floor":11.0},{"not_picked":["champ:RapidStrikes","champ:IronFortress"],"picked":"champ:BringItOn","floor":12.0},{"not_picked":["champ:CrownThrow","champ:EnGarde"],"picked":"champ:SkillfulDodge","floor":13.0},{"not_picked":["champ:CrownThrow","champ:EnGarde"],"picked":"champ:Endure","floor":15}],"player_experience":1689643,"relics_obtained":[{"floor":6.0,"key":"Strawberry"},{"floor":7.0,"key":"MealTicket"},{"floor":8.0,"key":"The Courier"},{"floor":12.0,"key":"Darkstone Periapt"}],"event_choices":[{"damage_healed":0,"gold_gain":0,"player_choice":"Forge","damage_taken":0,"max_hp_gain":0,"max_hp_loss":0,"event_name":"Accursed Blacksmith","floor":14,"gold_loss":0,"cards_upgraded":["champ:Backstep"]}],"is_beta":false,"boss_relics":[],"items_purged_floors":[],"is_endless":false,"potions_floor_spawned":[2,3,6,10,11],"killed_by":"DF_ARCHETYPE_STREAMLINE","ascension_level":1}}