{"host":"8cqz7u612ax6p4mk","time":1613338274,"event":{"mods":["AchievementEnabler","BaseMod","Bestiary","Colored Map","DeckTracker","Highlight Path","Minty Spire (QoL Compilation)","Relic Stats","The Servant 0.9.4"],"gold_per_floor":[117,130,130,130,130,130,130,155,182,207,62,74,74,93,93,190,190,202,222,137,137,137,137,172,172,172,192,212,231,231,31,31,126,126,136,136,186,31,31,31,31,50,100,127,127,143,143,160,160,160],"floor_reached":51,"language":"ENG","playtime":2524,"items_purged":["Defend_S","Strike_S"],"score":891,"play_id":"3b744f96-36e8-4753-b9b4-a8beaa3490bb","local_time":"20210214163114","is_ascension_mode":true,"campfire_choices":[{"data":"SurpressingFire","floor":6,"key":"SMITH"},{"data":"SoulSculpture","floor":13,"key":"SMITH"},{"floor":15,"key":"DIG"},{"floor":23,"key":"DIG"},{"floor":25,"key":"DIG"},{"data":"SurpressingFire","floor":32,"key":"SMITH"},{"floor":40,"key":"RECALL"},{"data":"Moonlight","floor":41,"key":"SMITH"},{"data":"KillingDoll","floor":45,"key":"PURGE"},{"data":"KidneyShot","floor":47,"key":"SMITH"},{"data":"TheWorld","floor":49,"key":"SMITH"}],"circlet_count":0,"master_deck":["Strike_S","Defend_S","Defend_S+1","KidneyShot+1","Exchange","SurpressingFire+1","Moonlight+1","SoulSculpture+1","InstantArmor+1","SurpressingFire+1","TheWorld+1","Rearm","FastForward+1","Luminosity"],"relics":["SplendidAttire","TungstenRod","Meat on the Bone","Shovel","Darkstone Periapt","Cursed Key","PaperSwan","Nilry\u0027s Codex","MutagenicStrength","Omamori","WingedGreaves","Bag of Preparation","Gremlin Horn","Peace Pipe","Pan","War Paint","White Beast Statue"],"acts_visited":["Exordium","TheCity","TheBeyond"],"potions_floor_usage":[16,50,50],"damage_taken":[{"damage":5,"enemies":"2 Louse","floor":1,"turns":3},{"damage":2,"enemies":"Small Slimes","floor":2,"turns":5},{"damage":6,"enemies":"3 Sentries","floor":8,"turns":14},{"damage":6,"enemies":"Lagavulin","floor":10,"turns":8},{"damage":0,"enemies":"Cultist","floor":12,"turns":2},{"damage":0,"enemies":"3 Louse","floor":14,"turns":3},{"damage":2,"enemies":"Hexaghost","floor":16,"turns":13},{"damage":0,"enemies":"Shell Parasite","floor":18,"turns":4},{"damage":1,"enemies":"2 Thieves","floor":19,"turns":4},{"damage":0,"enemies":"Book of Stabbing","floor":24,"turns":5},{"damage":0,"enemies":"Shelled Parasite and Fungi","floor":27,"turns":1},{"damage":0,"enemies":"Chosen and Byrds","floor":28,"turns":6},{"damage":0,"enemies":"Snecko","floor":29,"turns":3},{"damage":7,"enemies":"Champ","floor":33,"turns":12},{"damage":0,"enemies":"Orb Walker","floor":35,"turns":2},{"damage":0,"enemies":"Mind Bloom Boss Battle","floor":37,"turns":8},{"damage":0,"enemies":"3 Shapes","floor":42,"turns":2},{"damage":0,"enemies":"Reptomancer","floor":44,"turns":5},{"damage":0,"enemies":"Sphere and 2 Shapes","floor":46,"turns":3},{"damage":0,"enemies":"Spire Growth","floor":48,"turns":2},{"damage":11,"enemies":"Donu and Deca","floor":50,"turns":8}],"seed_played":"2832304917886553764","potions_obtained":[{"floor":10,"key":"Dexterity Potion"},{"floor":14,"key":"SkillPotion"},{"floor":16,"key":"SpeedPotion"},{"floor":19,"key":"Explosive Potion"},{"floor":35,"key":"LiquidMemories"},{"floor":42,"key":"DuplicationPotion"},{"floor":46,"key":"EntropicBrew"}],"is_trial":false,"path_per_floor":["M","M","?","?","?","R","?","E","T","E","$","M","R","M","R","B",null,"M","M","?","?","?","R","E","R","T","M","M","M","?","$","R","B",null,"M","?","?","$","?","R","R","M","T","E","R","M","R","M","R","B",null],"character_chosen":"THE_SERVANT","items_purchased":["SurpressingFire","CultistPotion","Pan"],"campfire_rested":0,"item_purchase_floors":[11,31,38],"current_hp_per_floor":[54,52,46,51,51,51,51,45,45,39,39,39,39,39,39,37,64,64,63,63,51,51,51,51,51,51,51,51,51,51,51,51,44,64,64,64,64,64,64,64,64,64,64,64,64,64,64,64,64,53],"gold":160,"neow_bonus":"ONE_RARE_RELIC","is_daily":false,"chose_seed":false,"campfire_upgraded":6,"win_rate":0.0,"timestamp":1613338274,"path_taken":["M","M","?","?","?","R","?","E","T","E","$","M","R","M","R","BOSS","M","M","?","?","?","R","E","R","T","M","M","M","?","$","R","BOSS","M","?","?","$","?","R","R","M","T","E","R","M","R","?","R","BOSS"],"items_purchased_type":["Card","Potion","Relic"],"build_version":"2020-12-22","purchased_purges":2,"victory":true,"max_hp_per_floor":[59,59,59,64,64,64,64,64,64,64,64,64,64,64,64,64,64,64,64,64,64,64,64,64,64,64,64,64,64,64,64,64,64,64,64,64,64,64,64,64,64,64,64,64,64,64,64,64,64,64],"relic_stats":{"Darkstone Periapt":0,"Peace Pipe":1,"Shovel":3,"Gremlin Horn":[11,11],"counters":[21,113],"Bag of Preparation":[22],"War Paint":["Defend_S","InstantArmor"],"Cursed Key":2,"obtain_stats":[{"Darkstone Periapt":15,"SplendidAttire":34,"Gremlin Horn":26,"Nilry\u0027s Codex":21,"Uniform":0,"Omamori":23,"Bag of Preparation":25,"PaperSwan":20,"War Paint":43,"Cursed Key":17,"White Beast Statue":44,"Peace Pipe":37,"Shovel":10,"MutagenicStrength":22,"WingedGreaves":24,"Pan":38,"TungstenRod":0,"Meat on the Bone":8},{"Darkstone Periapt":6,"SplendidAttire":14,"Gremlin Horn":10,"Nilry\u0027s Codex":9,"Uniform":0,"Omamori":9,"Bag of Preparation":10,"PaperSwan":9,"War Paint":17,"Cursed Key":7,"White Beast Statue":18,"Peace Pipe":16,"Shovel":4,"MutagenicStrength":9,"WingedGreaves":10,"Pan":16,"TungstenRod":0,"Meat on the Bone":3},{"Darkstone Periapt":35,"SplendidAttire":83,"Gremlin Horn":61,"Nilry\u0027s Codex":56,"Uniform":0,"Omamori":56,"Bag of Preparation":61,"PaperSwan":56,"War Paint":95,"Cursed Key":48,"White Beast Statue":100,"Peace Pipe":93,"Shovel":30,"MutagenicStrength":56,"WingedGreaves":61,"Pan":93,"TungstenRod":0,"Meat on the Bone":22}],"TungstenRod":39,"Meat on the Bone":0},"card_choices":[{"not_picked":["Starlight","Spin"],"picked":"SurpressingFire","floor":1},{"not_picked":["Contraction","Rearm"],"picked":"Moonlight","floor":2},{"not_picked":["FastForward","Spin"],"picked":"SoulSculpture","floor":8},{"not_picked":["Starlight","Alleviate"],"picked":"InstantArmor","floor":10},{"not_picked":["Starlight","ForgedInTime","Unruled"],"picked":"SKIP","floor":12},{"not_picked":["Desolation","BestPractice","Replace"],"picked":"SKIP","floor":14},{"not_picked":["MurderousAura","LightFlow"],"picked":"TheWorld","floor":16},{"not_picked":["Unruled","Moondial","SpecialFormula"],"picked":"SKIP","floor":18},{"not_picked":["Revamp+1","Spin","Ricochet+1"],"picked":"SKIP","floor":19},{"not_picked":["Read","Spin","MoonPhase+1"],"picked":"SKIP","floor":24},{"not_picked":["Read","Spin","MoonPhase+1"],"picked":"SKIP","floor":24},{"not_picked":["ShatteredReality","DoubleEdge","TimeWarp"],"picked":"SKIP","floor":27},{"not_picked":["Starlight","DualDimension"],"picked":"Rearm","floor":28},{"not_picked":["Rewind","ShatteredReality","Unruled+1"],"picked":"SKIP","floor":29},{"not_picked":["Duplication","ForgedInTime"],"picked":"KillingDoll","floor":33},{"not_picked":["FanOfKnives","Spin+1"],"picked":"FastForward+1","floor":35},{"not_picked":["Ricochet","Sabotage","ReturningBlade+1"],"picked":"SKIP","floor":42},{"not_picked":["DoubleEdge+1","Starlight","Defy"],"picked":"SKIP","floor":44},{"not_picked":["Spin+1","GearUp","FastForward+1"],"picked":"SKIP","floor":46},{"not_picked":["PendulumOfEternity","Replace"],"picked":"Luminosity","floor":48}],"player_experience":192706,"relics_obtained":[{"floor":8,"key":"Meat on the Bone"},{"floor":10,"key":"Shovel"},{"floor":15,"key":"Darkstone Periapt"},{"floor":21,"key":"Nilry\u0027s Codex"},{"floor":23,"key":"Omamori"},{"floor":24,"key":"WingedGreaves"},{"floor":25,"key":"Bag of Preparation"},{"floor":26,"key":"Gremlin Horn"},{"floor":37,"key":"Peace Pipe"},{"floor":43,"key":"War Paint"},{"floor":44,"key":"White Beast Statue"}],"event_choices":[{"cards_removed":["Strike_S"],"damage_healed":0,"gold_gain":0,"player_choice":"Card Removal","damage_taken":7,"max_hp_gain":0,"max_hp_loss":0,"event_name":"Golden Wing","floor":3,"gold_loss":0},{"damage_healed":0,"gold_gain":0,"player_choice":"Donut","damage_taken":0,"max_hp_gain":5,"max_hp_loss":0,"event_name":"Big Fish","floor":4,"gold_loss":0},{"damage_healed":0,"gold_gain":0,"player_choice":"Ignored","damage_taken":0,"max_hp_gain":0,"max_hp_loss":0,"event_name":"Liars Game","floor":5,"gold_loss":0},{"cards_removed":["Defend_S"],"damage_healed":0,"gold_gain":0,"player_choice":"Offered Basic","damage_taken":0,"max_hp_gain":0,"max_hp_loss":0,"event_name":"Bonfire Elementals","floor":7,"gold_loss":0},{"damage_healed":0,"gold_gain":0,"player_choice":"Obtained Relic","damage_taken":0,"relics_obtained":["PaperSwan"],"max_hp_gain":0,"max_hp_loss":0,"event_name":"Addict","floor":20,"gold_loss":85},{"damage_healed":0,"gold_gain":0,"player_choice":"Obtained Book","damage_taken":16,"max_hp_gain":0,"max_hp_loss":0,"event_name":"Cursed Tome","floor":21,"gold_loss":0},{"damage_healed":0,"gold_gain":0,"player_choice":"Inject Mutagens","damage_taken":0,"relics_obtained":["MutagenicStrength"],"max_hp_gain":0,"max_hp_loss":0,"event_name":"Drug Dealer","floor":22,"gold_loss":0},{"cards_removed":["Strike_S"],"damage_healed":0,"gold_gain":0,"player_choice":"Elegance","damage_taken":0,"max_hp_gain":0,"max_hp_loss":0,"event_name":"Back to Basics","floor":30,"gold_loss":0},{"damage_healed":0,"gold_gain":0,"player_choice":"Ignored","damage_taken":0,"max_hp_gain":0,"max_hp_loss":0,"event_name":"Tomb of Lord Red Mask","floor":36,"gold_loss":0},{"damage_healed":0,"gold_gain":0,"player_choice":"Fight","damage_taken":0,"max_hp_gain":0,"max_hp_loss":0,"event_name":"MindBloom","floor":37,"gold_loss":0},{"damage_healed":0,"gold_gain":0,"player_choice":"Memory 1","damage_taken":0,"max_hp_gain":0,"max_hp_loss":0,"event_name":"SensoryStone","floor":39,"gold_loss":0}],"is_beta":false,"boss_relics":[{"not_picked":["Runic Dome","Coffee Dripper"],"picked":"Cursed Key"},{"not_picked":["Tiny House","SacredBark"],"picked":"SplendidAttire"}],"items_purged_floors":[11,31],"is_endless":false,"potions_floor_spawned":[10,14,16,19,28,35,42,46,48],"ascension_level":4}}