{"host":"ffjrj7fisyni1ebk","time":1613309062,"event":{"mods":["2.2 Compatiblity","BaseMod","Bestiary","Colored Map","Colored Powertips","Curses Come First","Highlight Path","Keyboard Shortcuts","Minty Spire (QoL Compilation)","Relic Stats","Slay the Relics Exporter","StSLib","SuperFastMode"],"gold_per_floor":[216,216,227,227,245,245,259,279,351,156,156,72,88,104,104,104,104],"floor_reached":16,"language":"ENG","playtime":2723,"items_purged":["Strike_P"],"score":94,"play_id":"324fc25d-1b6c-4756-b330-20b19f820f89","local_time":"20210214152422","is_ascension_mode":false,"campfire_choices":[{"data":"Weave","floor":6.0,"key":"SMITH"},{"floor":15.0,"key":"REST"}],"circlet_count":0,"master_deck":["Strike_P","Defend_P","Defend_P","Defend_P","Defend_P","Eruption","Vigilance","Collect","Weave+1","Prostrate","Evaluate","Fasting2","Wireheading","JustLucky","Jack Of All Trades","Devotion","PathToVictory"],"relics":["PureWater","Mercury Hourglass"],"acts_visited":["Exordium"],"potions_floor_usage":[16,16],"damage_taken":[{"damage":0.0,"enemies":"Jaw Worm","floor":1.0,"turns":2.0},{"damage":27.0,"enemies":"2 Louse","floor":3.0,"turns":3.0},{"damage":2.0,"enemies":"Small Slimes","floor":5.0,"turns":2.0},{"damage":12.0,"enemies":"Blue Slaver","floor":7.0,"turns":6.0},{"damage":4.0,"enemies":"Red Slaver","floor":8.0,"turns":2.0},{"damage":6.0,"enemies":"Lots of Slimes","floor":13.0,"turns":4.0},{"damage":10.0,"enemies":"Exordium Wildlife","floor":14.0,"turns":4.0},{"damage":63,"enemies":"Slime Boss","floor":16,"turns":3}],"seed_played":"3194792134565702753","potions_obtained":[{"floor":1.0,"key":"Dexterity Potion"},{"floor":7.0,"key":"Explosive Potion"},{"floor":8.0,"key":"SkillPotion"},{"floor":13.0,"key":"StancePotion"}],"is_trial":false,"path_per_floor":["M","?","M","?","M","R","M","M","T","$","?","$","M","M","R","B"],"character_chosen":"WATCHER","items_purchased":["Wireheading","JustLucky","Jack Of All Trades"],"campfire_rested":1,"item_purchase_floors":[10,10,12],"current_hp_per_floor":[72,65,38,43,41,41,29,25,25,25,25,25,19,9,32,0,0],"gold":104,"neow_bonus":"HUNDRED_GOLD","is_daily":false,"chose_seed":false,"campfire_upgraded":1,"win_rate":0.0,"timestamp":1613309062,"path_taken":["M","?","M","?","M","R","M","M","T","?","?","$","M","?","R","BOSS"],"items_purchased_type":["Card","Card","Card"],"build_version":"2020-12-22","purchased_purges":1,"victory":false,"max_hp_per_floor":[72,72,72,77,77,77,77,77,77,77,77,77,77,77,77,77,77],"relic_stats":{"counters":[8,25],"obtain_stats":[{"PureWater":0,"Mercury Hourglass":9},{"PureWater":0,"Mercury Hourglass":5},{"PureWater":0,"Mercury Hourglass":15}],"Mercury Hourglass":[73]},"card_choices":[{"not_picked":["EmptyFist","FollowUp"],"picked":"Collect","floor":1.0},{"not_picked":["Sanctity","JustLucky"],"picked":"Weave","floor":3.0},{"not_picked":["EmptyBody","ClearTheMind"],"picked":"Prostrate","floor":5.0},{"not_picked":["WindmillStrike","FollowUp"],"picked":"Evaluate","floor":7.0},{"not_picked":["Conclude","CarveReality"],"picked":"Fasting2","floor":8.0},{"not_picked":["InnerPeace","MentalFortress"],"picked":"Devotion","floor":13.0},{"not_picked":["EmptyBody","DeceiveReality"],"picked":"PathToVictory","floor":14.0}],"player_experience":323666,"relics_obtained":[{"floor":9.0,"key":"Mercury Hourglass"}],"event_choices":[{"cards_removed":["Strike_P"],"damage_healed":0.0,"max_hp_gain":0.0,"max_hp_loss":0.0,"gold_gain":0.0,"event_name":"Golden Wing","player_choice":"Card Removal","floor":2.0,"gold_loss":0.0,"damage_taken":7.0},{"damage_healed":0.0,"max_hp_gain":5.0,"max_hp_loss":0.0,"gold_gain":0.0,"event_name":"Big Fish","player_choice":"Donut","floor":4.0,"gold_loss":0.0,"damage_taken":0.0},{"cards_removed":["Strike_P"],"damage_healed":0.0,"max_hp_gain":0.0,"max_hp_loss":0.0,"gold_gain":0.0,"event_name":"Living Wall","player_choice":"Forget","floor":11.0,"gold_loss":0.0,"damage_taken":0.0}],"is_beta":false,"boss_relics":[],"items_purged_floors":[10],"is_endless":false,"potions_floor_spawned":[1,7,8,13],"killed_by":"Slime Boss","ascension_level":0}}