{"host":"1ftto2vaskemldx8","time":1613303653,"event":{"mods":["BaseMod","Minty Spire (QoL Compilation)","Replay The Spire","StSLib","Together in Spire","[功能]功能增强和修复MOD"],"gold_per_floor":[112,130,149,149,80,114,130,157,209,239,239,259,132,148,148,247,247,265,265,66,84,183,218,93,125,125,125,158,15,15,32,32,129,229,240,258,165,181,211,239,239,514,514,539,539,551,414,414,414,414],"floor_reached":51,"language":"ZHS","playtime":7621,"items_purged":["Strike_G","Strike_G","Defend_G","Defend_G","Strike_G","Defend_G","Strike_G","Strike_G","Hidden Blade","Quick Slash","Defend_G","Defend_G","Dagger Throw","Bane"],"score":1204,"play_id":"58d1e7f0-39ce-4438-915f-f57631177f88","local_time":"20210214195413","is_ascension_mode":true,"campfire_choices":[{"data":"Draining Mist","floor":15,"key":"SMITH"},{"data":"Infinite Blades","floor":15,"key":"SMITH"},{"data":"After Image","floor":30,"key":"SMITH"},{"data":"Apotheosis","floor":30,"key":"SMITH"},{"data":"Noxious Fumes","floor":41,"key":"SMITH"},{"data":"Dark Embrace","floor":41,"key":"SMITH"},{"data":"Panache","floor":45,"key":"SMITH"},{"data":"Noxious Fumes","floor":45,"key":"SMITH"},{"data":"ReplayTheSpireMod:Doomed","floor":49,"key":"PURGE"}],"circlet_count":0,"master_deck":["Survivor","Neutralize","Prepared","Hidden Blade","Blade Dance","Infinite Blades+1","Draining Mist+1","Deadly Poison","Acrobatics","PiercingWail","Deflect","Escape Plan","Violence","Dagger Spray","Backflip","After Image+1","Catalyst+1","Draining Mist+1","Noxious Fumes+1","Secret Technique","Dark Shackles","Leg Sweep","Bane","Chrysalis","Malaise","Bandage Up+1","Noxious Fumes+1","Apotheosis+1","Finisher","Deflect","Secret Weapon+1","ReplayTheSpireMod:Private Reserves+1","Dark Embrace+1","Acrobatics+1","Prepared+1","Slice","Panache+1","Pain","Noxious Fumes","Blind+1","Regret","Looming Evil","Sweeping Beam+1","Outmaneuver+1","Finesse+1","Master of Strategy+1"],"relics":["Ring of the Snake","Omamori","Ancient Tea Set","Bag of Marbles","Bag of Preparation","Replay:Arrowhead","Replay:Wax Seal","Pantograph","Cursed Key","DollysMirror","Lizard Tail","Juzu Bracelet","Nunchaku","PrismaticShard","Tiny Chest","ReplayTheSpireMod:Lightbulb","Tough Bandages","Byrd Skull","Replay:Baseball","Lee\u0027s Waffle","Toxic Egg 2","Replay:Wanted Poster","Incense Burner","Replay:Bottled Steam","Peace Pipe","Molten Egg 2","Kunai","Strawberry","The Specimen"],"acts_visited":["Exordium","TheCity","TheBeyond"],"potions_floor_usage":[6,8,8,8,8,8,8,10,10,16,16,16,18,21,23,25,25,28,28,35,35,36,38,50,50],"damage_taken":[{"damage":0,"enemies":"2 Louse","floor":1,"turns":3},{"damage":1,"enemies":"Jaw Worm","floor":2,"turns":6},{"damage":6,"enemies":"Cultist","floor":3,"turns":4},{"damage":11,"enemies":"3 Sentries","floor":6,"turns":5},{"damage":30,"enemies":"Gremlin Gang","floor":7,"turns":6},{"damage":10,"enemies":"Gremlin Nob","floor":8,"turns":4},{"damage":11,"enemies":"Replay:BlueRogue","floor":10,"turns":5},{"damage":2,"enemies":"2 Fungi Beasts","floor":12,"turns":3},{"damage":11,"enemies":"Looter","floor":14,"turns":3},{"damage":8,"enemies":"The Guardian","floor":16,"turns":9},{"damage":11,"enemies":"2 Thieves","floor":18,"turns":3},{"damage":0,"enemies":"Chosen","floor":21,"turns":4},{"damage":0,"enemies":"Gremlin Leader","floor":23,"turns":5},{"damage":6,"enemies":"Slavers","floor":25,"turns":4},{"damage":0,"enemies":"Replay:Snechameleon","floor":28,"turns":5},{"damage":0,"enemies":"Snake Plant","floor":31,"turns":3},{"damage":0,"enemies":"Champ","floor":33,"turns":6},{"damage":7,"enemies":"3 Shapes","floor":35,"turns":5},{"damage":0,"enemies":"3 Darklings","floor":36,"turns":4},{"damage":1,"enemies":"Transient","floor":38,"turns":5},{"damage":4,"enemies":"Giant Head","floor":40,"turns":5},{"damage":7,"enemies":"R_Hoarder","floor":44,"turns":4},{"damage":0,"enemies":"Sphere and 2 Shapes","floor":46,"turns":2},{"damage":15,"enemies":"Awakened One","floor":50,"turns":5}],"seed_played":"8011868509992284715","potions_obtained":[{"floor":1,"key":"SneckoOil"},{"floor":6,"key":"Elixir"},{"floor":7,"key":"Languid Potion"},{"floor":7,"key":"EntropicBrew"},{"floor":8,"key":"Fire Potion"},{"floor":8,"key":"Dexterity Potion"},{"floor":10,"key":"LifebloodPotion"},{"floor":10,"key":"Swift Potion"},{"floor":14,"key":"EssenceOfSteel"},{"floor":16,"key":"Fire Potion"},{"floor":18,"key":"LiquidMemories"},{"floor":18,"key":"SneckoOil"},{"floor":21,"key":"Weak Potion"},{"floor":23,"key":"Explosive Potion"},{"floor":25,"key":"Swift Potion"},{"floor":25,"key":"Strength Potion"},{"floor":28,"key":"Adrenaline Potion"},{"floor":31,"key":"Strength Potion"},{"floor":31,"key":"Swift Potion"},{"floor":35,"key":"Adrenaline Potion"},{"floor":36,"key":"Energy Potion"},{"floor":38,"key":"Explosive Potion"},{"floor":38,"key":"ColorlessPotion"},{"floor":39,"key":"GhostInAJar"},{"floor":39,"key":"Swift Potion"}],"is_trial":false,"path_per_floor":["M","M","M","?","$","E","M","E","T","E","?","M","$","M","R","B",null,"M","?","$","M","?","E","$","E","T","?","E","$","R","M","R","B",null,"M","M","$","M","?","E","R","?","T","E","R","M","$","T","R","B",null],"character_chosen":"THE_SILENT","items_purchased":["Infinite Blades","Draining Mist","Deadly Poison","Quick Slash","Replay:Wax Seal","Pantograph","Deflect","Escape Plan","Violence","Dagger Spray","DollysMirror","Lizard Tail","Noxious Fumes","Secret Technique","Dark Shackles","Juzu Bracelet","Bane","Chrysalis","Malaise","PrismaticShard","Tiny Chest","Noxious Fumes","Apotheosis","Replay:Baseball","Lee\u0027s Waffle","Finisher","Deflect","Acrobatics+1","Prepared+1","Incense Burner","Slice","Outmaneuver+1","Kunai","Strawberry","Finesse+1","Master of Strategy+1"],"campfire_rested":0,"item_purchase_floors":[5,5,5,5,13,13,13,13,13,13,20,20,20,20,20,20,24,24,24,24,24,29,29,29,29,29,29,37,37,37,37,47,47,47,47,47],"current_hp_per_floor":[70,69,63,63,63,52,22,12,12,1,80,78,78,67,67,72,80,69,69,69,69,69,69,69,63,63,48,54,92,92,92,92,92,92,91,92,92,91,91,92,92,92,92,85,85,91,98,98,98,90],"gold":414,"neow_bonus":"RANDOM_COMMON_RELIC","is_daily":false,"chose_seed":false,"campfire_upgraded":8,"win_rate":0.0,"timestamp":1613303653,"path_taken":["M","M","M","?","$","E","M","E","T","E","?","M","$","M","R","BOSS","M","?","$","M","?","E","$","E","T","?","E","$","R","M","R","BOSS","M","M","$","M","?","E","R","?","T","E","R","M","$","?","R","BOSS"],"items_purchased_type":["Card","Card","Card","Card","Relic","Relic","Card","Card","Card","Card","Relic","Relic","Card","Card","Card","Relic","Card","Card","Card","Relic","Relic","Card","Card","Relic","Relic","Card","Card","Card","Card","Relic","Card","Card","Relic","Relic","Card","Card"],"build_version":"2020-12-22","purchased_purges":14,"victory":true,"max_hp_per_floor":[70,70,70,70,70,70,70,70,70,70,80,80,80,80,80,80,80,80,80,80,80,80,80,80,80,80,85,85,92,92,92,92,92,92,92,92,92,92,92,92,92,92,92,92,92,92,99,99,99,99],"card_choices":[{"not_picked":["All Out Attack","Outmaneuver"],"picked":"Prepared","floor":1},{"not_picked":["Riddle With Holes","Deflect"],"picked":"Hidden Blade","floor":2},{"not_picked":["Dagger Spray","Reflex"],"picked":"Blade Dance","floor":3},{"not_picked":["Bane","ReplayTheSpireMod:Speed Training"],"picked":"Acrobatics","floor":6},{"not_picked":["Flying Knee","Outmaneuver"],"picked":"ReplayTheSpireMod:From All Sides","floor":7},{"not_picked":["Hidden Blade","Footwork"],"picked":"PiercingWail","floor":8},{"not_picked":["Calculated Gamble","Deflect"],"picked":"Dagger Throw","floor":10},{"not_picked":["Slice","Deadly Poison"],"picked":"Hidden Blade","floor":12},{"not_picked":["Draining Mist","Quick Slash"],"picked":"Backflip","floor":14},{"not_picked":["Phantasmal Killer","ReplayTheSpireMod:From All Sides"],"picked":"After Image","floor":16},{"not_picked":["Backstab","Backflip"],"picked":"Catalyst+1","floor":18},{"not_picked":["Choke","Prepared"],"picked":"Leg Sweep","floor":21},{"not_picked":["Dagger Throw","Outmaneuver"],"picked":"Bane","floor":23},{"not_picked":["Protect","Replay:Undeath\u0027s Touch"],"picked":"Bandage Up+1","floor":25},{"not_picked":["Havoc","HandOfGreed","Rupture+1"],"picked":"SKIP","floor":28},{"not_picked":["Ball Lightning","Shockwave+1","Anger+1"],"picked":"SKIP","floor":31},{"not_picked":["All For One","Thunder Strike"],"picked":"Secret Weapon+1","floor":33},{"not_picked":["WreathOfFlame+1","EmptyFist"],"picked":"ReplayTheSpireMod:Private Reserves+1","floor":35},{"not_picked":["Beam Cell","Warcry+1"],"picked":"Dark Embrace","floor":36},{"not_picked":["Rampage+1","CutThroughFate+1"],"picked":"Panache","floor":38},{"not_picked":["BasicCrystalCard+1","Dodge and Roll+1"],"picked":"Noxious Fumes","floor":39},{"not_picked":["Dagger Throw","Blade Dance+1"],"picked":"Blind+1","floor":40},{"not_picked":["Heavy Blade+1","Backflip+1","Thunder Strike+1"],"picked":"SKIP","floor":44},{"not_picked":["Clothesline+1","Hidden Blade+1"],"picked":"Sweeping Beam+1","floor":46}],"player_experience":69251,"relics_obtained":[{"floor":6,"key":"Ancient Tea Set"},{"floor":8,"key":"Bag of Marbles"},{"floor":9,"key":"Bag of Preparation"},{"floor":10,"key":"Replay:Arrowhead"},{"floor":23,"key":"Nunchaku"},{"floor":25,"key":"ReplayTheSpireMod:Lightbulb"},{"floor":26,"key":"Tough Bandages"},{"floor":28,"key":"Byrd Skull"},{"floor":40,"key":"Replay:Bottled Steam"},{"floor":43,"key":"Peace Pipe"},{"floor":44,"key":"Molten Egg 2"},{"floor":48,"key":"The Specimen"}],"event_choices":[{"damage_healed":0,"gold_gain":0,"player_choice":"Leave","damage_taken":0,"max_hp_gain":0,"max_hp_loss":0,"event_name":"The Cleric","floor":4,"gold_loss":0},{"cards_removed":["ReplayTheSpireMod:From All Sides"],"damage_healed":69,"gold_gain":0,"player_choice":"Offered Rare","damage_taken":0,"max_hp_gain":10,"max_hp_loss":0,"event_name":"Bonfire Elementals","floor":11,"gold_loss":0},{"damage_healed":0,"gold_gain":0,"player_choice":"Cursed","damage_taken":0,"max_hp_gain":0,"max_hp_loss":0,"event_name":"Wheel of Change","floor":19,"gold_loss":0,"cards_obtained":["Decay"]},{"damage_healed":0,"gold_gain":99,"player_choice":"Stole From Cult","damage_taken":0,"max_hp_gain":0,"max_hp_loss":0,"event_name":"Nest","floor":22,"gold_loss":0},{"damage_healed":0,"gold_gain":0,"player_choice":"Shed Blood","damage_taken":20,"max_hp_gain":5,"max_hp_loss":0,"event_name":"Forgotten Altar","floor":27,"gold_loss":0},{"damage_healed":0,"gold_gain":275,"player_choice":"Desecrate","damage_taken":0,"max_hp_gain":0,"max_hp_loss":0,"event_name":"Golden Shrine","floor":42,"gold_loss":0,"cards_obtained":["Regret"]}],"is_beta":false,"boss_relics":[{"not_picked":["Empty Cage","Kintsugi"],"picked":"Cursed Key"},{"not_picked":["Honey Jar","Snecko Eye"],"picked":"Replay:Wanted Poster"}],"items_purged_floors":[5,5,5,5,13,13,20,20,24,29,29,29,37,37],"is_endless":false,"potions_floor_spawned":[1,6,7,7,8,8,10,10,14,14,16,18,18,21,23,25,25,28,31,31,33,35,36,38,38,44,44,46,46,46],"ascension_level":2}}