{"host":"qdclwaeybsqc6q1a","time":1613269149,"event":{"mods":["AchievementEnabler","Act Like it!","BaseMod","Colored Map","Colored Powertips","Hallownest","Hubris","Humility","Infinite Spire","Minty Spire (QoL Compilation)","Rare Cards Sparkle","Reliquary","Spikes Relics","StSLib"],"gold_per_floor":[119,30,41,61,76,76,108,121,146,146,181,66,94,123,135,245,257,283,308,23,91,91,91,91,91],"floor_reached":24,"language":"POL","playtime":1328,"items_purged":[],"score":246,"play_id":"6b42f0cf-2cc6-4e60-aa65-18a7c8a4bf6f","local_time":"20210214031909","is_ascension_mode":true,"campfire_choices":[{"floor":6.0,"key":"RECALL"},{"data":"Buffer","floor":10.0,"key":"SMITH"},{"floor":15.0,"key":"REST"},{"floor":23,"key":"REST"}],"circlet_count":0,"master_deck":["Strike_B","Strike_B","Strike_B","Strike_B","Defend_B","Defend_B","Defend_B","Defend_B","Zap","Dualcast","Ball Lightning","Dramatic Entrance","Stack","Static Discharge","Beam Cell","RefreshScreen","Buffer+1","Aggregate","All For One","Loop","Electrodynamics","RefreshScreen","Conserve Battery","Leap","Loop","Ball Lightning"],"relics":["Cracked Core","NeowsBlessing","Potion Belt","reliquary:TuningFork","Odd Mushroom","MawBank","Nuclear Battery","Sling","Vajra"],"acts_visited":["Hallownest:Greenpath","Hallownest:CityofTears"],"potions_floor_usage":[],"damage_taken":[{"damage":0.0,"enemies":"Hallownest:monsterHuskGuard","floor":1.0,"turns":1.0},{"damage":0.0,"enemies":"Hallownest:2_MossCreeps","floor":3.0,"turns":1.0},{"damage":0.0,"enemies":"Hallownest:2_Baldur","floor":4.0,"turns":1.0},{"damage":7.0,"enemies":"Hallownest:monsterFoolEater","floor":5.0,"turns":4.0},{"damage":7.0,"enemies":"Hallownest:eliteVengeflyKing","floor":7.0,"turns":7.0},{"damage":0.0,"enemies":"Hallownest:monsterMossCharger","floor":8.0,"turns":3.0},{"damage":6.0,"enemies":"Hallownest:eliteMossKnight","floor":11.0,"turns":4.0},{"damage":16.0,"enemies":"Hallownest:eliteCrystalGuardian","floor":13.0,"turns":6.0},{"damage":23.0,"enemies":"Hallownest:1_Ooma_and_2_Uuma","floor":14.0,"turns":5.0},{"damage":58.0,"enemies":"Hallownest:BossHornet","floor":16.0,"turns":11.0},{"damage":15.0,"enemies":"Hallownest:3_Youths","floor":18.0,"turns":4.0},{"damage":28.0,"enemies":"Hallownest:Guard_and_Sentry","floor":19.0,"turns":5.0},{"damage":28,"enemies":"Hallownest:Glutton_and_Coward","floor":21,"turns":4},{"damage":43,"enemies":"Hallownest:eliteSoulWarrior","floor":24,"turns":5}],"seed_played":"-3399376018116444901","potions_obtained":[{"floor":3.0,"key":"FairyPotion"},{"floor":7.0,"key":"EssenceOfDarkness"},{"floor":14.0,"key":"SkillPotion"},{"floor":19.0,"key":"Ancient Potion"}],"is_trial":false,"path_per_floor":["M","$","M","M","M","R","E","M","T","R","E","?","E","M","R","B",null,"M","M","$","M","?","R","E"],"character_chosen":"DEFECT","items_purchased":["Dramatic Entrance","Sling","Vajra"],"campfire_rested":2,"item_purchase_floors":[2,20,20],"current_hp_per_floor":[75,75,75,75,68,68,61,61,61,61,55,55,39,16,38,5,75,60,32,32,4,4,26,0,0],"gold":91,"neow_bonus":"THREE_ENEMY_KILL","is_daily":false,"chose_seed":false,"campfire_upgraded":1,"win_rate":0.0,"timestamp":1613269149,"path_taken":["M","$","M","M","M","R","E","M","T","R","E","?","E","M","R","BOSS","M","M","$","M","?","R","E"],"items_purchased_type":["Card","Relic","Relic"],"build_version":"2020-12-22","purchased_purges":0,"victory":false,"max_hp_per_floor":[75,75,75,75,75,75,75,75,75,75,75,75,75,75,75,75,75,75,75,75,75,75,75,75,75],"card_choices":[{"not_picked":["Cold Snap","Leap"],"picked":"Ball Lightning","floor":1.0},{"not_picked":["Hologram","Turbo"],"picked":"Stack","floor":3.0},{"not_picked":["Steam","Recycle"],"picked":"Static Discharge","floor":4.0},{"not_picked":["Stack","Heatsinks"],"picked":"Beam Cell","floor":5.0},{"not_picked":["Conserve Battery","Leap"],"picked":"RefreshScreen","floor":7.0},{"not_picked":["Cold Snap","Stack"],"picked":"Buffer","floor":8.0},{"not_picked":["Turbo","Coolheaded"],"picked":"Aggregate","floor":11.0},{"not_picked":["Hologram","Stack"],"picked":"All For One","floor":13.0},{"not_picked":["Reprogram","Coolheaded"],"picked":"Loop","floor":14.0},{"not_picked":["Biased Cognition","Reboot"],"picked":"Electrodynamics","floor":16.0},{"not_picked":["Streamline+1","Coolheaded+1"],"picked":"RefreshScreen","floor":18.0},{"not_picked":["Go for the Eyes","Stack"],"picked":"Conserve Battery","floor":19.0},{"not_picked":["Rip and Tear+1","Blizzard"],"picked":"Leap","floor":21},{"not_picked":["Compile Driver+1","Streamline+1"],"picked":"Loop","floor":22},{"not_picked":["Compile Driver","Cold Snap"],"picked":"Ball Lightning","floor":22}],"player_experience":286110,"relics_obtained":[{"floor":7.0,"key":"Potion Belt"},{"floor":11.0,"key":"reliquary:TuningFork"},{"floor":13.0,"key":"MawBank"}],"event_choices":[],"is_beta":false,"boss_relics":[{"not_picked":["Inserter","reliquary:Craggleroot"],"picked":"Nuclear Battery"}],"items_purged_floors":[],"is_endless":false,"potions_floor_spawned":[3,7,14,19],"killed_by":"Hallownest:eliteSoulWarrior","ascension_level":3,"is_humility":true}}