{"host":"sav7uxregyirlf69","time":1613346659,"event":{"mods":["AchievementEnabler","BaseMod","Colored Map","DeckTracker","Keyboard Shortcuts","Minty Spire (QoL Compilation)","READ ME - Guardian Mod","StSLib","SuperFastMode"],"gold_per_floor":[211,211,223,148,148,181,92,92,160,180,196,196,218,12,12,91,91,106,106,86,97,117,117,117,117,117,117,131,148,164,180,180,180,180],"floor_reached":33,"language":"KOR","playtime":652,"items_purged":["Pain","Strike_B"],"score":594,"play_id":"5cb28a23-ac7a-4446-8588-a3bf90309c5a","local_time":"20210215085059","is_ascension_mode":true,"campfire_choices":[{"data":"Defragment","floor":8,"key":"SMITH"},{"floor":12,"key":"REST"},{"data":"Go for the Eyes","floor":15,"key":"SMITH"},{"floor":23,"key":"REST"},{"floor":27,"key":"REST"},{"floor":32,"key":"REST"}],"circlet_count":0,"master_deck":["AscendersBane","Strike_B","Defend_B","Defend_B","Defend_B","Defend_B","Zap","Dualcast","Chill","Ball Lightning","Go for the Eyes+1","Defragment+1","Capacitor+1","Barrage","Cold Snap","Compile Driver","Coolheaded","Self Repair","Chill"],"relics":["Cracked Core","WarpedTongs","The Courier","Turnip","InkBottle","Odd Mushroom","TheAbacus","Empty Cage","Gremlin Horn"],"acts_visited":["Exordium","TheCity"],"potions_floor_usage":[6,22,29,30,31],"damage_taken":[{"damage":2,"enemies":"Jaw Worm","floor":1,"turns":4},{"damage":2,"enemies":"Cultist","floor":3,"turns":3},{"damage":34,"enemies":"Gremlin Nob","floor":6,"turns":4},{"damage":11,"enemies":"2 Louse","floor":10,"turns":3},{"damage":7,"enemies":"Looter","floor":11,"turns":3},{"damage":20,"enemies":"The Mushroom Lair","floor":13,"turns":5},{"damage":0,"enemies":"Hexaghost","floor":16,"turns":8},{"damage":23,"enemies":"3 Byrds","floor":18,"turns":6},{"damage":3,"enemies":"Spheric Guardian","floor":21,"turns":4},{"damage":15,"enemies":"Shelled Parasite and Fungi","floor":22,"turns":6},{"damage":7,"enemies":"Cultist and Chosen","floor":28,"turns":6},{"damage":17,"enemies":"Snake Plant","floor":29,"turns":5},{"damage":8,"enemies":"3 Cultists","floor":30,"turns":5},{"damage":10,"enemies":"Sentry and Sphere","floor":31,"turns":6},{"damage":45,"enemies":"Collector","floor":33,"turns":7}],"seed_played":"-5135653734255010764","potions_obtained":[{"floor":1,"key":"BlessingOfTheForge"},{"floor":3,"key":"CultistPotion"},{"floor":6,"key":"SneckoOil"},{"floor":20,"key":"Weak Potion"},{"floor":28,"key":"Weak Potion"},{"floor":30,"key":"ColorlessPotion"}],"is_trial":false,"path_per_floor":["M","?","M","$","T","E","$","R","T","M","M","R","?","$","R","B",null,"M","?","?","M","M","R","?","?","T","R","M","M","M","M","R","B"],"character_chosen":"DEFECT","items_purchased":["Defragment","Capacitor","TheAbacus"],"campfire_rested":4,"item_purchase_floors":[7,7,14],"current_hp_per_floor":[62,62,60,60,60,26,26,26,26,15,8,29,9,9,9,9,56,33,33,33,30,15,36,16,16,16,38,31,14,13,10,32,0,0],"gold":180,"neow_bonus":"HUNDRED_GOLD","is_daily":false,"chose_seed":false,"campfire_upgraded":2,"win_rate":0.0,"timestamp":1613346659,"path_taken":["M","?","M","$","?","E","?","R","T","M","M","R","?","?","R","BOSS","M","?","?","?","M","R","?","?","T","R","M","M","M","?","R","BOSS"],"items_purchased_type":["Card","Card","Relic"],"build_version":"2020-12-22","purchased_purges":2,"victory":false,"max_hp_per_floor":[71,71,71,71,71,71,71,71,71,71,71,71,71,71,71,71,71,71,71,71,71,71,71,76,76,76,76,76,76,76,76,76,76,76],"card_choices":[{"not_picked":["Rebound","Redo"],"picked":"Chill","floor":1},{"not_picked":["BootSequence","Fusion"],"picked":"Ball Lightning","floor":3},{"not_picked":["Beam Cell","Conserve Battery"],"picked":"Go for the Eyes","floor":6},{"not_picked":["Barrage","Gash","Rebound"],"picked":"SKIP","floor":10},{"not_picked":["Gash","Rebound"],"picked":"Barrage","floor":10},{"not_picked":["Heatsinks","Fusion"],"picked":"Cold Snap","floor":11},{"not_picked":["Stack","Turbo"],"picked":"Compile Driver","floor":18},{"not_picked":["Steam","Compile Driver"],"picked":"Coolheaded","floor":21},{"not_picked":["Stack","Gash","Go for the Eyes"],"picked":"SKIP","floor":22},{"not_picked":["All For One","Sweeping Beam","Barrage"],"picked":"SKIP","floor":28},{"not_picked":["Turbo","Beam Cell+1"],"picked":"Self Repair","floor":29},{"not_picked":["Compile Driver","Scrape","Redo"],"picked":"SKIP","floor":30},{"not_picked":["Skim","Sweeping Beam"],"picked":"Chill","floor":31}],"player_experience":1574519,"relics_obtained":[{"floor":5,"key":"The Courier"},{"floor":6,"key":"Turnip"},{"floor":9,"key":"InkBottle"},{"floor":13,"key":"Odd Mushroom"},{"floor":26,"key":"Gremlin Horn"}],"event_choices":[{"damage_healed":0,"gold_gain":0,"player_choice":"Rummage","damage_taken":0,"relics_obtained":["WarpedTongs"],"max_hp_gain":0,"max_hp_loss":0,"event_name":"Accursed Blacksmith","floor":2,"gold_loss":0,"cards_obtained":["Pain"]},{"damage_healed":0,"gold_gain":0,"player_choice":"Fought Mushrooms","damage_taken":0,"max_hp_gain":0,"max_hp_loss":0,"event_name":"Mushrooms","floor":13,"gold_loss":0},{"damage_healed":0,"gold_gain":0,"player_choice":"Ignored","damage_taken":0,"max_hp_gain":0,"max_hp_loss":0,"event_name":"Ghosts","floor":19,"gold_loss":0},{"damage_healed":0,"gold_gain":0,"player_choice":"Bought 1 Potion","damage_taken":0,"max_hp_gain":0,"max_hp_loss":0,"event_name":"The Woman in Blue","floor":20,"gold_loss":0},{"damage_healed":0,"gold_gain":0,"player_choice":"Shed Blood","damage_taken":25,"max_hp_gain":5,"max_hp_loss":0,"event_name":"Forgotten Altar","floor":24,"gold_loss":0},{"damage_healed":0,"gold_gain":0,"player_choice":"Upgraded","damage_taken":0,"max_hp_gain":0,"max_hp_loss":0,"event_name":"Upgrade Shrine","floor":25,"gold_loss":0,"cards_upgraded":["Capacitor"]}],"is_beta":false,"boss_relics":[{"not_picked":["Cursed Key","Inserter"],"picked":"Empty Cage"}],"items_purged_floors":[4,14],"is_endless":false,"potions_floor_spawned":[1,3,6,28,30],"killed_by":"Collector","ascension_level":20}}