{"host":"178rghtqlvp3zue2","time":1613268562,"event":{"mods":["2.2 Compatiblity","AchievementEnabler","BaseMod","DeckTracker","Minty Spire (QoL Compilation)","Quick Restart","SuperFastMode","The Servant 0.9.4"],"gold_per_floor":[115,115,126,126,145,175,185,213,213,213,232,232,251,265,265,389,389,405,405,92,112,132,132,132,132],"floor_reached":24,"language":"KOR","playtime":1155,"items_purged":[],"score":246,"play_id":"e328d5b8-4ff3-45c0-b8bb-099ab55b55ee","local_time":"20210214110922","is_ascension_mode":true,"campfire_choices":[{"floor":12,"key":"REST"},{"floor":15,"key":"REST"},{"data":"Embodiment","floor":23,"key":"SMITH"}],"circlet_count":0,"master_deck":["Strike_S+1","Strike_S+1","Strike_S+1","Defend_S+1","Defend_S+1","Defend_S+1","Defend_S+1","KidneyShot","Exchange","Spin","DualDimension","SurpressingFire","Ricochet","Revamp","Rearm","BottledTime","Moondial","Replace","FastForward","Embodiment+1","Contraction","Manipulate","SilverBlades"],"relics":["Uniform","NeowsBlessing","Mango","Bottled Flame","CaptainsWheel","Golden Idol","Black Star","Bird Faced Urn"],"acts_visited":["Exordium","TheCity"],"potions_floor_usage":[1,16,16,22],"damage_taken":[{"damage":0,"enemies":"Cultist","floor":1,"turns":1},{"damage":0,"enemies":"Small Slimes","floor":3,"turns":1},{"damage":0,"enemies":"Jaw Worm","floor":5,"turns":1},{"damage":27,"enemies":"3 Sentries","floor":6,"turns":5},{"damage":0,"enemies":"3 Louse","floor":7,"turns":2},{"damage":34,"enemies":"Lagavulin","floor":8,"turns":12},{"damage":0,"enemies":"Gremlin Gang","floor":11,"turns":4},{"damage":0,"enemies":"2 Fungi Beasts","floor":13,"turns":2},{"damage":13,"enemies":"Large Slime","floor":14,"turns":3},{"damage":31,"enemies":"The Guardian","floor":16,"turns":21},{"damage":0,"enemies":"3 Byrds","floor":18,"turns":3},{"damage":24,"enemies":"2 Thieves","floor":21,"turns":4},{"damage":8,"enemies":"3 Cultists","floor":22,"turns":5},{"damage":78,"enemies":"Gremlin Leader","floor":24,"turns":13}],"seed_played":"3633922800009675897","potions_obtained":[{"floor":1,"key":"Fruit Juice"},{"floor":7,"key":"DistilledChaos"},{"floor":11,"key":"FearPotion"},{"floor":13,"key":"Strength Potion"},{"floor":16,"key":"BlessingOfTheForge"}],"is_trial":false,"path_per_floor":["M","$","M","?","M","E","M","E","T","?","M","R","M","M","R","B",null,"M","?","$","M","M","R","E"],"character_chosen":"THE_SERVANT","items_purchased":["Bird Faced Urn"],"campfire_rested":2,"item_purchase_floors":[20],"current_hp_per_floor":[70,70,70,70,70,57,57,23,23,2,2,27,27,14,39,8,84,84,84,84,62,58,58,0,0],"gold":132,"neow_bonus":"THREE_ENEMY_KILL","is_daily":false,"chose_seed":false,"campfire_upgraded":1,"win_rate":0.0,"timestamp":1613268562,"path_taken":["M","?","M","?","?","E","M","E","T","?","M","R","M","M","R","BOSS","M","?","$","M","M","R","E"],"items_purchased_type":["Relic"],"build_version":"2020-12-22","purchased_purges":0,"victory":false,"max_hp_per_floor":[70,70,70,70,70,84,84,84,84,84,84,84,84,84,84,84,84,84,84,84,84,84,84,84,84],"card_choices":[{"not_picked":["BottledTime","RealityMarble"],"picked":"Spin","floor":1},{"not_picked":["Alleviate","DoubleEdge"],"picked":"DualDimension","floor":3},{"not_picked":["Unruled","ShatteredReality"],"picked":"Ricochet","floor":5},{"not_picked":["DoubleEdge","Unruled"],"picked":"Revamp","floor":6},{"not_picked":["TimeWarp","BottledTime"],"picked":"Rearm","floor":7},{"not_picked":["PendulumOfEternity","Spin"],"picked":"BottledTime","floor":8},{"not_picked":["ShiftingGears","Defy"],"picked":"Moondial","floor":11},{"not_picked":["ReturningBlade","Ricochet"],"picked":"Replace","floor":13},{"not_picked":["Starlight","Replace"],"picked":"FastForward","floor":14},{"not_picked":["Sunlight","PendulumOfEternity"],"picked":"Embodiment","floor":16},{"not_picked":["Ricochet+1","ReturningBlade"],"picked":"Contraction","floor":18},{"not_picked":["Spin+1","RealityMarble"],"picked":"Manipulate","floor":21},{"not_picked":["Rewind","FanOfKnives"],"picked":"SilverBlades","floor":22}],"player_experience":273956,"relics_obtained":[{"floor":6,"key":"Mango"},{"floor":8,"key":"Bottled Flame"},{"floor":9,"key":"CaptainsWheel"}],"event_choices":[{"damage_healed":0,"gold_gain":0,"cards_transformed":["Strike_S"],"player_choice":"Transformed","damage_taken":0,"max_hp_gain":0,"max_hp_loss":0,"event_name":"Transmorgrifier","floor":4,"gold_loss":0,"cards_obtained":["SurpressingFire"]},{"damage_healed":0,"gold_gain":0,"player_choice":"Take Damage","damage_taken":21,"relics_obtained":["Golden Idol"],"max_hp_gain":0,"max_hp_loss":0,"event_name":"Golden Idol","floor":10,"gold_loss":0},{"damage_healed":0,"gold_gain":0,"player_choice":"Simplicity","damage_taken":0,"max_hp_gain":0,"max_hp_loss":0,"event_name":"Back to Basics","floor":19,"gold_loss":0,"cards_upgraded":["Strike_S","Strike_S","Strike_S","Defend_S","Defend_S","Defend_S","Defend_S"]}],"is_beta":false,"boss_relics":[{"not_picked":["SacredBark","Fusion Hammer"],"picked":"Black Star"}],"items_purged_floors":[],"is_endless":false,"potions_floor_spawned":[1,7,11,13,16],"killed_by":"Gremlin Leader","ascension_level":1}}