{"host":"5oe6e4b9xi36nq9o","time":1613341421,"event":{"mods":["2.2 Compatiblity","AchievementEnabler","Aspiration","Bard","BaseMod","Better Altar","Better Match","Better Note","Better Sensory Stone","Better Skull","Better Third Choice","BetterRewards","Block Reminder","Colored Powertips","Conspire","Downfall","Energized Spire","Hermit","Highlight Path","Hubris","Infinite Spire","Ironclad Rager","Jedi Mod","Minty Spire (QoL Compilation)","Permanent Neow","Quick Restart","Random Character Button","Random Character Mod","Rare Cards Sparkle","Relic Stats","Replay The Spire","StSLib","The Construct","The Hierophant"],"gold_per_floor":[99,109,209,229,248,55,55,65,65,85,70,70,99,123,142,240,240,240,240,240,259,278,295,375,385,53,53,53,66,66,97,112,112,112,112],"floor_reached":33,"language":"ENG","playtime":6731,"items_purged":["downfall:Bewildered"],"score":294,"play_id":"88f480cc-b2a9-4896-bea3-ff4da91d7e97","local_time":"20210214202341","is_ascension_mode":false,"campfire_choices":[{"data":"champ:Taunt","floor":1,"key":"SMITH"},{"data":"champ:StanceDance","floor":12,"key":"SMITH"},{"data":"champ:PerfectedStrike","floor":18,"key":"SMITH"},{"data":"champ:GladiatorForm","floor":28,"key":"SMITH"},{"data":"Pot Of Greed","floor":30,"key":"SMITH"}],"circlet_count":0,"master_deck":["champ:Strike","champ:Strike","champ:Strike","champ:Strike","champ:Defend","champ:Defend","champ:Defend","champ:Defend","champ:Execute","champ:Taunt+1","champ:CheapShot","champ:FocusedBerserking","champ:EnGarde","champ:TornadoPunch","champ:FancyFootwork","champ:IronFortress","expansioncontent:StudyTheSpire","champ:StanceDance+1","champ:FlashCut","champ:SkillfulDodge","champ:PreciseThrust","Pot Of Greed","Pot Of Greed+1","champ:PerfectedStrike+1","champ:FlashCut","champ:VampiricStrike","Pot Of Greed","champ:PerfectedStrike+1","champ:FanOfKnives","champ:RisingSlash+1","champ:ShieldSlam+1","champ:GladiatorForm+1","Finesse","champ:AdrenalArmor+1","champ:VampiricStrike"],"relics":["champ:ChampionCrown","ReplayTheSpireMod:CursedCoin","aspiration:HummingbirdHeart","Grinning Jar","infinitespire:PuzzleCube","hubris:Backtick","hubris:OldNail","Meat on the Bone","jedi:bottledfury","champ:BerserkersGuideToSlaughter","Iron Hammer"],"acts_visited":["Exordium","TheCity"],"potions_floor_usage":[5,21,31,32,33,33],"damage_taken":[{"damage":10,"enemies":"2 Louse","floor":2,"turns":2},{"damage":25,"enemies":"Cultist","floor":4,"turns":4},{"damage":11,"enemies":"Jaw Worm","floor":5,"turns":3},{"damage":20,"enemies":"downfall:FleeingMerchant","floor":6,"turns":5},{"damage":20,"enemies":"Blue Slaver","floor":8,"turns":5},{"damage":7,"enemies":"Red Slaver","floor":10,"turns":3},{"damage":50,"enemies":"downfall:FleeingMerchant","floor":11,"turns":5},{"damage":23,"enemies":"3 Sentries","floor":13,"turns":6},{"damage":0,"enemies":"2 Fungi Beasts","floor":15,"turns":3},{"damage":27,"enemies":"SI_SHIV_ARCHETYPE","floor":16,"turns":9},{"damage":0,"enemies":"Chosen","floor":19,"turns":1},{"damage":5,"enemies":"conspire:FuzzyDice","floor":21,"turns":4},{"damage":22,"enemies":"Snecko","floor":22,"turns":6},{"damage":7,"enemies":"Centurion and Healer","floor":23,"turns":4},{"damage":0,"enemies":"Snake Plant","floor":25,"turns":4},{"damage":0,"enemies":"downfall:FleeingMerchant","floor":26,"turns":5},{"damage":13,"enemies":"conspire:HollyBat","floor":29,"turns":8},{"damage":22,"enemies":"Book of Stabbing","floor":31,"turns":6},{"damage":0,"enemies":"Shelled Parasite and Fungi","floor":32,"turns":4},{"damage":93,"enemies":"DF_ARCHETYPE_CLAW","floor":33,"turns":9}],"seed_played":"-1777421236667173545","potions_obtained":[{"floor":4,"key":"ColorlessPotion"},{"floor":10,"key":"hexamod:SoulburnPotion"},{"floor":15,"key":"SteroidPotion"},{"floor":16,"key":"SneckoOil"},{"floor":23,"key":"Regen Potion"},{"floor":31,"key":"Explosive Potion"}],"is_trial":false,"path_per_floor":["R","M","?","M","M","$","T","M","?","M","$","R","E","T","M","B",null,"R","M","T","M","M","M","T","M","$","?","R","M","R","E","M","B"],"character_chosen":"THE_CHAMP","items_purchased":["champ:IronFortress","ReplayTheSpireMod:CursedCoin","expansioncontent:StudyTheSpire","champ:StanceDance","champ:GladiatorForm","champ:BerserkersGuideToSlaughter"],"campfire_rested":0,"item_purchase_floors":[6,6,6,6,26,26],"current_hp_per_floor":[90,90,90,90,89,89,89,89,89,82,72,72,69,69,69,47,90,90,90,90,90,68,61,61,61,61,61,61,68,68,46,56,0,0,0],"gold":112,"neow_bonus":"ONE_RANDOM_RARE_CARD","is_daily":false,"chose_seed":false,"campfire_upgraded":5,"win_rate":0.0,"timestamp":1613341421,"path_taken":["R","M","?","M","?","$","T","M","?","M","$","R","E","?","M","BOSS","R","M","?","M","M","M","T","M","$","?","R","?","R","E","M","BOSS"],"items_purchased_type":["Card","Relic","Card","Card","Card","Relic"],"build_version":"2020-12-22","purchased_purges":1,"victory":false,"max_hp_per_floor":[90,90,90,90,90,90,90,90,90,90,90,90,90,90,90,90,90,90,90,90,90,90,90,90,90,90,90,90,90,90,90,90,90,90,90],"relic_stats":{"counters":[20,96],"obtain_stats":[{"downfall:BrokenWingStatue":9,"hubris:Backtick":17,"ReplayTheSpireMod:CursedCoin":6,"champ:ChampionCrown":0,"Iron Hammer":31,"aspiration:HummingbirdHeart":7,"jedi:bottledfury":24,"champ:BerserkersGuideToSlaughter":26,"Grinning Jar":13,"infinitespire:PuzzleCube":14,"hubris:OldNail":17,"Meat on the Bone":20},{"downfall:BrokenWingStatue":5,"hubris:Backtick":10,"ReplayTheSpireMod:CursedCoin":4,"champ:ChampionCrown":0,"Iron Hammer":18,"aspiration:HummingbirdHeart":4,"jedi:bottledfury":14,"champ:BerserkersGuideToSlaughter":16,"Grinning Jar":8,"infinitespire:PuzzleCube":8,"hubris:OldNail":10,"Meat on the Bone":11},{"downfall:BrokenWingStatue":19,"hubris:Backtick":45,"ReplayTheSpireMod:CursedCoin":14,"champ:ChampionCrown":0,"Iron Hammer":83,"aspiration:HummingbirdHeart":14,"jedi:bottledfury":60,"champ:BerserkersGuideToSlaughter":69,"Grinning Jar":33,"infinitespire:PuzzleCube":33,"hubris:OldNail":45,"Meat on the Bone":46}],"Meat on the Bone":0},"card_choices":[{"not_picked":["champ:HeartStrike","champ:FanOfKnives"],"picked":"champ:FocusedBerserking","floor":2},{"not_picked":["champ:Circumvent","champ:CrownThrow"],"picked":"champ:EnGarde","floor":4},{"not_picked":["champ:AdrenalArmor","champ:PerfectedStrike"],"picked":"champ:TornadoPunch","floor":5},{"not_picked":["champ:CheapShot","champ:Shatter"],"picked":"champ:FancyFootwork","floor":6},{"not_picked":["champ:BladeFlurry","champ:EnGarde"],"picked":"champ:FlashCut","floor":8},{"not_picked":["champ:Shatter","champ:IronFortress"],"picked":"champ:SkillfulDodge","floor":10},{"not_picked":["champ:Haymaker","champ:FlashCut"],"picked":"champ:PreciseThrust","floor":11},{"not_picked":["champ:Haymaker","champ:BerserkersShout"],"picked":"champ:PerfectedStrike","floor":13},{"not_picked":["champ:PerfectedStrike","champ:PreciseThrust"],"picked":"champ:FlashCut","floor":15},{"not_picked":["champ:CheapShot","champ:DancingMaster"],"picked":"champ:VampiricStrike","floor":16},{"not_picked":["champ:EnGarde","champ:Backstep+1"],"picked":"champ:PerfectedStrike+1","floor":19},{"not_picked":["champ:Backstep","champ:Duel+1"],"picked":"champ:FanOfKnives","floor":21},{"not_picked":["champ:FocusedBerserking","champ:RisingSlash","champ:CrownThrow"],"picked":"SKIP","floor":22},{"not_picked":["champ:Shatter","champ:TornadoPunch","champ:FalseCounter"],"picked":"SKIP","floor":23},{"not_picked":["champ:FlashCut+1","champ:Haymaker"],"picked":"champ:RisingSlash+1","floor":25},{"not_picked":["champ:FanOfKnives+1","champ:DefensiveShout"],"picked":"champ:ShieldSlam+1","floor":26},{"not_picked":["champ:Duel","champ:TornadoPunch+1"],"picked":"champ:AdrenalArmor+1","floor":29},{"not_picked":["champ:Haymaker","champ:FalseCounter"],"picked":"champ:VampiricStrike","floor":31},{"not_picked":["champ:Parry","champ:CrownThrow","champ:EnGarde"],"picked":"SKIP","floor":32}],"player_experience":1216238,"relics_obtained":[{"floor":7,"key":"aspiration:HummingbirdHeart"},{"floor":13,"key":"Grinning Jar"},{"floor":14,"key":"infinitespire:PuzzleCube"},{"floor":20,"key":"Meat on the Bone"},{"floor":24,"key":"jedi:bottledfury"},{"floor":31,"key":"Iron Hammer"}],"event_choices":[{"cards_removed":["Pot Of Greed"],"damage_healed":0,"gold_gain":0,"player_choice":"Take \u0026 Give","damage_taken":0,"max_hp_gain":0,"max_hp_loss":0,"event_name":"betterNote:BetterNote","floor":27,"gold_loss":0,"cards_obtained":["Finesse"]}],"is_beta":false,"boss_relics":[{"not_picked":["Empty Cage","infinitespire:Cupcake"],"picked":"hubris:Backtick"}],"items_purged_floors":[6],"is_endless":false,"potions_floor_spawned":[4,10,15,16,23,29,31],"killed_by":"DF_ARCHETYPE_CLAW","ascension_level":0}}