{"host":"9eblolo89h1d1ypp","time":1613330599,"event":{"mods":["BaseMod","Downfall","Highlight Path","Minty Spire (QoL Compilation)","StSLib"],"gold_per_floor":[119,194,194,194,40,75,75,106,130,140,152,152,162,179,179,277,277,287,306,306,156,170,170,183,216,216,216,236,236,21,21,21,120,120,138,39,55,74,74,74,106,106,106,106,30,0,13,24,24,24],"floor_reached":51,"language":"FRA","playtime":2505,"items_purged":["Shame"],"score":946,"play_id":"d201b625-c624-43b9-8d2e-228ae1660fbf","local_time":"20210214202319","is_ascension_mode":true,"campfire_choices":[{"data":"PathToVictory","floor":7.0,"key":"SMITH"},{"data":"JustLucky","floor":12.0,"key":"SMITH"},{"floor":15.0,"key":"REST"},{"data":"ForeignInfluence","floor":23.0,"key":"SMITH"},{"floor":29.0,"key":"REST"},{"floor":32.0,"key":"REST"},{"floor":40.0,"key":"REST"},{"data":"Wish","floor":42.0,"key":"SMITH"},{"floor":49.0,"key":"REST"}],"circlet_count":0,"master_deck":["Strike_P","Strike_P","Strike_P","Defend_P","Defend_P","Defend_P","Eruption+1","Vigilance","DeceiveReality","PathToVictory+1","Prostrate","FlurryOfBlows+1","EmptyFist","CutThroughFate","ThirdEye","JustLucky+1","FlurryOfBlows","EmptyBody","Establishment","Nirvana","PathToVictory+1","Discovery","FlurryOfBlows","FollowUp+1","ForeignInfluence+1","Pray+1","Prostrate+1","Consecrate+1","FearNoEvil","Crescendo","EmptyMind+1","BattleHymn","CarveReality","Protect","SignatureMove","Wish+1","Pray+1","FollowUp","Conclude+1","Parasite","CutThroughFate","Swift Strike","PathToVictory+1","downfall:Haunted","Worship+1","PathToVictory+1","PathToVictory+1"],"relics":["PureWater","NeowsBlessing","Whetstone","Regal Pillow","Centennial Puzzle","Cursed Key","Orrery","Bag of Preparation","CloakClasp","bronze:MakeshiftBattery","Toxic Egg 2","Ancient Tea Set","Red Mask"],"acts_visited":["Exordium","TheCity","TheBeyond"],"potions_floor_usage":[],"damage_taken":[{"damage":0.0,"enemies":"Cultist","floor":1.0,"turns":1.0},{"damage":0.0,"enemies":"3 Sentries","floor":6.0,"turns":2.0},{"damage":0.0,"enemies":"Lagavulin","floor":8.0,"turns":1.0},{"damage":0.0,"enemies":"2 Louse","floor":10.0,"turns":1.0},{"damage":0.0,"enemies":"Small Slimes","floor":11.0,"turns":1.0},{"damage":0.0,"enemies":"Exordium Wildlife","floor":13.0,"turns":3.0},{"damage":6.0,"enemies":"Exordium Thugs","floor":14.0,"turns":2.0},{"damage":42.0,"enemies":"Hexaghost","floor":16.0,"turns":9.0},{"damage":0.0,"enemies":"Chosen","floor":18.0,"turns":4.0},{"damage":12.0,"enemies":"Spheric Guardian","floor":19.0,"turns":4.0},{"damage":17.0,"enemies":"Snake Plant","floor":22.0,"turns":4.0},{"damage":40.0,"enemies":"Centurion and Healer","floor":24.0,"turns":5.0},{"damage":12.0,"enemies":"Slavers","floor":25.0,"turns":4.0},{"damage":4.0,"enemies":"Chosen and Byrds","floor":28.0,"turns":6.0},{"damage":19.0,"enemies":"Collector","floor":33.0,"turns":7.0},{"damage":0.0,"enemies":"3 Shapes","floor":35.0,"turns":4.0},{"damage":15.0,"enemies":"Orb Walker","floor":37.0,"turns":2.0},{"damage":14.0,"enemies":"Writhing Mass","floor":38.0,"turns":4.0},{"damage":23.0,"enemies":"Reptomancer","floor":41.0,"turns":3.0},{"damage":10.0,"enemies":"4 Shapes","floor":47.0,"turns":2.0},{"damage":13.0,"enemies":"Sphere and 2 Shapes","floor":48.0,"turns":3.0},{"damage":112,"enemies":"Donu and Deca","floor":50,"turns":8}],"seed_played":"-9098268238177015246","potions_obtained":[{"floor":1.0,"key":"Strength Potion"},{"floor":6.0,"key":"StancePotion"},{"floor":13.0,"key":"Regen Potion"},{"floor":16.0,"key":"LiquidMemories"},{"floor":25.0,"key":"ColorlessPotion"},{"floor":33.0,"key":"FairyPotion"},{"floor":37.0,"key":"FearPotion"},{"floor":38.0,"key":"SkillPotion"},{"floor":41.0,"key":"FairyPotion"}],"is_trial":false,"path_per_floor":["M","?","?","?","$","E","R","E","T","M","M","R","M","M","R","B",null,"M","M","?","$","M","R","M","E","T","?","M","R","$","?","R","B",null,"M","$","M","M","?","R","E","R","T","?","$","?","M","M","R","B",null],"character_chosen":"WATCHER","items_purchased":["PathToVictory","Prostrate","FlurryOfBlows","Orrery","BattleHymn","CarveReality","FollowUp","Protect","FollowUp","Worship+1"],"campfire_rested":5,"item_purchase_floors":[5,5,5,21,30,30,30,30,36,45],"current_hp_per_floor":[72,61,66,59,59,59,59,59,59,59,59,59,59,53,77,35,77,77,65,65,65,48,48,8,8,8,8,4,42,42,42,77,58,77,77,77,62,48,48,77,54,54,54,54,54,54,44,31,69,23],"gold":24,"neow_bonus":"THREE_ENEMY_KILL","is_daily":false,"chose_seed":false,"campfire_upgraded":4,"win_rate":0.0,"timestamp":1613330599,"path_taken":["M","?","?","?","$","E","R","E","T","M","?","R","M","M","R","BOSS","M","M","?","?","?","R","M","E","T","?","M","R","$","?","R","BOSS","M","$","M","?","?","R","E","R","T","?","$","?","M","M","R","BOSS"],"items_purchased_type":["Card","Card","Card","Relic","Card","Card","Card","Card","Card","Card"],"build_version":"2020-12-22","purchased_purges":1,"victory":true,"max_hp_per_floor":[72,72,77,77,77,77,77,77,77,77,77,77,77,77,77,77,77,77,77,77,77,77,77,77,77,77,77,77,77,77,77,77,77,77,77,77,77,77,77,77,77,77,77,77,77,77,77,77,77,77],"card_choices":[{"not_picked":["WindmillStrike","FlyingSleeves"],"picked":"DeceiveReality","floor":1.0},{"not_picked":["Crescendo","Perseverance"],"picked":"EmptyFist","floor":6.0},{"not_picked":["CrushJoints","Scrawl"],"picked":"CutThroughFate","floor":8.0},{"not_picked":["Halt","JustLucky"],"picked":"ThirdEye","floor":10.0},{"not_picked":["Indignation","SignatureMove"],"picked":"JustLucky","floor":11.0},{"not_picked":["ClearTheMind","CutThroughFate"],"picked":"FlurryOfBlows","floor":13.0},{"not_picked":["Evaluate","Perseverance"],"picked":"EmptyBody","floor":14.0},{"not_picked":["Blasphemy","ConjureBlade"],"picked":"Establishment","floor":16.0},{"not_picked":["CrushJoints","EmptyBody+1"],"picked":"Nirvana","floor":18.0},{"not_picked":["LikeWater","Crescendo"],"picked":"PathToVictory+1","floor":19.0},{"not_picked":["EmptyFist","Prostrate"],"picked":"FlurryOfBlows","floor":21.0},{"not_picked":["ThirdEye","Evaluate"],"picked":"FollowUp+1","floor":21.0},{"not_picked":["EmptyBody","Perseverance"],"picked":"ForeignInfluence","floor":21.0},{"not_picked":["ThirdEye","TalkToTheHand"],"picked":"Pray+1","floor":21.0},{"not_picked":["Tantrum","Blasphemy"],"picked":"Prostrate+1","floor":21.0},{"not_picked":["MentalFortress","Tantrum"],"picked":"Consecrate+1","floor":22.0},{"not_picked":["CrushJoints","Crescendo"],"picked":"FearNoEvil","floor":24.0},{"not_picked":["Swivel","Evaluate"],"picked":"Crescendo","floor":25.0},{"not_picked":["EmptyBody","ThirdEye"],"picked":"EmptyMind+1","floor":28.0},{"not_picked":["MasterReality","Vault"],"picked":"Wish","floor":33.0},{"not_picked":["Perseverance+1","ThirdEye+1"],"picked":"Pray+1","floor":35.0},{"not_picked":["CrushJoints+1","FollowUp"],"picked":"Conclude+1","floor":37.0},{"not_picked":["EmptyBody+1","FlyingSleeves"],"picked":"CutThroughFate","floor":38.0},{"not_picked":["Panache","Panacea"],"picked":"Swift Strike","floor":39.0},{"not_picked":["Wallop","Collect+1"],"picked":"PathToVictory+1","floor":41.0},{"not_picked":["CutThroughFate","CarveReality"],"picked":"PathToVictory+1","floor":47.0},{"not_picked":["Adaptation","Indignation+1"],"picked":"PathToVictory+1","floor":48.0}],"player_experience":1572782,"relics_obtained":[{"floor":6.0,"key":"Whetstone"},{"floor":8.0,"key":"Regal Pillow"},{"floor":9.0,"key":"Centennial Puzzle"},{"floor":25.0,"key":"Bag of Preparation"},{"floor":26.0,"key":"CloakClasp"},{"floor":41.0,"key":"Toxic Egg 2"},{"floor":43.0,"key":"Ancient Tea Set"}],"event_choices":[{"damage_healed":0.0,"max_hp_gain":0.0,"max_hp_loss":0.0,"gold_gain":75.0,"event_name":"World of Goop","player_choice":"Gather Gold","floor":2.0,"gold_loss":0.0,"damage_taken":11.0},{"damage_healed":0.0,"max_hp_gain":5.0,"max_hp_loss":0.0,"gold_gain":0.0,"event_name":"Big Fish","player_choice":"Donut","floor":3.0,"gold_loss":0.0,"damage_taken":0.0},{"cards_removed":["Defend_P"],"damage_healed":0.0,"max_hp_gain":0.0,"max_hp_loss":0.0,"gold_gain":0.0,"event_name":"Golden Wing","player_choice":"Card Removal","floor":4.0,"gold_loss":0.0,"damage_taken":7.0},{"damage_healed":0.0,"max_hp_gain":0.0,"max_hp_loss":0.0,"gold_gain":0.0,"event_name":"Match and Keep!","player_choice":"1 cards matched","floor":20.0,"gold_loss":0.0,"damage_taken":0.0,"cards_obtained":["Discovery"]},{"damage_healed":0.0,"max_hp_gain":0.0,"max_hp_loss":0.0,"gold_gain":0.0,"cards_transformed":["Strike_P"],"event_name":"Transmorgrifier","player_choice":"Transformed","floor":31.0,"gold_loss":0.0,"damage_taken":0.0,"cards_obtained":["SignatureMove"]},{"damage_healed":0.0,"max_hp_gain":0.0,"max_hp_loss":0.0,"gold_gain":0.0,"event_name":"SensoryStone","player_choice":"Memory 1","floor":39.0,"gold_loss":0.0,"damage_taken":0.0},{"cards_removed":["FollowUp"],"damage_healed":0.0,"max_hp_gain":0.0,"max_hp_loss":0.0,"gold_gain":0.0,"event_name":"Falling","player_choice":"Removed Attack","floor":44.0,"gold_loss":0.0,"damage_taken":0.0},{"damage_healed":0.0,"max_hp_gain":0.0,"max_hp_loss":0.0,"gold_gain":0.0,"event_name":"Tomb of Lord Red Mask","player_choice":"Paid","floor":46.0,"gold_loss":30.0,"damage_taken":0.0,"relics_obtained":["Red Mask"]}],"is_beta":false,"boss_relics":[{"not_picked":["Snecko Eye","Empty Cage"],"picked":"Cursed Key"},{"not_picked":["SlaversCollar","VioletLotus"],"picked":"bronze:MakeshiftBattery"}],"items_purged_floors":[36],"is_endless":false,"potions_floor_spawned":[1,6,13,16,22,25,33,37,38,41],"ascension_level":4}}