{"host":"qj2ynjh122p6ybyd","time":1613307744,"event":{"mods":["AchievementEnabler","Aspiration","BaseMod","Better Match","Better Note","Highlight Path","Infinite Spire","Minty Spire (QoL Compilation)","Quick Restart","Relic Stats","Reliquary","Replay The Spire","StSLib","SuperFastMode","The Blackbeard","The Gatherer"],"gold_per_floor":[113,75,89,99,123,123,123],"floor_reached":6,"language":"RUS","playtime":93,"items_purged":[],"score":61,"play_id":"bbed4099-4ff9-4647-ab17-e7c7187e0086","local_time":"20210214150224","is_ascension_mode":true,"campfire_choices":[],"circlet_count":0,"master_deck":["AscendersBane","Strike_B","Strike_B","Strike_B","Strike_B","Defend_B","Defend_B","Defend_B","Defend_B","Zap","Dualcast","Stack","Capacitor","Heatsinks"],"relics":["Cracked Core","NeowsBlessing","aspiration:HiddenCompartment"],"acts_visited":["Exordium"],"potions_floor_usage":[6],"damage_taken":[{"damage":0,"enemies":"Cultist","floor":1,"turns":1},{"damage":0,"enemies":"Jaw Worm","floor":3,"turns":1},{"damage":0,"enemies":"Small Slimes","floor":4,"turns":1},{"damage":64,"enemies":"Gremlin Nob","floor":6,"turns":5}],"seed_played":"-4139381301733047634","potions_obtained":[{"floor":3,"key":"Reflective Coating"}],"is_trial":false,"path_per_floor":["M","$","M","M","T","E"],"character_chosen":"DEFECT","items_purchased":["Capacitor"],"campfire_rested":0,"item_purchase_floors":[2],"current_hp_per_floor":[64,64,64,64,64,0,0],"gold":123,"neow_bonus":"THREE_ENEMY_KILL","is_daily":false,"chose_seed":false,"campfire_upgraded":0,"win_rate":0.0,"timestamp":1613307744,"path_taken":["M","$","?","M","?","E"],"items_purchased_type":["Card"],"build_version":"2020-12-22","purchased_purges":0,"victory":false,"max_hp_per_floor":[71,71,71,71,71,71,71],"relic_stats":{"counters":[4,8],"obtain_stats":[{"NeowsBlessing":0,"Cracked Core":0,"aspiration:HiddenCompartment":5},{"NeowsBlessing":0,"Cracked Core":0,"aspiration:HiddenCompartment":3},{"NeowsBlessing":0,"Cracked Core":0,"aspiration:HiddenCompartment":3}]},"card_choices":[{"not_picked":["Sweeping Beam","Doom and Gloom"],"picked":"Stack","floor":1},{"not_picked":["Turbo","Streamline"],"picked":"Heatsinks","floor":3},{"not_picked":["Hologram","Aggregate","Double Energy"],"picked":"SKIP","floor":4}],"player_experience":385361,"relics_obtained":[{"floor":5,"key":"aspiration:HiddenCompartment"}],"event_choices":[],"is_beta":false,"boss_relics":[],"items_purged_floors":[],"is_endless":false,"potions_floor_spawned":[3],"killed_by":"Gremlin Nob","ascension_level":14}}