{"host":"a20qfyjn5xm2mdxh","time":1613289550,"event":{"mods":["BaseMod","Hermit","Minty Spire (QoL Compilation)","Relic Stats","Reliquary","Replay The Spire","StSLib","The Construct"],"gold_per_floor":[115,115,390,401,130,130,163,182,182,182,182,38,38,38],"floor_reached":13,"language":"ZHS","playtime":432,"items_purged":["Regret"],"score":106,"play_id":"ca3431ff-7c8d-45bf-a1cd-e49f51ce5974","local_time":"20210214155910","is_ascension_mode":false,"campfire_choices":[{"data":"Apotheosis","floor":6,"key":"SMITH"},{"floor":10,"key":"RECALL"}],"circlet_count":0,"master_deck":["construct:Strike_Gold","construct:Strike_Gold","construct:Strike_Gold","construct:Strike_Gold","construct:Strike_Gold","construct:Defend_Gold","construct:Defend_Gold","construct:Defend_Gold","construct:Defend_Gold","construct:AttackMode","construct:DefenseMode","Apotheosis+1","construct:Failsafe","construct:Disrupt"],"relics":["construct:Cogwheel","NeowsBlessing","Blue Doll","Replay:Bottled Steam","Art of War"],"acts_visited":["Exordium"],"potions_floor_usage":[],"damage_taken":[{"damage":0,"enemies":"Small Slimes","floor":1,"turns":1},{"damage":0,"enemies":"Cultist","floor":4,"turns":1},{"damage":0,"enemies":"Gremlin Nob","floor":7,"turns":1},{"damage":11,"enemies":"Jaw Worm","floor":8,"turns":2},{"damage":0,"enemies":"3 Sentries","floor":13,"turns":1}],"seed_played":"6339739757152660255","potions_obtained":[{"floor":4,"key":"ColorlessPotion"}],"is_trial":false,"path_per_floor":["M","?","?","M","$","R","E","M","T","R","?","$","E"],"character_chosen":"THE_CONSTRUCT_MOD","items_purchased":["Apotheosis","Art of War"],"campfire_rested":0,"item_purchase_floors":[5,12],"current_hp_per_floor":[85,78,78,78,78,78,78,67,67,67,67,67,67,67],"gold":38,"neow_bonus":"THREE_ENEMY_KILL","is_daily":false,"chose_seed":false,"campfire_upgraded":1,"win_rate":0.0,"timestamp":1613289550,"path_taken":["M","?","?","M","$","R","E","?","T","R","?","$","E"],"items_purchased_type":["Card","Relic"],"build_version":"2020-12-22","purchased_purges":1,"victory":false,"max_hp_per_floor":[85,85,85,85,85,85,85,85,85,85,85,85,85,85],"relic_stats":{"counters":[5,6],"Art of War":[0],"obtain_stats":[{"NeowsBlessing":0,"construct:Cogwheel":0,"Blue Doll":7,"Art of War":12,"Replay:Bottled Steam":9},{"NeowsBlessing":0,"construct:Cogwheel":0,"Blue Doll":3,"Art of War":4,"Replay:Bottled Steam":4},{"NeowsBlessing":0,"construct:Cogwheel":0,"Blue Doll":3,"Art of War":5,"Replay:Bottled Steam":5}]},"card_choices":[{"not_picked":["construct:SaveState","construct:Construct_Overclock","construct:SweepLaser"],"picked":"SKIP","floor":1},{"not_picked":["construct:Autoturret","construct:Boost","construct:SaveState"],"picked":"SKIP","floor":4},{"not_picked":["construct:ModeShift","construct:HeavyBolt"],"picked":"construct:Failsafe","floor":7},{"not_picked":["construct:SuppressiveFire","construct:Autoturret"],"picked":"construct:Disrupt","floor":8}],"player_experience":245222,"relics_obtained":[{"floor":7,"key":"Blue Doll"},{"floor":9,"key":"Replay:Bottled Steam"}],"event_choices":[{"cards_removed":["construct:Defend_Gold"],"damage_healed":0,"gold_gain":0,"player_choice":"Card Removal","damage_taken":7,"max_hp_gain":0,"max_hp_loss":0,"event_name":"Golden Wing","floor":2,"gold_loss":0},{"damage_healed":0,"gold_gain":275,"player_choice":"Desecrate","damage_taken":0,"max_hp_gain":0,"max_hp_loss":0,"event_name":"Golden Shrine","floor":3,"gold_loss":0,"cards_obtained":["Regret"]},{"damage_healed":0,"gold_gain":0,"player_choice":"Bought 0 Potions","damage_taken":0,"max_hp_gain":0,"max_hp_loss":0,"event_name":"The Woman in Blue","floor":11,"gold_loss":0}],"is_beta":false,"boss_relics":[],"items_purged_floors":[5],"is_endless":false,"potions_floor_spawned":[4],"killed_by":"3 Sentries","ascension_level":0}}