{"host":"KYO","time":1613281154,"event":{"mods":["BaseMod","Minty Spire (QoL Compilation)","Permanent Neow","Shop Mod","StSLib","SuperFastMode","TestMod","[IsaacMod]ÒÔÈö¼âËþ"],"gold_per_floor":[116,133,189,217,242,304,0,15,40,80,91,122,122,155,155,229,229,249,259,275,275,287,322,322,350,376,389,401,401,401],"floor_reached":29,"language":"ZHS","playtime":996,"items_purged":[],"score":678,"play_id":"ae78394e-4b6d-4fae-971b-704de4ca588b","local_time":"20210214133914","is_ascension_mode":true,"campfire_choices":[{"data":"Barrage","floor":13,"key":"SMITH"},{"data":"Zap","floor":15,"key":"SMITH"},{"data":"Recycle","floor":24,"key":"SMITH"}],"circlet_count":0,"master_deck":["AscendersBane","Strike_B","Strike_B","Defend_B","Defend_B","Defend_B","Defend_B","Zap+1","Dualcast","Hologram","FTL","Coolheaded","Barrage+1","ElectricPowerLearning","Capacitor+1","Coolheaded","Recycle+1","Scrape","Coolheaded+1","Blizzard","Glacier"],"relics":["Cracked Core","HushsDoor","testmod-TestBox","testmod-RealStoneCalender","Smiling Mask","BloodDonationBag","BookofShadows","MerchantsRug","Runic Capacitor","Omamori","StrikeDummy","Ancient Tea Set","MagicMushroom","testmod-LifeArmor","PreservedInsect","Potion Belt"],"acts_visited":["Exordium","TheCity"],"potions_floor_usage":[14,23,23,28],"damage_taken":[{"damage":1.0,"enemies":"Cultist","floor":1.0,"turns":3.0},{"damage":2.0,"enemies":"Jaw Worm","floor":2.0,"turns":4.0},{"damage":2.0,"enemies":"Small Slimes","floor":3.0,"turns":3.0},{"damage":8.0,"enemies":"3 Louse","floor":4.0,"turns":3.0},{"damage":27.0,"enemies":"Gremlin Nob","floor":6.0,"turns":4.0},{"damage":12.0,"enemies":"Lots of Slimes","floor":8.0,"turns":3.0},{"damage":21,"enemies":"Gremlin Gang","floor":11,"turns":4},{"damage":5,"enemies":"3 Sentries","floor":12,"turns":5},{"damage":6,"enemies":"Gremlin Nob","floor":14,"turns":4},{"damage":0,"enemies":"Slime Boss","floor":16,"turns":5},{"damage":14,"enemies":"Shell Parasite","floor":18,"turns":2},{"damage":0,"enemies":"Spheric Guardian","floor":19,"turns":3},{"damage":12,"enemies":"Chosen and Byrds","floor":20,"turns":4},{"damage":6,"enemies":"Centurion and Healer","floor":22,"turns":5},{"damage":22,"enemies":"Slavers","floor":23,"turns":4},{"damage":4,"enemies":"Gremlin Leader","floor":25,"turns":4},{"damage":8,"enemies":"Snake Plant","floor":27,"turns":4},{"damage":9,"enemies":"Sentry and Sphere","floor":28,"turns":4},{"damage":7,"enemies":"Slavers","floor":29,"turns":1}],"seed_played":"-3722188178418747689","potions_obtained":[{"floor":1.0,"key":"Ancient Potion"},{"floor":2.0,"key":"Regen Potion"},{"floor":3.0,"key":"Regen Potion"},{"floor":12,"key":"PowerPotion"},{"floor":19,"key":"Swift Potion"},{"floor":22,"key":"Fire Potion"},{"floor":23,"key":"PowerPotion"},{"floor":27,"key":"PotionOfCapacity"}],"is_trial":false,"path_per_floor":["M","M","M","M","?","E","$","M","T","?","M","E","R","E","R","B",null,"M","M","M","?","M","E","R","E","T","M","M","E"],"character_chosen":"DEFECT","items_purchased":["MerchantsRug","Runic Capacitor","Coolheaded"],"campfire_rested":0,"item_purchase_floors":[7,7,7],"current_hp_per_floor":[63,61,63,61,71,40,32,20,20,71,50,45,45,39,39,39,70,57,58,47,47,42,21,21,18,18,11,3,0,0],"gold":401,"neow_bonus":"RANDOM_COMMON_RELIC","is_daily":false,"chose_seed":false,"campfire_upgraded":3,"win_rate":0.0,"timestamp":1613281154,"path_taken":["M","M","?","?","?","E","$","M","T","?","?","E","R","E","R","BOSS","M","M","M","?","M","E","R","E","T","M","M","E"],"items_purchased_type":["Relic","Relic","Card"],"build_version":"2020-12-18","purchased_purges":0,"victory":false,"max_hp_per_floor":[71,71,71,71,71,71,71,71,71,71,71,71,71,71,71,71,78,78,78,78,78,78,78,78,78,78,78,78,78,78],"card_choices":[{"not_picked":["Turbo","Stack"],"picked":"Hologram","floor":1.0},{"not_picked":["Tempest","Leap","Undo"],"picked":"SKIP","floor":2.0},{"not_picked":["Steam","Streamline"],"picked":"FTL","floor":3.0},{"not_picked":["Hologram","Conserve Battery","Stack"],"picked":"SKIP","floor":4.0},{"not_picked":["Gash","Hello World","Reprogram"],"picked":"SKIP","floor":6.0},{"not_picked":["Seek","Coolheaded"],"picked":"Undo","floor":8.0},{"not_picked":["Redo","Turbo","Static Discharge"],"picked":"SKIP","floor":11},{"not_picked":["Leap","Cold Snap"],"picked":"Barrage","floor":12},{"not_picked":["Undo","Turbo","Sunder"],"picked":"SKIP","floor":14},{"not_picked":["Thunder Strike","Machine Learning"],"picked":"ElectricPowerLearning","floor":16},{"not_picked":["Redo","Sweeping Beam","Go for the Eyes"],"picked":"SKIP","floor":18},{"not_picked":["Steam Power","Beam Cell"],"picked":"Capacitor+1","floor":19},{"not_picked":["Hello World","Cold Snap"],"picked":"Coolheaded","floor":20},{"not_picked":["Ball Lightning","Recycle+1"],"picked":"Coolheaded+1","floor":22},{"not_picked":["Ball Lightning","Go for the Eyes","Meteor Strike"],"picked":"SKIP","floor":23},{"not_picked":["Buffer","Melter","Blizzard"],"picked":"SKIP","floor":25},{"not_picked":["Buffer","Melter"],"picked":"Blizzard","floor":25},{"not_picked":["Static Discharge","Capacitor","Leap"],"picked":"SKIP","floor":27},{"not_picked":["Go for the Eyes","Ball Lightning"],"picked":"Glacier","floor":28}],"player_experience":777632,"relics_obtained":[{"floor":6.0,"key":"BookofShadows"},{"floor":9.0,"key":"Omamori"},{"floor":12,"key":"StrikeDummy"},{"floor":14,"key":"Ancient Tea Set"},{"floor":23,"key":"testmod-LifeArmor"},{"floor":25,"key":"PreservedInsect"},{"floor":26,"key":"Potion Belt"}],"event_choices":[{"damage_healed":17.0,"max_hp_gain":0.0,"max_hp_loss":0.0,"gold_gain":0.0,"event_name":"The Cleric","player_choice":"Healed","floor":5.0,"gold_loss":35.0,"damage_taken":0.0},{"cards_removed":["Undo"],"damage_healed":70,"gold_gain":0,"player_choice":"Offered Uncommon","damage_taken":0,"max_hp_gain":0,"max_hp_loss":0,"event_name":"Bonfire Elementals","floor":10,"gold_loss":0},{"damage_healed":0,"gold_gain":0,"cards_transformed":["Strike_B","Strike_B"],"player_choice":"Became Test Subject","damage_taken":0,"max_hp_gain":0,"max_hp_loss":0,"event_name":"Drug Dealer","floor":21,"gold_loss":0,"cards_obtained":["Recycle","Scrape"]}],"is_beta":true,"boss_relics":[{"not_picked":["Tiny House","SlaversCollar"],"picked":"MagicMushroom"},{"not_picked":[]}],"items_purged_floors":[],"is_endless":false,"potions_floor_spawned":[1,2,3,12,19,22,23,27],"killed_by":"Slavers","ascension_level":20}}