{"host":"yn1175etg9ni8l0q","time":1613306439,"event":{"mods":["AchievementEnabler","BaseMod","Colored Map","Colored Powertips","DeckTracker","Minty Spire (QoL Compilation)","Rare Cards Sparkle","Relic Stats","SuperFastMode","everything is the same but u backflip on backflip"],"gold_per_floor":[115,133,144,162,181,181,199,210,287,305,305,305,317,333,333,431,431,450,465,465,481,406,406,435,435,503,828,743,760,780,803,803,899,899,911,929,929,947,130,130,148,148,148,181,197,33,83,96,96,96],"floor_reached":51,"language":"KOR","playtime":2936,"items_purged":["Strike_R","Strike_R","Strike_R"],"score":1084,"play_id":"cb926acd-a6d5-471a-8c03-aafe3bf1ee1f","local_time":"20210214214039","is_ascension_mode":true,"campfire_choices":[{"data":"Bash","floor":6.0,"key":"SMITH"},{"data":"Carnage","floor":12.0,"key":"SMITH"},{"floor":15.0,"key":"REST"},{"floor":23.0,"key":"REST"},{"floor":25.0,"key":"REST"},{"floor":32.0,"key":"REST"},{"data":"Dark Embrace","floor":40,"key":"SMITH"},{"floor":42,"key":"REST"},{"data":"Demon Form","floor":49,"key":"SMITH"}],"circlet_count":0,"master_deck":["AscendersBane","Defend_R","Defend_R","Defend_R","Bash+1","Fiend Fire","Power Through","Clothesline","Carnage+1","Pummel","Seeing Red","Rampage","Shockwave+1","Offering","Wild Strike+1","Immolate","Shrug It Off","Exhume","Disarm","Demon Form+1","Fire Breathing+1","Shrug It Off+1","Dark Embrace+1","Finesse","Impervious","Intimidate+1","Power Through"],"relics":["Burning Blood","Pantograph","Mark of Pain","Matryoshka","Oddly Smooth Stone","Kunai","Old Coin","Blood Vial","Red Skull","Toy Ornithopter","Empty Cage","Anchor","Sundial","Lantern","Paper Frog","Champion Belt"],"acts_visited":["Exordium","TheCity","TheBeyond"],"potions_floor_usage":[33,33,39,50,50],"damage_taken":[{"damage":2.0,"enemies":"Jaw Worm","floor":1.0,"turns":4.0},{"damage":1.0,"enemies":"Cultist","floor":2.0,"turns":4.0},{"damage":1.0,"enemies":"2 Louse","floor":3.0,"turns":3.0},{"damage":1.0,"enemies":"Exordium Wildlife","floor":4.0,"turns":3.0},{"damage":23.0,"enemies":"Lots of Slimes","floor":5.0,"turns":7.0},{"damage":11.0,"enemies":"2 Fungi Beasts","floor":7.0,"turns":4.0},{"damage":0.0,"enemies":"Looter","floor":8.0,"turns":2.0},{"damage":15.0,"enemies":"Exordium Wildlife","floor":10.0,"turns":5.0},{"damage":21.0,"enemies":"Exordium Thugs","floor":13.0,"turns":4.0},{"damage":19.0,"enemies":"3 Louse","floor":14.0,"turns":4.0},{"damage":20.0,"enemies":"The Guardian","floor":16.0,"turns":8.0},{"damage":29.0,"enemies":"2 Thieves","floor":18.0,"turns":4.0},{"damage":15.0,"enemies":"Shell Parasite","floor":19.0,"turns":3.0},{"damage":24.0,"enemies":"Chosen and Byrds","floor":21.0,"turns":6.0},{"damage":28.0,"enemies":"Book of Stabbing","floor":24.0,"turns":5.0},{"damage":9.0,"enemies":"Gremlin Leader","floor":27.0,"turns":5.0},{"damage":19.0,"enemies":"3 Cultists","floor":29.0,"turns":4.0},{"damage":24.0,"enemies":"Snake Plant","floor":30.0,"turns":4.0},{"damage":61,"enemies":"Champ","floor":33,"turns":12},{"damage":26,"enemies":"3 Shapes","floor":35,"turns":7},{"damage":23,"enemies":"Orb Walker","floor":36,"turns":4},{"damage":6,"enemies":"Sphere and 2 Shapes","floor":38,"turns":4},{"damage":12,"enemies":"Maw","floor":41,"turns":6},{"damage":21,"enemies":"Giant Head","floor":44,"turns":8},{"damage":17,"enemies":"Jaw Worm Horde","floor":45,"turns":4},{"damage":18,"enemies":"Mind Bloom Boss Battle","floor":47,"turns":7},{"damage":10,"enemies":"Spire Growth","floor":48,"turns":5},{"damage":35,"enemies":"Donu and Deca","floor":50,"turns":10}],"seed_played":"4597507172684997829","potions_obtained":[{"floor":1.0,"key":"AttackPotion"},{"floor":5.0,"key":"EntropicBrew"},{"floor":7.0,"key":"BlessingOfTheForge"},{"floor":10.0,"key":"Strength Potion"},{"floor":16.0,"key":"Strength Potion"},{"floor":19.0,"key":"PowerPotion"},{"floor":24.0,"key":"BlessingOfTheForge"},{"floor":30.0,"key":"BlessingOfTheForge"},{"floor":35,"key":"Dexterity Potion"},{"floor":38,"key":"ColorlessPotion"},{"floor":44,"key":"Block Potion"}],"is_trial":false,"path_per_floor":["M","M","M","M","M","R","M","M","T","M","?","R","M","M","R","B",null,"M","M","?","M","$","R","E","R","T","E","?","M","M","T","R","B",null,"M","M","?","M","$","R","M","R","T","E","M","$","?","M","R","B",null],"character_chosen":"IRONCLAD","items_purchased":["Dark Embrace","Anchor","Sundial","Fruit Juice","Fire Potion","Finesse","Power Through"],"campfire_rested":5,"item_purchase_floors":[39,39,39,39,39,39,46],"current_hp_per_floor":[72,72,72,72,55,55,50,56,56,47,47,47,32,19,40,51,67,44,35,35,17,17,38,16,37,37,34,34,23,7,7,28,10,57,39,24,24,26,36,36,32,55,55,42,33,33,48,46,46,48],"gold":96,"neow_bonus":"THREE_RARE_CARDS","is_daily":false,"chose_seed":false,"campfire_upgraded":4,"win_rate":0.0,"timestamp":1613306439,"path_taken":["M","M","M","M","M","R","M","M","T","M","?","R","?","M","R","BOSS","M","M","?","?","$","R","E","R","T","E","?","M","M","?","R","BOSS","M","?","?","M","$","R","M","R","T","E","M","$","?","M","R","BOSS"],"items_purchased_type":["Card","Relic","Relic","Potion","Potion","Card","Card"],"build_version":"2020-12-22","purchased_purges":3,"victory":true,"max_hp_per_floor":[72,72,72,72,72,72,72,72,72,72,72,72,72,72,72,72,72,72,72,72,72,72,72,72,72,72,72,72,72,72,72,72,72,72,72,72,72,72,77,77,77,77,77,77,77,77,77,77,77,77],"relic_stats":{"Blood Vial":24,"counters":[28,146],"Sundial":[8],"Pantograph":100,"Kunai":[8],"Champion Belt":[3],"obtain_stats":[{"Lantern":43,"Oddly Smooth Stone":26,"Empty Cage":34,"Burning Blood":0,"Old Coin":27,"Blood Vial":28,"Anchor":39,"Matryoshka":24,"Sundial":39,"Pantograph":9,"Mark of Pain":17,"Kunai":26,"Champion Belt":47,"Red Skull":31,"Toy Ornithopter":31,"Paper Frog":44},{"Lantern":23,"Oddly Smooth Stone":15,"Empty Cage":19,"Burning Blood":0,"Old Coin":16,"Blood Vial":16,"Anchor":22,"Matryoshka":15,"Sundial":22,"Pantograph":7,"Mark of Pain":11,"Kunai":15,"Champion Belt":26,"Red Skull":18,"Toy Ornithopter":18,"Paper Frog":24},{"Lantern":112,"Oddly Smooth Stone":66,"Empty Cage":91,"Burning Blood":0,"Old Coin":71,"Blood Vial":71,"Anchor":106,"Matryoshka":66,"Sundial":106,"Pantograph":27,"Mark of Pain":48,"Kunai":66,"Champion Belt":131,"Red Skull":79,"Toy Ornithopter":79,"Paper Frog":120}],"Burning Blood":149,"Toy Ornithopter":19},"card_choices":[{"not_picked":["Barricade","Juggernaut"],"picked":"Fiend Fire","floor":0.0},{"not_picked":["Whirlwind","Dual Wield","Twin Strike"],"picked":"SKIP","floor":1.0},{"not_picked":["Cleave","Sever Soul","Entrench"],"picked":"SKIP","floor":2.0},{"not_picked":["Burning Pact","Sentinel","True Grit"],"picked":"SKIP","floor":3.0},{"not_picked":["Thunderclap","Iron Wave"],"picked":"Power Through","floor":4.0},{"not_picked":["Armaments","Iron Wave"],"picked":"Clothesline","floor":5.0},{"not_picked":["Dark Embrace","Iron Wave"],"picked":"Carnage","floor":7.0},{"not_picked":["Iron Wave","Cleave"],"picked":"Pummel","floor":8.0},{"not_picked":["Cleave","Rupture"],"picked":"Seeing Red","floor":10.0},{"not_picked":["Inflame","Carnage"],"picked":"Shockwave","floor":13.0},{"not_picked":["Metallicize","Flex","Carnage"],"picked":"SKIP","floor":14.0},{"not_picked":["Exhume","Fiend Fire"],"picked":"Offering","floor":16.0},{"not_picked":["Warcry","Dual Wield"],"picked":"Wild Strike+1","floor":18.0},{"not_picked":["Cleave","Sentinel+1","Carnage"],"picked":"SKIP","floor":19.0},{"not_picked":["Iron Wave","Heavy Blade"],"picked":"Immolate","floor":21.0},{"not_picked":["Clothesline+1","Anger+1"],"picked":"Shrug It Off","floor":24.0},{"not_picked":["Pommel Strike+1","Havoc+1"],"picked":"Exhume","floor":27.0},{"not_picked":["Flame Barrier","Armaments","Shockwave"],"picked":"SKIP","floor":29.0},{"not_picked":["Cleave+1","Twin Strike"],"picked":"Disarm","floor":30.0},{"not_picked":["Berserk","Immolate"],"picked":"Demon Form","floor":33},{"not_picked":["Blood for Blood","Rage"],"picked":"Fire Breathing+1","floor":35},{"not_picked":["Pommel Strike","Warcry","Disarm+1"],"picked":"SKIP","floor":36},{"not_picked":["Wild Strike+1","Searing Blow+1"],"picked":"Shrug It Off+1","floor":38},{"not_picked":["Entrench","Uppercut"],"picked":"Impervious","floor":41},{"not_picked":["Wild Strike","Headbutt+1","Cleave+1"],"picked":"SKIP","floor":44},{"not_picked":["Shrug It Off+1","Iron Wave+1"],"picked":"Intimidate+1","floor":45},{"not_picked":["Flame Barrier+1","Iron Wave","Ghostly Armor+1"],"picked":"SKIP","floor":48}],"player_experience":379773,"relics_obtained":[{"floor":9.0,"key":"Pantograph"},{"floor":24.0,"key":"Matryoshka"},{"floor":26.0,"key":"Oddly Smooth Stone"},{"floor":26.0,"key":"Kunai"},{"floor":27.0,"key":"Old Coin"},{"floor":31.0,"key":"Red Skull"},{"floor":31.0,"key":"Toy Ornithopter"},{"floor":43,"key":"Lantern"},{"floor":44,"key":"Paper Frog"},{"floor":47,"key":"Champion Belt"}],"event_choices":[{"damage_healed":0.0,"max_hp_gain":0.0,"max_hp_loss":0.0,"gold_gain":0.0,"cards_transformed":["Strike_R"],"event_name":"Transmorgrifier","player_choice":"Transformed","floor":11.0,"gold_loss":0.0,"damage_taken":0.0,"cards_obtained":["Rampage"]},{"damage_healed":0.0,"max_hp_gain":0.0,"max_hp_loss":0.0,"gold_gain":0.0,"event_name":"Accursed Blacksmith","player_choice":"Forge","floor":20.0,"gold_loss":0.0,"damage_taken":0.0,"cards_upgraded":["Shockwave"]},{"damage_healed":0.0,"max_hp_gain":0.0,"max_hp_loss":0.0,"gold_gain":0.0,"event_name":"Addict","player_choice":"Obtained Relic","floor":28.0,"gold_loss":85.0,"damage_taken":0.0,"relics_obtained":["Blood Vial"]},{"damage_healed":0,"gold_gain":0,"player_choice":"Ignored","damage_taken":0,"max_hp_gain":0,"max_hp_loss":0,"event_name":"Mysterious Sphere","floor":37,"gold_loss":0},{"damage_healed":0,"gold_gain":0,"player_choice":"Fight","damage_taken":0,"max_hp_gain":0,"max_hp_loss":0,"event_name":"MindBloom","floor":47,"gold_loss":0}],"is_beta":false,"boss_relics":[{"not_picked":["Velvet Choker","Busted Crown"],"picked":"Mark of Pain"},{"not_picked":["Tiny House","SacredBark"],"picked":"Empty Cage"}],"items_purged_floors":[22,39,46],"is_endless":false,"potions_floor_spawned":[1,5,7,10,13,14,16,19,24,29,30,35,38,44],"ascension_level":11}}