{"host":"89iuq2p5kwriuwfq","time":1613310857,"event":{"mods":["BaseMod","Curses Come First","Minty Spire (QoL Compilation)","Permanent Neow","StSLib"],"gold_per_floor":[16,30,30,30,49,49,60,90,90,90,124,124,138,138,138],"floor_reached":14,"language":"ENG","playtime":907,"items_purged":[],"score":200,"play_id":"7a93a869-2abb-4ccb-920a-4399bd098059","local_time":"20210214135417","is_ascension_mode":true,"campfire_choices":[{"data":"Eruption","floor":6.0,"key":"SMITH"}],"circlet_count":0,"master_deck":["AscendersBane","Strike_P+1","Strike_P","Strike_P","Defend_P","Defend_P","Defend_P","Defend_P","Eruption+1","Vigilance","Halt","LikeWater+1","MentalFortress","ClearTheMind","ThirdEye","ThirdEye","ClearTheMind","Adaptation"],"relics":["PureWater","GoldenEye","Strawberry","StoneCalendar","StrikeDummy","Golden Idol","Potion Belt"],"acts_visited":["Exordium"],"potions_floor_usage":[],"damage_taken":[{"damage":2.0,"enemies":"Cultist","floor":1.0,"turns":4.0},{"damage":0.0,"enemies":"2 Louse","floor":2.0,"turns":3.0},{"damage":0.0,"enemies":"Small Slimes","floor":5.0,"turns":5.0},{"damage":10.0,"enemies":"Gremlin Gang","floor":7.0,"turns":6.0},{"damage":8.0,"enemies":"Lagavulin","floor":8.0,"turns":11.0},{"damage":0.0,"enemies":"3 Sentries","floor":11.0,"turns":7.0},{"damage":0.0,"enemies":"Exordium Wildlife","floor":13.0,"turns":4.0},{"damage":24,"enemies":"Gremlin Nob","floor":14,"turns":5}],"seed_played":"-3917988593457363020","potions_obtained":[{"floor":5.0,"key":"AttackPotion"},{"floor":8.0,"key":"SteroidPotion"}],"is_trial":false,"path_per_floor":["M","M","?","?","M","R","M","E","T","?","E","?","M","E"],"character_chosen":"WATCHER","items_purchased":[],"campfire_rested":0,"item_purchase_floors":[],"current_hp_per_floor":[63,63,63,63,63,63,53,45,45,26,26,10,10,0,0],"gold":138,"neow_bonus":"ONE_RARE_RELIC","is_daily":false,"chose_seed":false,"campfire_upgraded":1,"win_rate":0.0,"timestamp":1613310857,"path_taken":["M","?","?","?","M","R","M","E","T","?","E","?","M","E"],"items_purchased_type":[],"build_version":"2020-12-22","purchased_purges":0,"victory":false,"max_hp_per_floor":[72,72,79,79,79,79,79,79,79,79,79,79,79,79,79],"card_choices":[{"not_picked":["Indignation","FlyingSleeves"],"picked":"Halt","floor":1.0},{"not_picked":["Consecrate","EmptyBody"],"picked":"LikeWater","floor":2.0},{"not_picked":["Consecrate","Brilliance"],"picked":"ClearTheMind","floor":5.0},{"not_picked":["BowlingBash","Fasting2"],"picked":"ThirdEye","floor":7.0},{"not_picked":["ClearTheMind","Meditate"],"picked":"ThirdEye","floor":8.0},{"not_picked":["ForeignInfluence","EmptyBody"],"picked":"ClearTheMind","floor":11.0},{"not_picked":["CrushJoints","PathToVictory"],"picked":"Adaptation","floor":13.0}],"player_experience":677929,"relics_obtained":[{"floor":8.0,"key":"StoneCalendar"},{"floor":9.0,"key":"StrikeDummy"},{"floor":11.0,"key":"Potion Belt"}],"event_choices":[{"damage_healed":0.0,"max_hp_gain":0.0,"max_hp_loss":0.0,"gold_gain":0.0,"event_name":"Scrap Ooze","player_choice":"Success","floor":3.0,"gold_loss":0.0,"damage_taken":7.0,"relics_obtained":["Strawberry"]},{"damage_healed":0.0,"max_hp_gain":0.0,"max_hp_loss":0.0,"gold_gain":0.0,"cards_transformed":["Strike_P"],"event_name":"Living Wall","player_choice":"Change","floor":4.0,"gold_loss":0.0,"damage_taken":0.0,"cards_obtained":["MentalFortress"]},{"damage_healed":0.0,"max_hp_gain":0.0,"max_hp_loss":0.0,"gold_gain":0.0,"event_name":"Golden Idol","player_choice":"Take Damage","floor":10.0,"gold_loss":0.0,"damage_taken":19.0,"relics_obtained":["Golden Idol"]},{"damage_healed":0.0,"max_hp_gain":0.0,"max_hp_loss":0.0,"gold_gain":0.0,"event_name":"Shining Light","player_choice":"Entered Light","floor":12.0,"gold_loss":0.0,"damage_taken":16.0,"cards_upgraded":["LikeWater","Strike_P"]}],"is_beta":false,"boss_relics":[],"items_purged_floors":[],"is_endless":false,"potions_floor_spawned":[5,8],"killed_by":"Gremlin Nob","ascension_level":12}}