{"host":"08xvxt5w1s7zc7e5","time":1613301332,"event":{"mods":["AchievementEnabler","BaseMod","DeckTracker","Minty Spire (QoL Compilation)","Quick Restart","StSLib","SuperFastMode"],"gold_per_floor":[111,131,107,124,124,151,51,51,51],"floor_reached":8,"language":"KOR","playtime":256,"items_purged":["Strike_G"],"score":70,"play_id":"07443943-1248-445c-83b8-f82cf14d0cce","local_time":"20210214201532","is_ascension_mode":true,"campfire_choices":[],"circlet_count":0,"master_deck":["Strike_G","Strike_G","Strike_G","Strike_G","Defend_G","Defend_G","Defend_G","Defend_G","Defend_G","Survivor","Neutralize","Crippling Poison","Riddle With Holes","PiercingWail","Acrobatics","Blur","PiercingWail"],"relics":["Ring of the Snake","NeowsBlessing","Akabeko"],"acts_visited":["Exordium"],"potions_floor_usage":[6,6],"damage_taken":[{"damage":0,"enemies":"Cultist","floor":1,"turns":1},{"damage":0,"enemies":"Jaw Worm","floor":2,"turns":1},{"damage":0,"enemies":"Small Slimes","floor":4,"turns":1},{"damage":41,"enemies":"Lagavulin","floor":6,"turns":10},{"damage":26,"enemies":"Gremlin Nob","floor":8,"turns":4}],"seed_played":"-4997127903570819029","potions_obtained":[{"floor":1,"key":"EssenceOfSteel"},{"floor":2,"key":"BlessingOfTheForge"},{"floor":4,"key":"Energy Potion"}],"is_trial":false,"path_per_floor":["M","M","$","M","?","E","$","E"],"character_chosen":"THE_SILENT","items_purchased":["PiercingWail","PiercingWail"],"campfire_rested":0,"item_purchase_floors":[3,7],"current_hp_per_floor":[70,70,70,70,70,29,29,3,3],"gold":51,"neow_bonus":"THREE_ENEMY_KILL","is_daily":false,"chose_seed":false,"campfire_upgraded":0,"win_rate":0.0,"timestamp":1613301332,"path_taken":["M","M","?","M","?","E","$","E"],"items_purchased_type":["Card","Card"],"build_version":"2020-12-22","purchased_purges":1,"victory":false,"max_hp_per_floor":[70,70,70,70,70,70,70,70,70],"card_choices":[{"not_picked":["Riddle With Holes","Outmaneuver"],"picked":"Crippling Poison","floor":1},{"not_picked":["Deadly Poison","Prepared"],"picked":"Riddle With Holes","floor":2},{"not_picked":["Slice","Distraction"],"picked":"Acrobatics","floor":4},{"not_picked":["Distraction","Masterful Stab"],"picked":"Blur","floor":6}],"player_experience":373138,"relics_obtained":[{"floor":6,"key":"Akabeko"}],"event_choices":[{"damage_healed":0,"gold_gain":0,"player_choice":"Ignored","damage_taken":0,"max_hp_gain":0,"max_hp_loss":0,"event_name":"Liars Game","floor":5,"gold_loss":0}],"is_beta":false,"boss_relics":[],"items_purged_floors":[7],"is_endless":false,"potions_floor_spawned":[1,2,4],"killed_by":"Gremlin Nob","ascension_level":5}}