{"host":"yx5rao87132cy5xq","time":1613301449,"event":{"mods":["2.2 Compatiblity","AchievementEnabler","BaseMod","Bestiary","Colored Map","Colored Powertips","Minty Spire (QoL Compilation)","Quick Restart","Relic Stats","Slay-I","SuperFastMode"],"gold_per_floor":[113,130,145,161,175,175,175,175],"floor_reached":7,"language":"ENG","playtime":430,"items_purged":[],"score":86,"play_id":"923ab86b-67f2-4214-ad7e-0786a44d8df5","local_time":"20210214121729","is_ascension_mode":true,"campfire_choices":[{"floor":6,"key":"REST"}],"circlet_count":0,"master_deck":["AscendersBane","Strike_R","Strike_R","Strike_R","Strike_R","Strike_R","Defend_R","Defend_R","Defend_R","Defend_R","Bash","Shrug It Off","Infernal Blade","Flex","Iron Wave","Flame Barrier"],"relics":["Burning Blood"],"acts_visited":["Exordium"],"potions_floor_usage":[],"damage_taken":[{"damage":2,"enemies":"Cultist","floor":1,"turns":4},{"damage":19,"enemies":"Small Slimes","floor":2,"turns":6},{"damage":16,"enemies":"2 Louse","floor":3,"turns":4},{"damage":42,"enemies":"Gremlin Gang","floor":4,"turns":6},{"damage":12,"enemies":"Exordium Thugs","floor":5,"turns":5},{"damage":59,"enemies":"Gremlin Nob","floor":7,"turns":4}],"seed_played":"2413460447795844147","potions_obtained":[{"floor":5,"key":"Dexterity Potion"}],"is_trial":false,"path_per_floor":["M","M","M","M","M","R","E"],"character_chosen":"IRONCLAD","items_purchased":[],"campfire_rested":1,"item_purchase_floors":[],"current_hp_per_floor":[79,66,56,20,14,38,0,0],"gold":175,"neow_bonus":"TEN_PERCENT_HP_BONUS","is_daily":false,"chose_seed":false,"campfire_upgraded":0,"win_rate":0.0,"timestamp":1613301449,"path_taken":["M","M","M","M","?","R","E"],"items_purchased_type":[],"build_version":"2020-12-22","purchased_purges":0,"victory":false,"max_hp_per_floor":[82,82,82,82,82,82,82,82],"relic_stats":{"counters":[6,29],"obtain_stats":[{"Burning Blood":0},{"Burning Blood":0},{"Burning Blood":0}],"Burning Blood":30},"card_choices":[{"not_picked":["Perfected Strike","Heavy Blade"],"picked":"Shrug It Off","floor":1},{"not_picked":["Feel No Pain","Rupture"],"picked":"Infernal Blade","floor":2},{"not_picked":["Warcry","Dark Embrace"],"picked":"Flex","floor":3},{"not_picked":["Twin Strike","Headbutt"],"picked":"Iron Wave","floor":4},{"not_picked":["Burning Pact","Clash"],"picked":"Flame Barrier","floor":5}],"player_experience":1041653,"relics_obtained":[],"event_choices":[],"is_beta":false,"boss_relics":[],"items_purged_floors":[],"is_endless":false,"potions_floor_spawned":[5],"killed_by":"Gremlin Nob","ascension_level":18}}