{"host":"h2977v3ax51ohsow","time":1613286063,"event":{"mods":["Act Like it!","BaseMod","CapriCore","Colored Powertips","Hallownest","Lobotomy","LobotomyExtend","Marisa£®ÏF”Í°°ƒß¿Ì…≥£©","Minty Spire (QoL Compilation)","Quick Restart","Replay The Spire","StSLib","The Bug Knight","The Servant 0.9.4","noobMod","°æ“≈ŒÔø®≈∆°øREMEMod"],"gold_per_floor":[12,24,38,38,49,83,83,116,141,174,174,200,120,137,137,232,232,243,258,258,258,270,295,295,320,374,403,102,129,206,296,296,466,466,499,499,273,293,333,333,502,201,251,202,237,187,187,206,206,224,224,224,33,59,86],"floor_reached":56,"language":"ZHS","playtime":3713,"items_purged":[],"score":1624,"play_id":"2f67969c-cc14-48d9-8363-c46ce1e3db27","local_time":"20210214150103","is_ascension_mode":true,"campfire_choices":[{"floor":11,"key":"REST"},{"data":"SilverBlades","floor":15,"key":"SMITH"},{"floor":24,"key":"RECALL"},{"floor":32,"key":"REST"}],"circlet_count":0,"master_deck":["Strike_S","Strike_S","Strike_S+1","Strike_S","Defend_S","Defend_S","Defend_S","KidneyShot","Exchange","Feed","Initiator","Starlight","Gouge","KillingDoll","SurpressingFire","GearUp+1","SilverMatrix","Defy+1","Rearm+1","Rearm+1","FlawlessForm","BestPractice","DancingSilver+1","TimeTheft+1","Revamp+1","MurderousAura","Advance+1","MoonPhase+1","Collapse+1","TheWorld+1","Luminosity+1","Duplication+1","BestPractice","BestPractice","Luminosity+1","Rearm+1","DancingSilver+1"],"relics":["Uniform","ice","REME_ComplimentaryCards","LetterFromLob","Blood Vial","Hallownest:DreamNailRelic","Toy Ornithopter","Potion Belt","Gremlin Food","Replay:Baseball","Fusion Hammer","Regal Pillow","ReplayFunnel","Replay:Wax Seal","Eternal Feather","Toxic Egg 2","REME_ArchaeologicalTools","Replay:Grab Bag","Cursed Key","Coffee Dripper","Astrolabe","Hallownest:BeastSealRelic","Strange Spoon","Prayer Wheel","Hallownest:GodTamersBeastRelic","Membership Card","REME_PuzzleBoxRelic","REME_HandOfSuture","Shuriken","DollysMirror","ReplayTheSpireMod:TigerMarble","Replay:Arrowhead"],"acts_visited":["Hallownest:Greenpath","Hallownest:CityofTears","Hallownest:KingdomsEdge","TheEnding"],"potions_floor_usage":[6,8,19,31,35,35,41,41,44,55,55,55,55],"damage_taken":[{"damage":2,"enemies":"Hallownest:monsterHuskWarrior","floor":1,"turns":5},{"damage":3,"enemies":"Hallownest:2_MossCreeps","floor":2,"turns":7},{"damage":10,"enemies":"Hallownest:2_Tiktiks_and_1_Crawlid","floor":3,"turns":7},{"damage":0,"enemies":"Hallownest:monsterAspidMother","floor":5,"turns":5},{"damage":32,"enemies":"Hallownest:eliteMossKnight","floor":6,"turns":18},{"damage":7,"enemies":"Hallownest:eliteCrystalGuardian","floor":8,"turns":5},{"damage":12,"enemies":"Hallownest:eliteVengeflyKing","floor":10,"turns":7},{"damage":26,"enemies":"Hallownest:eliteCrystalGuardian","floor":12,"turns":6},{"damage":0,"enemies":"Hallownest:monsterMossCharger","floor":14,"turns":4},{"damage":30,"enemies":"Hallownest:BossBrokenVessel","floor":16,"turns":11},{"damage":20,"enemies":"Hallownest:Guard_and_Sentry","floor":18,"turns":3},{"damage":18,"enemies":"Hallownest:Flukemon_and_Top","floor":19,"turns":6},{"damage":5,"enemies":"Hallownest:2_Flukemon","floor":22,"turns":6},{"damage":0,"enemies":"Hallownest:eliteSoulWarrior","floor":23,"turns":6},{"damage":0,"enemies":"Hallownest:Nosk","floor":25,"turns":7},{"damage":12,"enemies":"Hallownest:eliteWatcherKnight","floor":27,"turns":12},{"damage":10,"enemies":"Hallownest:Nosk","floor":29,"turns":6},{"damage":0,"enemies":"Hallownest:Warrior_and_Youth","floor":30,"turns":3},{"damage":12,"enemies":"Hallownest:Glutton_and_Coward","floor":31,"turns":3},{"damage":17,"enemies":"Hallownest:BossSoulMaster","floor":33,"turns":7},{"damage":3,"enemies":"Hallownest:Shield_Heavy","floor":35,"turns":2},{"damage":5,"enemies":"Hallownest:2_Littles","floor":38,"turns":5},{"damage":9,"enemies":"Hallownest:2_Littles","floor":41,"turns":3},{"damage":4,"enemies":"Hallownest:2_Littles","floor":41,"turns":5},{"damage":23,"enemies":"Hallownest:2_Littles","floor":41,"turns":5},{"damage":0,"enemies":"Hallownest:2_Littles","floor":41,"turns":2},{"damage":0,"enemies":"Hallownest:Shield_Sturdy","floor":45,"turns":1},{"damage":0,"enemies":"Hallownest:Xero_Hu_Marmu","floor":48,"turns":6},{"damage":209,"enemies":"Hallownest:BossHollowKnight","floor":50,"turns":5},{"damage":12,"enemies":"Shield and Spear","floor":54,"turns":2},{"damage":55,"enemies":"The Heart","floor":55,"turns":5}],"seed_played":"760497542335612084","potions_obtained":[{"floor":3,"key":"Fire Potion"},{"floor":5,"key":"SteroidPotion"},{"floor":14,"key":"BlessingOfTheForge"},{"floor":16,"key":"LifebloodPotion"},{"floor":22,"key":"Explosive Potion"},{"floor":23,"key":"Explosive Potion"},{"floor":27,"key":"Regen Potion"},{"floor":30,"key":"SpeedPotion"},{"floor":33,"key":"Strength Potion"},{"floor":35,"key":"EssenceOfSteel"},{"floor":45,"key":"LifebloodPotion"},{"floor":54,"key":"BlessingOfTheForge"}],"is_trial":false,"path_per_floor":["M","M","M","T","M","E","?","E","T","E","R","E","$","M","R","B",null,"M","M","?","?","M","E","R","E","T","E","$","E","M","M","R","B",null,"M","?","$","M","?","R","?","$","T","$","M","?","?","M","R","B",null,"R","$","E","B",null],"character_chosen":"THE_SERVANT","items_purchased":["SurpressingFire","Toxic Egg 2","DancingSilver+1","Strange Spoon","TheWorld+1","Membership Card","REME_PuzzleBoxRelic","Duplication+1","Venom Potion","Fruit Juice","DollysMirror","ReplayTheSpireMod:TigerMarble","Milkshake"],"campfire_rested":2,"item_purchase_floors":[13,28,28,37,37,42,42,42,42,44,53,53,53],"current_hp_per_floor":[75,75,68,68,68,39,39,34,34,24,49,25,25,30,30,81,91,76,69,69,81,78,83,83,85,85,75,75,67,72,70,146,135,158,170,170,170,168,95,113,112,112,112,122,129,129,129,131,152,186,242,261,261,249,226],"gold":86,"neow_bonus":"TWENTY_PERCENT_HP_BONUS","is_daily":false,"chose_seed":false,"campfire_upgraded":1,"win_rate":0.0,"timestamp":1613286063,"path_taken":["M","M","M","?","M","E","?","E","T","E","R","E","$","?","R","BOSS","M","M","?","?","M","E","R","E","T","E","$","E","?","M","R","BOSS","M","?","$","M","?","R","?","?","T","$","?","?","?","?","R","BOSS","R","$","E","BOSS"],"items_purchased_type":["Card","Relic","Card","Relic","Card","Relic","Relic","Card","Potion","Potion","Relic","Relic","Potion"],"build_version":"2020-12-22","purchased_purges":0,"victory":true,"max_hp_per_floor":[77,80,83,83,83,86,86,86,86,86,86,86,86,89,89,94,94,101,112,112,112,124,129,129,131,131,142,142,144,148,156,156,166,166,170,170,170,183,183,183,206,206,206,211,211,211,211,214,214,261,261,261,261,263,324],"card_choices":[{"not_picked":["Spin","Alleviate"],"picked":"Defy","floor":1},{"not_picked":["Spin","Unruled","Potential"],"picked":"SKIP","floor":2},{"not_picked":["ShiftingGears","Alleviate"],"picked":"Initiator","floor":3},{"not_picked":["Spin","Deadline","Unruled"],"picked":"SKIP","floor":5},{"not_picked":["Revamp","Foresight"],"picked":"Starlight","floor":6},{"not_picked":["Deadline","Snipe"],"picked":"Gouge","floor":8},{"not_picked":["Rearm","ShiftingGears"],"picked":"KillingDoll","floor":10},{"not_picked":["KillingDoll","Manipulate"],"picked":"SilverBlades","floor":12},{"not_picked":["Revamp","Sabotage"],"picked":"GearUp","floor":14},{"not_picked":["Solidify","Deny"],"picked":"SilverMatrix","floor":16},{"not_picked":["Revamp","Rewind"],"picked":"Defy+1","floor":18},{"not_picked":["TimeWarp","Moondial"],"picked":"TheWorld","floor":19},{"not_picked":["Alleviate","ShatteredReality"],"picked":"Rearm+1","floor":20},{"not_picked":["Desolation","DualDimension"],"picked":"Ricochet","floor":22},{"not_picked":["Replace","Misdirection"],"picked":"Rearm+1","floor":23},{"not_picked":["Manipulate","ReturningBlade"],"picked":"FlawlessForm","floor":25},{"not_picked":["Reset","GearUp+1"],"picked":"BestPractice","floor":27},{"not_picked":["DancingSilver+1","Sabotage"],"picked":"TimeTheft+1","floor":29},{"not_picked":["Desolation","Replace+1","Potential+1"],"picked":"SKIP","floor":30},{"not_picked":["TimeWarp","ShatteredReality"],"picked":"Revamp+1","floor":31},{"not_picked":["TheWorld+1","Dilation+1"],"picked":"MurderousAura","floor":33},{"not_picked":["Rewind+1","Rearm+1","FastForward+1"],"picked":"SKIP","floor":35},{"not_picked":["DualDimension+1","Starlight","Alleviate+1"],"picked":"SKIP","floor":38},{"not_picked":["FastForward+1","Revamp+1"],"picked":"Luminosity+1","floor":39},{"not_picked":["ShatteredReality","ShiftingGears+1","Hightail+1"],"picked":"SKIP","floor":45},{"not_picked":["ShatteredReality","Snipe+1","Potential+1"],"picked":"SKIP","floor":45},{"not_picked":["Revamp+1","Hightail+1"],"picked":"Luminosity+1","floor":48},{"not_picked":["Moondial+1","Alleviate+1","Rearm+1"],"picked":"SKIP","floor":48},{"not_picked":["Unruled","Shuttle+1"],"picked":"DancingSilver+1","floor":54}],"player_experience":145355,"relics_obtained":[{"floor":1,"key":"LetterFromLob"},{"floor":6,"key":"Blood Vial"},{"floor":8,"key":"Toy Ornithopter"},{"floor":9,"key":"Potion Belt"},{"floor":10,"key":"Gremlin Food"},{"floor":12,"key":"Replay:Baseball"},{"floor":23,"key":"Regal Pillow"},{"floor":25,"key":"ReplayFunnel"},{"floor":26,"key":"Replay:Wax Seal"},{"floor":27,"key":"Eternal Feather"},{"floor":29,"key":"REME_ArchaeologicalTools"},{"floor":39,"key":"Prayer Wheel"},{"floor":43,"key":"REME_HandOfSuture"},{"floor":54,"key":"Replay:Arrowhead"}],"event_choices":[],"is_beta":false,"boss_relics":[{"not_picked":["ReplayTheSpireMod:DimensionalGlitch","StoneMask"],"picked":"Fusion Hammer"},{"not_picked":["REME_ChargedStone","Replay:Bronze Core"],"picked":"Replay:Grab Bag"},{"not_picked":["Philosopher\u0027s Stone","ChewingGum"],"picked":"Cursed Key"},{"not_picked":["Sozu","Busted Crown"],"picked":"Coffee Dripper"},{"not_picked":["Runic Pyramid","Kintsugi"],"picked":"Astrolabe"}],"items_purged_floors":[],"is_endless":false,"potions_floor_spawned":[3,5,14,16,22,23,27,30,33,35,45,54],"ascension_level":5}}