{"host":"e4wnmsyty9uvvtwf","time":1613304093,"event":{"mods":["Act Like it!","BaseMod","Colored Map","Colored Powertips","Gensokyo","Koishi","Minty Spire (QoL Compilation)","StSLib"],"gold_per_floor":[118,118,136,59,59,94,94,114,183,183,113,113,342,355,355,429,429,429,70,88,104,204,204,204,234,234,269,269,269,196,196,196,196,196],"floor_reached":33,"language":"ZHS","playtime":1117,"items_purged":[],"score":534,"play_id":"53aa5a88-b7cc-416b-ac44-3fa4d275a2c5","local_time":"20210214200133","is_ascension_mode":true,"campfire_choices":[{"data":"Koishi:DanmakuParanoia","floor":7,"key":"SMITH"},{"data":"Koishi:ImGoingToCallYouNow","floor":10,"key":"SMITH"},{"data":"Koishi:Catatonia","floor":12,"key":"SMITH"},{"data":"Koishi:SprinkleStarAndHeart","floor":15,"key":"SMITH"},{"data":"Koishi:FadingMemory","floor":23,"key":"SMITH"},{"data":"Koishi:MindStellarRelief","floor":29,"key":"SMITH"},{"data":"Koishi:DanmakuParanoia","floor":32,"key":"SMITH"}],"circlet_count":0,"master_deck":["AscendersBane","Koishi:BasicStrike","Koishi:BasicStrike","Koishi:BasicStrike+1","Koishi:BasicStrike","Koishi:BasicDefend","Koishi:BasicDefend+1","Koishi:BasicDefend","Koishi:BasicDefend","Koishi:Provoke","Koishi:HauntingSlash","Koishi:BloodcurdlingScream","Koishi:MindNumbingTerror+1","Koishi:DanmakuParanoia+1","Koishi:SprinkleStarAndHeart+1","Koishi:ImGoingToCallYouNow+1","Koishi:Catatonia+1","Koishi:DreadfulBlow","Koishi:YoukaiPolygraph","Koishi:FadingMemory+1","Koishi:YoukaiPolygraph","Koishi:UnconsciousUrges","Koishi:DNAsFlaw","Koishi:DanmakuParanoia+1","Koishi:YoukaiPolygraph","Koishi:MindStellarRelief+1","Koishi:PhilosophyOfTheDespised","Gensokyo:RustyChest","Gensokyo:Shovel"],"relics":["Koishi:ImaginaryFriend","Mango","Orichalcum","Letter Opener","Du-Vu Doll","Busted Crown","Tiny Chest","WingedGreaves","Ice Cream","Gensokyo:DayTheSeaSplit","TungstenRod","MealTicket","Darkstone Periapt","The Courier","Gensokyo:RedStar"],"acts_visited":["Exordium","Gensokyo:Gensokyo"],"potions_floor_usage":[6,18,21],"damage_taken":[{"damage":0,"enemies":"Gensokyo:Python","floor":1,"turns":4},{"damage":4,"enemies":"Gensokyo:Gryphon","floor":3,"turns":4},{"damage":36,"enemies":"Gensokyo:Aya","floor":6,"turns":9},{"damage":1,"enemies":"Gensokyo:2_Kodama","floor":8,"turns":8},{"damage":12,"enemies":"Gensokyo:Mamizou","floor":13,"turns":6},{"damage":0,"enemies":"Gensokyo:VengefulSpirit","floor":14,"turns":4},{"damage":15,"enemies":"Gensokyo:Kokoro","floor":16,"turns":9},{"damage":0,"enemies":"Gensokyo:3_Dogs","floor":18,"turns":1},{"damage":10,"enemies":"Gensokyo:AngelMirror","floor":20,"turns":2},{"damage":5,"enemies":"Gensokyo:Swordslinger","floor":21,"turns":3},{"damage":1,"enemies":"Gensokyo:Swordslinger","floor":22,"turns":7},{"damage":0,"enemies":"Gensokyo:Reisen","floor":25,"turns":4},{"damage":16,"enemies":"Gensokyo:Koishi","floor":27,"turns":5},{"damage":35,"enemies":"Gensokyo:Kaguya","floor":33,"turns":3}],"seed_played":"6567750790940568378","potions_obtained":[{"floor":1,"key":"Energy Potion"},{"floor":3,"key":"SmokeBomb"},{"floor":14,"key":"SneckoOil"},{"floor":25,"key":"BlessingOfTheForge"}],"is_trial":false,"path_per_floor":["M","?","M","COS","$","E","R","M","T","R","?","R","E","M","R","B",null,"M","$","M","M","?","R","?","E","T","E","T","R","COS","?","R","B"],"character_chosen":"KOISHI","items_purchased":["Tiny Chest","Koishi:YoukaiPolygraph","Koishi:UnconsciousUrges","Koishi:DNAsFlaw"],"campfire_rested":0,"item_purchase_floors":[19,19,19,19],"current_hp_per_floor":[66,66,62,62,62,29,29,30,30,30,30,30,36,53,53,56,64,64,64,66,66,66,66,66,66,66,66,66,66,66,66,66,0,0],"gold":196,"neow_bonus":"ONE_RARE_RELIC","is_daily":false,"chose_seed":false,"campfire_upgraded":7,"win_rate":0.0,"timestamp":1613304093,"path_taken":["M","?","M","COS","?","E","R","M","T","R","?","R","E","?","R","BOSS","M","?","M","?","?","R","?","E","T","E","?","R","COS","?","R","BOSS"],"items_purchased_type":["Relic","Card","Card","Card"],"build_version":"2020-12-22","purchased_purges":0,"victory":false,"max_hp_per_floor":[66,66,66,66,66,66,66,66,66,66,66,66,66,66,66,66,66,66,66,66,66,66,66,66,66,66,66,66,66,66,66,66,33,33],"card_choices":[{"not_picked":["Koishi:StrangeCloudFist","Koishi:UnconsciousUprising"],"picked":"Koishi:BloodcurdlingScream","floor":1},{"not_picked":["Koishi:HeartfeltFancy","Koishi:UnconsciousUprising"],"picked":"Koishi:DanmakuParanoia","floor":3},{"not_picked":["Koishi:BloodcurdlingScream","Koishi:SpiritedAway"],"picked":"Koishi:SprinkleStarAndHeart","floor":6},{"not_picked":["Koishi:Heartbroken","Koishi:GrowingPain"],"picked":"Koishi:ImGoingToCallYouNow","floor":8},{"not_picked":["Koishi:JumpScare","Koishi:SubconsciousSweep"],"picked":"Koishi:Catatonia","floor":8},{"not_picked":["Koishi:BloodcurdlingScream","Koishi:IdleWhim"],"picked":"Koishi:DreadfulBlow","floor":13},{"not_picked":["Koishi:SubterraneanRose","Koishi:StingingMind"],"picked":"Koishi:YoukaiPolygraph","floor":14},{"not_picked":["Koishi:FormlessExistence","Koishi:GrowingPain"],"picked":"Koishi:FadingMemory","floor":16},{"not_picked":["Koishi:EmbryosDream"],"picked":"SKIP","floor":20},{"not_picked":[],"picked":"Koishi:DanmakuParanoia","floor":21},{"not_picked":[],"picked":"Koishi:YoukaiPolygraph","floor":22},{"not_picked":[],"picked":"Koishi:MindStellarRelief","floor":25},{"not_picked":[],"picked":"Koishi:PhilosophyOfTheDespised","floor":27}],"player_experience":563436,"relics_obtained":[{"floor":6,"key":"Orichalcum"},{"floor":9,"key":"Letter Opener"},{"floor":13,"key":"Du-Vu Doll"},{"floor":22,"key":"WingedGreaves"},{"floor":22,"key":"Ice Cream"},{"floor":25,"key":"TungstenRod"},{"floor":26,"key":"MealTicket"},{"floor":27,"key":"Darkstone Periapt"},{"floor":28,"key":"The Courier"}],"event_choices":[],"is_beta":false,"boss_relics":[{"not_picked":["Pandora\u0027s Box","Velvet Choker"],"picked":"Busted Crown"}],"items_purged_floors":[],"is_endless":false,"potions_floor_spawned":[1,3,14,18,25],"killed_by":"Gensokyo:Kaguya","ascension_level":14}}