{"host":"blnmo1e2jbqugfxh","time":1613295864,"event":{"mods":["2.2 Compatiblity","Astrologer","Bard","BaseMod","Beaked The Cultist","Colored Powertips","Conspire","Downfall","Friendly Minions","Googly Eyes","Hermit","Highlight Path","Hubris","Infinite Spire","Marisa????????","Mimic Mod","Minty Spire (QoL Compilation)","MostiFishMod","Prisma Mod","Quick Restart","Rare Cards Sparkle","Replay The Spire","Shop Mod","StSLib","The Construct","The Cursed","The Disciple","The Exalted","The Hierophant","The Mystic","The Servant 0.9.4"],"gold_per_floor":[99,115,131,131,170,197,197,214,233,188,188,220,231,231,251,352,352,352,362,382,399,399,82,82,82,102,102,122,122,152,172,189,288,288,288,299,315,334,351,386,386,236,236,236,236,236,249,278,295,295],"floor_reached":51,"language":"ENG","playtime":2093,"items_purged":["Parasite","bronze:Defend"],"score":943,"play_id":"25b31c05-b15c-47fa-9836-c6709f4df3ff","local_time":"20210214044424","is_ascension_mode":false,"campfire_choices":[{"data":"bronze:Replicate","floor":1,"key":"SMITH"},{"floor":11,"key":"REST"},{"data":"bronze:Goto","floor":18,"key":"SMITH"},{"data":"bronze:DigitalCarnage","floor":27,"key":"SMITH"},{"floor":29,"key":"RECALL"},{"data":"bronze:Iterate","floor":35,"key":"SMITH"},{"data":"bronze:DigitalCarnage","floor":43,"key":"SMITH"}],"circlet_count":0,"master_deck":["bronze:Strike","bronze:Strike","bronze:Strike","bronze:Strike","bronze:Defend","bronze:Defend","bronze:Defend","bronze:Replicate+1","bronze:Goto+1","bronze:Iterate+1","bronze:Repair","bronze:BuggyMess","bronze:ShipIt","bronze:Iterate+1","bronze:WhirlingStrike","bronze:Fortify+1","bronze:WhirlingStrike","bronze:DelayedGuard+1","bronze:Shield+1","bronze:Break","bronze:DelayedSlice+1","bronze:Flail+1","bronze:Invalidate+1","bronze:DigitalCarnage+1","bronze:DarkDash+1","expansioncontent:DashGenerateEvil","bronze:Overheat+1","bronze:Turbo+1","bronze:Overheat+1","bronze:DigitalCarnage+1","bronze:Iterate+1","bronze:Overheat+1"],"relics":["bronze:BronzeCore","DaveBox","Bromod:ArcaneTempo","construct:BoolHorns","Onion Ring","ReplayTheSpireMod:CursedCoin","Toxic Egg 2","ExusiaiGun","hubris:SphereOfDissonance","Question Card","conspire:Flyswatter","hubris:ScarierMask","hubris:BottledRain","hubris:Icosahedron","Toy Ornithopter"],"acts_visited":["Exordium","TheCity","TheBeyond"],"potions_floor_usage":[15,21,50],"damage_taken":[{"damage":2,"enemies":"Jaw Worm","floor":2,"turns":4},{"damage":0,"enemies":"Small Slimes","floor":3,"turns":2},{"damage":41,"enemies":"conspire:MimicChest","floor":5,"turns":10},{"damage":34,"enemies":"Lagavulin","floor":6,"turns":8},{"damage":0,"enemies":"Cultist","floor":8,"turns":3},{"damage":0,"enemies":"Gremlin Gang","floor":9,"turns":3},{"damage":0,"enemies":"downfall:FleeingMerchant","floor":10,"turns":4},{"damage":8,"enemies":"3 Sentries","floor":12,"turns":3},{"damage":0,"enemies":"Red Slaver","floor":13,"turns":2},{"damage":0,"enemies":"Blue Slaver","floor":15,"turns":2},{"damage":41,"enemies":"DF_ARCHETYPE_STREAMLINE","floor":16,"turns":11},{"damage":0,"enemies":"Chosen","floor":19,"turns":2},{"damage":0,"enemies":"Spheric Guardian","floor":20,"turns":1},{"damage":10,"enemies":"Snake Plant","floor":21,"turns":2},{"damage":0,"enemies":"downfall:FleeingMerchant","floor":23,"turns":2},{"damage":0,"enemies":"Snecko","floor":26,"turns":1},{"damage":0,"enemies":"Centurion and Healer","floor":28,"turns":2},{"damage":12,"enemies":"Slavers","floor":30,"turns":2},{"damage":0,"enemies":"Sentry and Sphere","floor":31,"turns":1},{"damage":0,"enemies":"3 Cultists","floor":32,"turns":2},{"damage":0,"enemies":"IC_MUSHROOM_ARCHETYPE","floor":33,"turns":1},{"damage":0,"enemies":"Orb Walker","floor":36,"turns":1},{"damage":0,"enemies":"3 Darklings","floor":37,"turns":1},{"damage":0,"enemies":"Spire Growth","floor":38,"turns":1},{"damage":0,"enemies":"Maw","floor":39,"turns":3},{"damage":0,"enemies":"Reptomancer","floor":40,"turns":1},{"damage":0,"enemies":"Sphere and 2 Shapes","floor":47,"turns":1},{"damage":0,"enemies":"Nemesis","floor":48,"turns":3},{"damage":57,"enemies":"Transient","floor":49,"turns":5},{"damage":0,"enemies":"WA_ARCHETYPE_DIVINITY","floor":50,"turns":3}],"seed_played":"4217086386657447202","potions_obtained":[{"floor":5,"key":"DuplicationPotion"},{"floor":6,"key":"Fire Potion"},{"floor":12,"key":"GamblersBrew"},{"floor":15,"key":"Weak Potion"},{"floor":28,"key":"SmokeBomb"},{"floor":33,"key":"Fire Potion"},{"floor":47,"key":"SteroidPotion"}],"is_trial":false,"path_per_floor":["R","M","M","?","?","E","T","M","M","$","R","E","M","?","M","B",null,"R","M","M","M","?","$","T","$","M","R","M","R","E","M","M","B",null,"R","M","M","M","M","E","T","?","R","$","?","?","M","E","M","B",null],"character_chosen":"THE_AUTOMATON","items_purchased":["bronze:Fortify+1","ReplayTheSpireMod:CursedCoin","bronze:WhirlingStrike","hubris:SphereOfDissonance","bronze:DigitalCarnage","bronze:DarkDash+1","expansioncontent:DashGenerateEvil"],"campfire_rested":1,"item_purchase_floors":[10,10,10,23,23,23,23],"current_hp_per_floor":[77,75,75,75,41,14,14,21,28,35,57,49,56,56,63,29,74,74,74,74,64,64,64,64,64,64,64,64,64,52,52,52,52,74,74,74,74,74,74,74,74,84,84,84,84,84,84,84,27,32],"gold":295,"neow_bonus":"TEN_PERCENT_HP_BONUS","is_daily":false,"chose_seed":false,"campfire_upgraded":5,"win_rate":0.0,"timestamp":1613295864,"path_taken":["R","M","M","?","?","E","T","?","?","?","R","E","M","?","M","BOSS","R","M","M","M","?","$","T","$","M","R","M","R","E","M","M","BOSS","R","M","M","M","M","E","T","?","R","?","?","?","?","E","M","BOSS"],"items_purchased_type":["Card","Relic","Card","Relic","Card","Card","Card"],"build_version":"2020-12-22","purchased_purges":2,"victory":true,"max_hp_per_floor":[77,77,77,77,77,77,77,77,77,74,74,74,74,74,74,74,74,74,74,74,74,74,74,74,74,74,74,74,74,74,74,74,74,74,74,74,74,74,74,74,74,84,84,84,84,84,84,84,84,84],"card_choices":[{"not_picked":["bronze:BitShift","bronze:Backtrace"],"picked":"bronze:Iterate","floor":2},{"not_picked":["bronze:Deprecate","bronze:Repulsor"],"picked":"bronze:Repair","floor":3},{"not_picked":["bronze:Iterate","bronze:Deprecate"],"picked":"bronze:BuggyMess","floor":5},{"not_picked":["bronze:BugBarrage","bronze:Return"],"picked":"bronze:ShipIt","floor":6},{"not_picked":["bronze:DelayedSlice","bronze:FineTuning"],"picked":"bronze:Iterate","floor":8},{"not_picked":["bronze:OilSpill","bronze:Branch","bronze:Shield"],"picked":"SKIP","floor":9},{"not_picked":["bronze:Branch","bronze:Assembly"],"picked":"bronze:WhirlingStrike","floor":10},{"not_picked":["bronze:CutThrough","bronze:FollowUp"],"picked":"bronze:DelayedGuard+1","floor":12},{"not_picked":["bronze:ChosenStrike","bronze:DelayedGuard+1"],"picked":"bronze:Shield+1","floor":13},{"not_picked":["bronze:ForceShield+1","bronze:Backtrace","bronze:OilSpill"],"picked":"SKIP","floor":15},{"not_picked":["bronze:HardenedForm","bronze:SpaghettiCode+1"],"picked":"bronze:Break","floor":16},{"not_picked":["bronze:BuggyMess+1","bronze:ItsAFeature"],"picked":"bronze:DelayedSlice+1","floor":19},{"not_picked":["bronze:OilSpill","bronze:ForLoop+1","bronze:FineTuning+1"],"picked":"SKIP","floor":20},{"not_picked":["bronze:Shield+1","bronze:DelayedGuard+1"],"picked":"bronze:Flail+1","floor":21},{"not_picked":["bronze:CleanCode","bronze:ChildClass+1"],"picked":"bronze:Invalidate+1","floor":23},{"not_picked":["bronze:DelayedSlice","bronze:Deprecate+1","bronze:Flail"],"picked":"bronze:Overheat+1","floor":26},{"not_picked":["bronze:ForLoop+1","bronze:OilSpill","bronze:BuggyMess+1"],"picked":"bronze:Turbo+1","floor":28},{"not_picked":["bronze:BronzeArmor+1","bronze:Invalidate+1","bronze:NullPointer","bronze:Allocate+1"],"picked":"SKIP","floor":30},{"not_picked":["bronze:OilSpill","bronze:BitShift+1","bronze:NullPointer+1"],"picked":"bronze:Overheat+1","floor":31},{"not_picked":["bronze:Allocate+1","bronze:Safeguard+1","bronze:CutThrough","bronze:Invalidate+1"],"picked":"SKIP","floor":32},{"not_picked":["bronze:Overheat","bronze:FineTuning+1","bronze:Return+1"],"picked":"bronze:DigitalCarnage","floor":36},{"not_picked":["bronze:Branch","bronze:DelayedSlice","bronze:DelayedGuard+1"],"picked":"bronze:Iterate+1","floor":37},{"not_picked":["bronze:Boost+1","bronze:ClassDefault+1","bronze:DelayedSlice+1","bronze:FindAndReplace+1"],"picked":"SKIP","floor":38},{"not_picked":["bronze:BuggyMess+1","bronze:DelayedSlice+1","bronze:OilSpill","bronze:Overheat+1"],"picked":"SKIP","floor":39},{"not_picked":["bronze:ClassDefault","bronze:Shield+1","bronze:Return+1","bronze:DarkDash"],"picked":"SKIP","floor":40},{"not_picked":["bronze:BuggyMess+1","bronze:NullPointer","bronze:WildBeam","bronze:BronzeArmor+1"],"picked":"SKIP","floor":47},{"not_picked":["bronze:Optimize+1","bronze:ForceShield+1","bronze:OilSpill+1"],"picked":"bronze:Overheat+1","floor":48},{"not_picked":["bronze:Branch+1","bronze:WhirlingStrike","bronze:BuggyMess+1","bronze:Break"],"picked":"SKIP","floor":49}],"player_experience":27116,"relics_obtained":[{"floor":5,"key":"Bromod:ArcaneTempo"},{"floor":6,"key":"construct:BoolHorns"},{"floor":7,"key":"Onion Ring"},{"floor":12,"key":"Toxic Egg 2"},{"floor":24,"key":"Question Card"},{"floor":30,"key":"conspire:Flyswatter"},{"floor":40,"key":"hubris:BottledRain"},{"floor":48,"key":"Toy Ornithopter"}],"event_choices":[{"damage_healed":0,"gold_gain":0,"player_choice":"Leave","damage_taken":0,"max_hp_gain":0,"max_hp_loss":0,"event_name":"conspire:Investor","floor":22,"gold_loss":0}],"is_beta":false,"boss_relics":[{"not_picked":["ChewingGum","RhineSuit"],"picked":"ExusiaiGun"},{"not_picked":["Replay:Ancient Bell","Calling Bell"],"picked":"hubris:ScarierMask"}],"items_purged_floors":[10,23],"is_endless":false,"potions_floor_spawned":[5,6,12,15,16,28,30,32,33,36,47,48,49],"ascension_level":0}}