{"host":"jwpp8hxpigr0nknu","time":1613331761,"event":{"mods":["BaseMod","BetterRewards","Colored Map","Colored Powertips","Minty Spire (QoL Compilation)","Rare Cards Sparkle","Shop Mod","StSLib"],"gold_per_floor":[112,112,122,122,72,112,147,190,217,217,217],"floor_reached":10,"language":"ENG","playtime":415,"items_purged":[],"score":122,"play_id":"6c39ceec-c6e5-418b-b039-7ad206bf1af1","local_time":"20210214134241","daily_mods":["Draft","Heirloom","Flight","DeadlyEvents","Elite Swarm"],"is_ascension_mode":true,"campfire_choices":[],"circlet_count":0,"master_deck":["Undo+1","Lockon","Coolheaded","Cold Snap","Capacitor","Sweeping Beam","Fusion+1","Undo","Sunder","Coolheaded+1","Doom and Gloom","Double Energy+1","Conserve Battery","Capacitor","Leap","Blizzard","Seek","Fission","Machine Learning"],"relics":["Cracked Core","CaptainsWheel","Golden Idol","Nunchaku","War Paint","InkBottle","PreservedInsect"],"acts_visited":["Exordium"],"potions_floor_usage":[7,7],"damage_taken":[{"damage":0,"enemies":"2 Louse","floor":1,"turns":2},{"damage":0,"enemies":"Small Slimes","floor":3,"turns":3},{"damage":5,"enemies":"Lagavulin","floor":6,"turns":6},{"damage":16,"enemies":"3 Sentries","floor":7,"turns":5},{"damage":5,"enemies":"Lagavulin","floor":8,"turns":6},{"damage":9,"enemies":"Gremlin Nob","floor":10,"turns":2}],"seed_played":"-6439328725151634281","potions_obtained":[{"floor":1,"key":"DistilledChaos"},{"floor":6,"key":"Fire Potion"},{"floor":7,"key":"LiquidBronze"}],"is_trial":true,"path_per_floor":["M","?","M","?","?","E","E","E","T","E"],"character_chosen":"DEFECT","items_purchased":[],"campfire_rested":0,"item_purchase_floors":[],"current_hp_per_floor":[68,53,53,35,35,30,14,9,9,0,0],"gold":217,"neow_bonus":"","is_daily":false,"chose_seed":false,"campfire_upgraded":0,"win_rate":0.0,"timestamp":1613331761,"path_taken":["M","?","M","?","?","E","E","E","T","E"],"items_purchased_type":[],"build_version":"2020-12-22","purchased_purges":0,"victory":false,"max_hp_per_floor":[75,75,75,75,75,75,75,75,75,75,75],"card_choices":[{"not_picked":["Go for the Eyes","Rebound"],"picked":"Undo","floor":0},{"not_picked":["Ball Lightning","Force Field"],"picked":"Lockon","floor":0},{"not_picked":["Hologram","White Noise"],"picked":"Ball Lightning","floor":0},{"not_picked":["Barrage","Sweeping Beam"],"picked":"Coolheaded","floor":0},{"not_picked":["Conserve Battery","Sweeping Beam"],"picked":"Cold Snap","floor":0},{"not_picked":["Turbo","Coolheaded"],"picked":"Capacitor","floor":0},{"not_picked":["Reprogram","Gash"],"picked":"Sweeping Beam","floor":0},{"not_picked":["Reprogram","Barrage"],"picked":"Fusion","floor":0},{"not_picked":["Melter","Rip and Tear"],"picked":"Undo","floor":0},{"not_picked":["Steam","Redo"],"picked":"Sunder","floor":0},{"not_picked":["Go for the Eyes","Reprogram"],"picked":"Coolheaded","floor":0},{"not_picked":["Barrage","Stack"],"picked":"Doom and Gloom","floor":0},{"not_picked":["Undo","Cold Snap"],"picked":"Double Energy","floor":0},{"not_picked":["Reprogram","Steam"],"picked":"Conserve Battery","floor":0},{"not_picked":["Hologram","Steam"],"picked":"Capacitor","floor":0},{"not_picked":["Coolheaded","Stack"],"picked":"Leap","floor":1},{"not_picked":["Gash","Streamline"],"picked":"Blizzard","floor":3},{"not_picked":["Buffer","Hyperbeam"],"picked":"Seek","floor":6},{"not_picked":["Amplify","Electrodynamics"],"picked":"Fission","floor":7},{"not_picked":["Core Surge","Creative AI"],"picked":"Machine Learning","floor":8}],"player_experience":365152,"relics_obtained":[{"floor":6,"key":"Nunchaku"},{"floor":7,"key":"War Paint"},{"floor":8,"key":"InkBottle"},{"floor":9,"key":"PreservedInsect"}],"event_choices":[{"damage_healed":0,"gold_gain":0,"player_choice":"Entered Light","damage_taken":15,"max_hp_gain":0,"max_hp_loss":0,"event_name":"Shining Light","floor":2,"gold_loss":0,"cards_upgraded":["Fusion","Undo"]},{"damage_healed":0,"gold_gain":0,"player_choice":"Take Damage","damage_taken":18,"relics_obtained":["Golden Idol"],"max_hp_gain":0,"max_hp_loss":0,"event_name":"Golden Idol","floor":4,"gold_loss":0},{"cards_removed":["Ball Lightning"],"damage_healed":0,"gold_gain":0,"player_choice":"Card Removal","damage_taken":0,"max_hp_gain":0,"max_hp_loss":0,"event_name":"The Cleric","floor":5,"gold_loss":50}],"is_beta":false,"boss_relics":[],"items_purged_floors":[],"is_endless":true,"potions_floor_spawned":[1,6,7],"killed_by":"Gremlin Nob","ascension_level":9}}