{"host":"3wijtn94dq1zoyhj","time":1613294647,"event":{"mods":["ATMod(°¢èªMod)","Act Like it!","Ascension Reborn","Aspiration","BaseMod","Dota2Spire","Gensokyo","GifTheSpireLib","Marisa£¨ìFÓê¡¡Ä§ÀíÉ³£©","Minty Spire (QoL Compilation)","MostiFishMod","Quick Restart","Reimu£¨²©ÀöÁéÃÎ£©","Remilia£¨ÀÙÃ×ÀòÑÇ£©","Replay The Spire","Shop Mod","Spicy Shops","StSLib","The Animator","The Construct","The Cursed","The Servant 0.9.4","¡¾¹¦ÄÜMod¡¿´ÏÃ÷µÄ×îÖÕBoss","¡¾ÒÅÎï¿¨ÅÆ¡¿REMEMod","óô»ðÖ¸ÄÏ"],"gold_per_floor":[116,116,116,116,133,133,85,113,136,136,161,98,48,98,98,187,187,218,237,237,265,265,321,321,364,364,411,411,458,458,478,478,589,589,589,346,346,346,373,290,337,205,205,228,228,228,272,272,320,342,47,67,67,67,67,112,158],"floor_reached":58,"language":"ZHS","playtime":2386,"items_purged":["Clumsy","Injury","Regret","SilverBlades"],"score":1804,"play_id":"b26518e6-1b1a-4202-b9ff-baab3495ab4d","local_time":"20210214172407","is_ascension_mode":true,"campfire_choices":[{"floor":6.0,"key":"REST"},{"floor":15.0,"key":"RECALL"},{"floor":32.0,"key":"REST"},{"floor":54,"key":"REST"}],"circlet_count":0,"master_deck":["AscendersBane","Strike_S","Strike_S","Strike_S","Strike_S","Defend_S","Defend_S","Defend_S","Defend_S","KidneyShot","Exchange","Snipe","BestPractice","FanOfKnives","Potential","Alleviate","Rearm","Spin","InstantArmor+1","SoulSculpture","Pot Of Greed+1","Pot Of Greed+1","Orbit","Pot Of Greed+1","AT_FalsePromise+1","DoubleEdge","AT_BreakingExtremeWeapon+1","Hightail+1","Replace+1","ShatteredReality","Dramatic Entrance","FlawlessForm+1","Desolation+1","MoonPhase+1","REME_FirmDetermination","Spin","Pot Of Greed+1","BottledTime+1","Foresight","Rewind+1","Ricochet","Unruled","ShiftingGears+1","DancingSilver+1","Read+1","Defy+1","Pride","KillingDoll+1","Pot Of Greed+1","DualDimension+1","TimeWarp","Initiator+1","ReplayTheSpireMod:Necrogeddon+1","SilverBlades","Replay:Bootleg Shield Generator+1","Bandage Up+1","Trip+1","Barrier+1","Contraction+1","Contraction+1","Ricochet","Starlight","Pot Of Greed+1","MoonPhase","Initiator+1"],"relics":["Uniform","DaveBox","AT_ATBox","REME_ComplimentaryCards","DiscerningMonocle","NeowsBlessing","SynthV:TestCard","Strawberry","Lizard Tail","Toolbox","PocketWatch","Pear","TentaclePot:ReiMu","Toxic Egg 2","AT_BladeRuinedKing","Dota2Spire:MaskOfMadness","Juzu Bracelet","Grinning Jar","Simple Rune","Lee\u0027s Waffle","Broom","Replay:Bottled Steam","BrkXgEgg","Replay:Accelerometer","AT_RedNoBalance","Replay:Arrowhead","Medical Kit","Membership Card","Replay:Bandana","HereWithMe","Blood Vial","Sling","AT_EbonyIvory","Dota2Spire:OrchidMalevolence","ChiLing","Chi","Ling","DianDianMeat","AT_BellowingDragoncrestRing","GreatHeart","Quantum Egg","Oddly Smooth Stone","Replay:Towering Pillar of Hats","TimeFreeze","Garlic","Dota2Spire:Mjollnir","BirthdayGift-Tetrahedron","Black Star","Mummified Hand","TheAbacus","Shuriken","Vajra","HandDrill","aspiration:Lifesprig","AT_TimeSand","Mirror","Civilization","Frozen Eye","Eternal Feather","Boot","CaptainsWheel","OldScarf","aspiration:HatOfInfinitePower","SynthV","Sundial","Anchor","Strange Spoon","Nunchaku","MerchantsRug","Letter Opener","Lantern"],"acts_visited":["Exordium","TheCity","TheBeyond","TheEnding"],"potions_floor_usage":[],"damage_taken":[{"damage":0.0,"enemies":"2 Louse","floor":1.0,"turns":1.0},{"damage":0.0,"enemies":"Jaw Worm","floor":5.0,"turns":1.0},{"damage":0.0,"enemies":"Gremlin Nob","floor":8.0,"turns":1.0},{"damage":3.0,"enemies":"Lagavulin","floor":11.0,"turns":5.0},{"damage":11.0,"enemies":"The Guardian","floor":16.0,"turns":5.0},{"damage":0.0,"enemies":"2 Thieves","floor":18.0,"turns":2.0},{"damage":0.0,"enemies":"Spheric Guardian","floor":19.0,"turns":1.0},{"damage":0.0,"enemies":"Snake Plant","floor":21.0,"turns":2.0},{"damage":0.0,"enemies":"Gremlin Leader","floor":23.0,"turns":1.0},{"damage":0.0,"enemies":"Book of Stabbing","floor":25.0,"turns":1.0},{"damage":2.0,"enemies":"Shelled Parasite and Fungi","floor":27.0,"turns":1.0},{"damage":1.0,"enemies":"REME_1_Revenger","floor":29.0,"turns":1.0},{"damage":0.0,"enemies":"Centurion and Healer","floor":31.0,"turns":1.0},{"damage":0.0,"enemies":"Champ","floor":33.0,"turns":2.0},{"damage":0.0,"enemies":"Orb Walker","floor":35.0,"turns":1.0},{"damage":0.0,"enemies":"3 Darklings","floor":39.0,"turns":1.0},{"damage":0.0,"enemies":"R_Hoarder","floor":41.0,"turns":1.0},{"damage":0.0,"enemies":"4 Shapes","floor":44.0,"turns":1.0},{"damage":0.0,"enemies":"Transient","floor":47.0,"turns":2.0},{"damage":0.0,"enemies":"Reptomancer","floor":49.0,"turns":1.0},{"damage":0.0,"enemies":"Writhing Mass","floor":50.0,"turns":1.0},{"damage":0,"enemies":"Time Eater","floor":52,"turns":2},{"damage":0,"enemies":"Shield and Spear","floor":56,"turns":1},{"damage":0,"enemies":"The Heart","floor":57,"turns":3}],"seed_played":"3032165786211581531","potions_obtained":[{"floor":1.0,"key":"Reflective Coating"},{"floor":11.0,"key":"SpeedPotion"},{"floor":21.0,"key":"Adrenaline Potion"},{"floor":23.0,"key":"Death Potion"},{"floor":33.0,"key":"Toxic Potion"},{"floor":39.0,"key":"Dota2Spire:HealingSalve"}],"is_trial":false,"path_per_floor":["M","$","?","?","M","R","?","E","T","$","E","?","$","?","R","B",null,"M","M","$","M","?","E","?","E","T","M","?","E","$","M","R","B",null,"M","R","$","?","M","R","E","R","T","M","PTL","PTL","M","$","E","M","R","B",null,"R","$","E","B",null],"character_chosen":"THE_SERVANT","items_purchased":["Strawberry","Lizard Tail","Toolbox","PocketWatch","Pear","TentaclePot:ReiMu","BestPractice","FanOfKnives","Potential","Alleviate","Rearm","SoulSculpture","Grinning Jar","Simple Rune","Lee\u0027s Waffle","Broom","Replay:Bottled Steam","BrkXgEgg","Explosive Potion","Orbit","SilverBlades","AT_FalsePromise+1","Replay:Arrowhead","Medical Kit","Membership Card","Replay:Bandana","AT_BreakingExtremeWeapon+1","Hightail+1","Replace+1","ShatteredReality","Dramatic Entrance","Blood Vial","Sling","AT_EbonyIvory","Dota2Spire:OrchidMalevolence","ChiLing","DianDianMeat","REME_FirmDetermination","Spin","LiquidBronze","BottledTime+1","Foresight","Rewind+1","Ricochet","Oddly Smooth Stone","Replay:Towering Pillar of Hats","TimeFreeze","Garlic","Dota2Spire:Mjollnir","BirthdayGift-Tetrahedron","DualDimension+1","Mummified Hand","ReplayTheSpireMod:Necrogeddon+1","TheAbacus","Shuriken","Vajra","HandDrill","SilverBlades","aspiration:Lifesprig","Mirror","Civilization","Frozen Eye","Contraction+1","Eternal Feather","Boot","CaptainsWheel","SynthV","Sundial","Anchor","Strange Spoon","Nunchaku","Ricochet","Starlight","MoonPhase","MerchantsRug"],"campfire_rested":3,"item_purchase_floors":[2,2,2,2,2,2,2,2,2,2,2,10,10,10,10,10,10,10,10,10,10,10,13,13,13,13,13,13,13,13,13,20,20,20,20,20,20,20,20,20,20,20,20,20,30,30,30,30,30,30,30,36,36,37,37,37,37,37,40,42,48,48,48,48,48,48,51,51,51,55,55,55,55,55,55],"current_hp_per_floor":[54,71,71,45,45,68,68,68,68,84,81,81,81,81,81,31,71,42,42,70,80,80,92,102,115,115,127,140,155,203,223,255,274,274,274,294,315,374,376,376,378,378,378,405,405,405,407,433,436,465,465,468,468,468,586,623,628],"gold":158,"neow_bonus":"THREE_ENEMY_KILL","is_daily":false,"chose_seed":false,"campfire_upgraded":0,"win_rate":0.0,"timestamp":1613294647,"path_taken":["M","$","?","?","?","R","?","E","T","?","E","?","$","?","R","BOSS","M","M","$","M","?","E","?","E","T","M","?","E","$","M","R","BOSS","M","M","$","?","M","R","E","R","T","M","PTL","PTL","M","$","E","M","R","BOSS","R","$","E","BOSS"],"items_purchased_type":["Relic","Relic","Relic","Relic","Relic","Relic","Card","Card","Card","Card","Card","Card","Relic","Relic","Relic","Relic","Relic","Relic","Potion","Card","Card","Card","Relic","Relic","Relic","Relic","Card","Card","Card","Card","Card","Relic","Relic","Relic","Relic","Relic","Relic","Card","Card","Potion","Card","Card","Card","Card","Relic","Relic","Relic","Relic","Relic","Relic","Card","Relic","Card","Relic","Relic","Relic","Relic","Card","Relic","Relic","Relic","Relic","Card","Relic","Relic","Relic","Relic","Relic","Relic","Relic","Relic","Card","Card","Card","Relic"],"build_version":"2020-12-22","purchased_purges":4,"victory":true,"max_hp_per_floor":[60,77,77,77,77,77,77,77,77,84,84,84,84,84,84,84,84,84,84,112,120,120,129,139,150,150,162,175,189,237,255,255,274,274,274,294,315,384,384,384,384,384,384,409,409,409,409,435,436,465,465,468,468,468,586,623,628],"card_choices":[{"not_picked":["Comet","MoonPhase"],"picked":"Snipe","floor":1.0},{"not_picked":["Rearm+1","Ricochet","Revamp+1","Snipe"],"picked":"Spin","floor":5.0},{"not_picked":["Deadline+1","Misdirection+1","FastForward+1","Barrier+1"],"picked":"InstantArmor+1","floor":8.0},{"not_picked":["Spin","InstantArmor+1","Potential","Duplication+1"],"picked":"DoubleEdge","floor":11.0},{"not_picked":["Dilation+1","Solidify+1","FloweringNight+1","KillingDoll+1"],"picked":"FlawlessForm+1","floor":16.0},{"not_picked":["Replace+1","Moonlight","Potential+1","Advance+1"],"picked":"Desolation+1","floor":18.0},{"not_picked":["Rearm+1","FastForward+1","Revamp+1","TimeWarp"],"picked":"MoonPhase+1","floor":19.0},{"not_picked":["Ricochet","FastForward+1","Luminosity","Hightail+1"],"picked":"Unruled","floor":21.0},{"not_picked":["Duplication+1","Potential","ShatteredReality","Starlight"],"picked":"ShiftingGears+1","floor":23.0},{"not_picked":["RealityMarble+1","BottledTime+1","Alleviate+1","Replace+1"],"picked":"Read+1","floor":25.0},{"not_picked":["MoonPhase","TimeWarp","Rearm+1","Potential+1"],"picked":"Defy+1","floor":27.0},{"not_picked":["ForgedInTime+1","Snipe","Potential","Alleviate+1"],"picked":"KillingDoll+1","floor":29.0},{"not_picked":["Potential","BottledTime+1","Rewind+1","WasteNot+1"],"picked":"TimeWarp","floor":31.0},{"not_picked":["TheWorld+1","SoulSculpture+1","FloweringNight+1","Deny+1"],"picked":"Initiator+1","floor":33.0},{"not_picked":["Dramatic Entrance","MostiFishMod:Kaleido+1","Trip+1","Swift Strike"],"picked":"Replay:Bootleg Shield Generator+1","floor":38.0},{"not_picked":["Jack Of All Trades+1","REME_TwoStrings+1","MostiFishMod:Kaleido+1","Specialist"],"picked":"Bandage Up+1","floor":38.0},{"not_picked":["Deep Breath+1","Replay:Parry","Replay:BasicMightCard","ReplayTheSpireMod:Uncanny Aura+1"],"picked":"Trip+1","floor":38.0},{"not_picked":["Unruled","Rearm+1","Potential","Replace+1","Alleviate+1"],"picked":"SKIP","floor":39.0},{"not_picked":["FastForward+1","Defy+1","WasteNot+1","DoubleEdge+1","Revamp+1"],"picked":"SKIP","floor":41.0},{"not_picked":["Potential","TimeWarp","Ricochet","KillingDoll+1"],"picked":"Barrier+1","floor":44.0},{"not_picked":["ShatteredReality","Shuttle+1","SurpressingFire","FanOfKnives+1","Alleviate+1"],"picked":"SKIP","floor":47.0},{"not_picked":["Rewind+1","Rearm+1","ShiftingGears+1","WasteNot+1","Defy+1"],"picked":"SKIP","floor":49.0},{"not_picked":["Defy+1","Potential","ReturningBlade","DoubleEdge"],"picked":"Contraction+1","floor":50.0},{"not_picked":["Orbit+1","Potential","ShatteredReality","BottledTime+1"],"picked":"Initiator+1","floor":56}],"player_experience":55959,"relics_obtained":[{"floor":1.0,"key":"SynthV:TestCard"},{"floor":8.0,"key":"Dota2Spire:MaskOfMadness"},{"floor":9.0,"key":"Juzu Bracelet"},{"floor":11.0,"key":"Replay:Accelerometer"},{"floor":23.0,"key":"AT_BellowingDragoncrestRing"},{"floor":29.0,"key":"Quantum Egg"},{"floor":41.0,"key":"AT_TimeSand"},{"floor":49.0,"key":"OldScarf"},{"floor":49.0,"key":"aspiration:HatOfInfinitePower"},{"floor":56,"key":"Letter Opener"},{"floor":56,"key":"Lantern"}],"event_choices":[{"damage_healed":0.0,"max_hp_gain":0.0,"max_hp_loss":0.0,"gold_gain":0.0,"event_name":"Scrap Ooze","player_choice":"Success","floor":4.0,"gold_loss":0.0,"damage_taken":26.0,"relics_obtained":["AT_BladeRuinedKing"]},{"damage_healed":0.0,"max_hp_gain":0.0,"max_hp_loss":0.0,"gold_gain":0.0,"event_name":"World of Goop","player_choice":"Left Gold","floor":7.0,"gold_loss":48.0,"damage_taken":0.0},{"damage_healed":0.0,"max_hp_gain":0.0,"max_hp_loss":0.0,"gold_gain":0.0,"event_name":"WeMeetAgain","player_choice":"Paid Gold","floor":12.0,"gold_loss":63.0,"damage_taken":0.0,"relics_obtained":["AT_SilverBalance"]},{"damage_healed":0.0,"max_hp_gain":0.0,"max_hp_loss":0.0,"gold_gain":50.0,"event_name":"Golden Shrine","player_choice":"Pray","floor":14.0,"gold_loss":0.0,"damage_taken":0.0},{"damage_healed":0.0,"max_hp_gain":0.0,"max_hp_loss":0.0,"gold_gain":0.0,"event_name":"Ghosts","player_choice":"Ignored","floor":22.0,"gold_loss":0.0,"damage_taken":0.0},{"damage_healed":0.0,"max_hp_gain":0.0,"max_hp_loss":0.0,"gold_gain":0.0,"event_name":"The Library","player_choice":"Read","floor":24.0,"gold_loss":0.0,"damage_taken":0.0,"cards_obtained":["DancingSilver"]},{"damage_healed":0.0,"max_hp_gain":0.0,"max_hp_loss":0.0,"gold_gain":0.0,"event_name":"SensoryStone","player_choice":"Memory 3","floor":38.0,"gold_loss":0.0,"damage_taken":10.0}],"is_beta":false,"boss_relics":[{"not_picked":["Replay:Wanted Poster","OneHitWonderSystem"],"picked":"HereWithMe"},{"not_picked":["GreenFoldingFan","Philosopher\u0027s Stone"],"picked":"Black Star"}],"items_purged_floors":[10,13,30,37],"is_endless":false,"potions_floor_spawned":[1,11,21,23,33,35,39,47,49],"ascension_level":0}}