{"host":"fkpiy6brc0jk9mxy","time":1613293134,"event":{"mods":["BaseMod","Hermit","Keyboard Shortcuts","Minty Spire (QoL Compilation)","Permanent Neow","StSLib","SuperFastMode","The Servant 0.9.4","everything is the same but u backflip on backflip"],"gold_per_floor":[129,161,64,96,131,131,158,170,207,258,24,24,24,24,24,146,146,158,198,20,35,35,60,97,97,123,48,48,63,99,135,135,236,236,255,104,104,116,116,116,0,0,0,0,44,107,122,161,161,161,161],"floor_reached":50,"language":"KOR","playtime":2131,"items_purged":["hermit:Strike_Hermit","hermit:Strike_Hermit"],"score":494,"play_id":"f1a8d641-6ae0-4741-bcd6-5c70dfb183ee","local_time":"20210214175854","is_ascension_mode":false,"campfire_choices":[{"data":"HandOfGreed","floor":6.0,"key":"SMITH"},{"data":"hermit:HighCaliber","floor":8.0,"key":"SMITH"},{"data":"hermit:Deadeye","floor":13.0,"key":"SMITH"},{"data":"hermit:BodyArmor","floor":15.0,"key":"SMITH"},{"data":"hermit:Manifest","floor":25.0,"key":"SMITH"},{"floor":32.0,"key":"REST"},{"data":"hermit:DeadOrAlive","floor":40,"key":"SMITH"},{"data":"Discovery","floor":42,"key":"SMITH"},{"floor":49,"key":"REST"}],"circlet_count":0,"master_deck":["hermit:Strike_Hermit","hermit:Strike_Hermit","hermit:Defend_Hermit","hermit:Snapshot","hermit:Covet","Decay","HandOfGreed+1","hermit:HighCaliber+1","hermit:BodyArmor+1","hermit:Misfire","hermit:Grudge","hermit:HighCaliber+1","hermit:Quickdraw+1","hermit:Deadeye+1","hermit:FinalCanter","hermit:Headshot","hermit:Headshot","hermit:Deadeye","hermit:Manifest+1","hermit:BodyArmor","hermit:Glare+1","hermit:GhostlyPresence+1","hermit:RoundhouseKick","hermit:Ricochet+1","hermit:DeadOrAlive+1","Discovery+1","hermit:Deadeye","hermit:Virtue+1"],"relics":["hermit:Momento","MawBank","MealTicket","Akabeko","SlaversCollar","Omamori","PreservedInsect","Empty Cage","Sling","Red Mask","Bottled Lightning","Whetstone"],"acts_visited":["Exordium","TheCity","TheBeyond"],"potions_floor_usage":[33,47,47,50,50],"damage_taken":[{"damage":1.0,"enemies":"Cultist","floor":1.0,"turns":4.0},{"damage":6.0,"enemies":"2 Louse","floor":2.0,"turns":2.0},{"damage":5.0,"enemies":"Small Slimes","floor":4.0,"turns":3.0},{"damage":7.0,"enemies":"Blue Slaver","floor":5.0,"turns":3.0},{"damage":6.0,"enemies":"Gremlin Nob","floor":7.0,"turns":3.0},{"damage":6.0,"enemies":"Large Slime","floor":10.0,"turns":3.0},{"damage":53.0,"enemies":"The Guardian","floor":16.0,"turns":10.0},{"damage":12.0,"enemies":"Shell Parasite","floor":18.0,"turns":3.0},{"damage":8.0,"enemies":"Spheric Guardian","floor":19.0,"turns":4.0},{"damage":17.0,"enemies":"Cultist and Chosen","floor":21.0,"turns":5.0},{"damage":13.0,"enemies":"Gremlin Leader","floor":23.0,"turns":6.0},{"damage":9.0,"enemies":"Centurion and Healer","floor":24.0,"turns":6.0},{"damage":0.0,"enemies":"Snecko","floor":29.0,"turns":2.0},{"damage":15.0,"enemies":"Snake Plant","floor":30.0,"turns":3.0},{"damage":10.0,"enemies":"Cultist and Chosen","floor":31.0,"turns":5.0},{"damage":55,"enemies":"Automaton","floor":33,"turns":11},{"damage":37,"enemies":"3 Darklings","floor":35,"turns":8},{"damage":19,"enemies":"3 Shapes","floor":38,"turns":3},{"damage":11,"enemies":"Jaw Worm Horde","floor":45,"turns":4},{"damage":13,"enemies":"Giant Head","floor":46,"turns":6},{"damage":20,"enemies":"3 Darklings","floor":47,"turns":3},{"damage":8,"enemies":"Sphere and 2 Shapes","floor":48,"turns":4},{"damage":40,"enemies":"Donu and Deca","floor":50,"turns":2}],"seed_played":"5332446312102218018","potions_obtained":[{"floor":1.0,"key":"Regen Potion"},{"floor":5.0,"key":"Fire Potion"},{"floor":19.0,"key":"GamblersBrew"},{"floor":23.0,"key":"Ancient Potion"},{"floor":24.0,"key":"ColorlessPotion"},{"floor":29.0,"key":"Explosive Potion"},{"floor":33,"key":"FearPotion"},{"floor":35,"key":"Fire Potion"},{"floor":46,"key":"Energy Potion"},{"floor":48,"key":"FearPotion"}],"is_trial":false,"path_per_floor":["M","M","$","M","M","R","E","R","T","M","$","?","R","$","R","B",null,"M","M","$","M","?","E","M","R","T","?","$","M","M","M","R","B",null,"M","$","?","M","?","R","?","R","T","$","M","E","M","M","R","B"],"character_chosen":"HERMIT","items_purchased":["hermit:Misfire","hermit:Deadeye","Akabeko","Weak Potion","hermit:Deadeye","Sling"],"campfire_rested":2,"item_purchase_floors":[3,11,11,11,20,36],"current_hp_per_floor":[74,68,68,63,56,56,50,50,50,44,59,59,59,74,74,21,75,63,55,70,53,53,54,45,45,45,45,60,60,45,35,57,2,75,38,53,53,34,66,66,66,66,66,66,55,42,22,14,33,0,0],"gold":161,"neow_bonus":"RANDOM_COLORLESS_2","is_daily":false,"chose_seed":false,"campfire_upgraded":7,"win_rate":0.0,"timestamp":1613293134,"path_taken":["M","M","$","?","?","R","E","R","T","M","?","?","R","$","R","BOSS","M","M","$","M","?","E","M","R","T","?","$","M","M","M","R","BOSS","M","$","?","M","?","R","?","R","T","$","M","E","?","M","R","BOSS"],"items_purchased_type":["Card","Card","Relic","Potion","Card","Relic"],"build_version":"2020-12-22","purchased_purges":2,"victory":false,"max_hp_per_floor":[75,75,75,75,75,75,75,75,75,75,75,75,75,75,75,75,75,75,75,75,75,75,75,75,75,75,75,75,75,75,75,75,75,75,75,75,75,75,66,66,66,66,66,66,66,66,66,66,66,66,66],"card_choices":[{"not_picked":["Thinking Ahead","Metamorphosis"],"picked":"HandOfGreed","floor":0.0},{"not_picked":["hermit:BodyArmor","hermit:Manifest"],"picked":"hermit:HighCaliber","floor":1.0},{"not_picked":["hermit:LowProfile","hermit:TakeCover"],"picked":"hermit:BodyArmor","floor":2.0},{"not_picked":["hermit:FlashPowder","hermit:Vantage"],"picked":"hermit:Grudge","floor":4.0},{"not_picked":["hermit:Spite","hermit:Snipe"],"picked":"hermit:HighCaliber","floor":5.0},{"not_picked":["hermit:Desperado","hermit:FatalDesire","hermit:BigShot"],"picked":"SKIP","floor":7.0},{"not_picked":["hermit:Glare","hermit:WideOpen"],"picked":"hermit:Quickdraw","floor":10.0},{"not_picked":["hermit:Reprieve","hermit:Magnum"],"picked":"hermit:FinalCanter","floor":16.0},{"not_picked":["hermit:NoHoldsBarred","hermit:Maintenance"],"picked":"hermit:Headshot","floor":18.0},{"not_picked":["hermit:TrackingShot","hermit:Desperado"],"picked":"hermit:Headshot","floor":19.0},{"not_picked":["hermit:CalledShot","hermit:LoneWolf+1"],"picked":"hermit:Manifest","floor":21.0},{"not_picked":["hermit:Midnight","hermit:Showdown+1"],"picked":"hermit:BodyArmor","floor":23.0},{"not_picked":["hermit:CalledShot+1","hermit:Shortfuse"],"picked":"hermit:Glare+1","floor":24.0},{"not_picked":["hermit:ItchyTrigger","hermit:CursedWeapon"],"picked":"hermit:GhostlyPresence+1","floor":29.0},{"not_picked":["hermit:EyeOfTheStorm+1","hermit:NoHoldsBarred+1"],"picked":"hermit:RoundhouseKick","floor":30.0},{"not_picked":["hermit:HighCaliber+1","hermit:WideOpen"],"picked":"hermit:Ricochet+1","floor":31.0},{"not_picked":["hermit:HighNoon","hermit:Dissolve"],"picked":"hermit:DeadOrAlive","floor":33},{"not_picked":["hermit:TrackingShot","hermit:HoleUp","hermit:LowProfile+1"],"picked":"SKIP","floor":35},{"not_picked":["Purity","Swift Strike"],"picked":"Discovery","floor":37},{"not_picked":["hermit:HighCaliber","hermit:Midnight","hermit:TakeAim+1"],"picked":"SKIP","floor":38},{"not_picked":["hermit:SprayPray","hermit:HoleUp+1","hermit:Roulette"],"picked":"SKIP","floor":45},{"not_picked":["hermit:Brawl","hermit:LoneWolf+1"],"picked":"hermit:Deadeye","floor":46},{"not_picked":["hermit:SprayPray","hermit:HoleUp+1"],"picked":"hermit:Virtue+1","floor":47},{"not_picked":["hermit:Reprieve","hermit:HighCaliber","hermit:LowProfile"],"picked":"SKIP","floor":48}],"player_experience":361659,"relics_obtained":[{"floor":7.0,"key":"MawBank"},{"floor":9.0,"key":"MealTicket"},{"floor":23.0,"key":"Omamori"},{"floor":26.0,"key":"PreservedInsect"},{"floor":43,"key":"Bottled Lightning"},{"floor":46,"key":"Whetstone"}],"event_choices":[{"damage_healed":0.0,"max_hp_gain":0.0,"max_hp_loss":0.0,"gold_gain":0.0,"event_name":"Scrap Ooze","player_choice":"Fled","floor":12.0,"gold_loss":0.0,"damage_taken":0.0},{"damage_healed":0.0,"max_hp_gain":0.0,"max_hp_loss":0.0,"gold_gain":0.0,"event_name":"Vampires","player_choice":"Ignored","floor":22.0,"gold_loss":0.0,"damage_taken":0.0},{"cards_removed":["hermit:Defend_Hermit"],"damage_healed":0.0,"max_hp_gain":0.0,"max_hp_loss":0.0,"gold_gain":0.0,"event_name":"Beggar","player_choice":"Gave Gold","floor":27.0,"gold_loss":75.0,"damage_taken":0.0},{"damage_healed":0,"gold_gain":0,"player_choice":"Memory 1","damage_taken":0,"max_hp_gain":0,"max_hp_loss":0,"event_name":"SensoryStone","floor":37,"gold_loss":0},{"damage_healed":66,"gold_gain":0,"player_choice":"Heal","damage_taken":0,"max_hp_gain":0,"max_hp_loss":9,"event_name":"The Moai Head","floor":39,"gold_loss":0},{"damage_healed":0,"gold_gain":0,"player_choice":"Paid","damage_taken":0,"relics_obtained":["Red Mask"],"max_hp_gain":0,"max_hp_loss":0,"event_name":"Tomb of Lord Red Mask","floor":41,"gold_loss":116}],"is_beta":false,"boss_relics":[{"not_picked":["hermit:ClaspedLocket","Fusion Hammer"],"picked":"SlaversCollar"},{"not_picked":["Tiny House","Busted Crown"],"picked":"Empty Cage"}],"items_purged_floors":[3,20],"is_endless":false,"potions_floor_spawned":[1,5,19,23,24,29,33,35,46,48],"killed_by":"Donu and Deca","ascension_level":0}}