{"host":"a70birb7gb03c330","time":1613335952,"event":{"mods":["Act Like it!","BaseMod","Better Vampires","Disable Question Mark Monsters","Hermit","Minty Spire (QoL Compilation)","Permanent Neow","Replay The Spire","Shade Mod","StSLib"],"gold_per_floor":[119,130,148,148,162,189,209,209,209],"floor_reached":8,"language":"ENG","playtime":443,"items_purged":[],"score":60,"play_id":"22f37c9b-dff1-4791-9ed1-b5cefaa6f1c8","local_time":"20210214125232","is_ascension_mode":false,"campfire_choices":[],"circlet_count":0,"master_deck":["Shade:Strike_Shade","Shade:Strike_Shade","Shade:Strike_Shade","Shade:Defend_Shade","Shade:Defend_Shade","Shade:Defend_Shade","Shade:Defend_Shade","Shade:AnimateDead+1","Shade:CarefulCut","Shade:WallOfFlesh","Shade:Doomsay","Shade:CloudOfShrapnel","Iron Wave","Shade:SensePrey"],"relics":["Shade:YorickSkull","Quantum Egg"],"acts_visited":["Exordium"],"potions_floor_usage":[],"damage_taken":[{"damage":0,"enemies":"Jaw Worm","floor":1,"turns":3},{"damage":0,"enemies":"Cultist","floor":2,"turns":4},{"damage":0,"enemies":"Small Slimes","floor":3,"turns":3},{"damage":0,"enemies":"Looter","floor":5,"turns":4},{"damage":14,"enemies":"3 Sentries","floor":6,"turns":11},{"damage":0,"enemies":"3 Louse","floor":7,"turns":3},{"damage":0,"enemies":"Gremlin Nob","floor":8,"turns":1}],"seed_played":"-1338838961688417136","potions_obtained":[{"floor":2,"key":"FairyPotion"},{"floor":5,"key":"Cursed Concoction"},{"floor":6,"key":"Swift Potion"}],"is_trial":false,"path_per_floor":["M","M","M","?","M","E","M","E"],"character_chosen":"SHADE","items_purchased":[],"campfire_rested":0,"item_purchase_floors":[],"current_hp_per_floor":[65,65,65,65,65,51,51,51,51],"gold":209,"neow_bonus":"UPGRADE_CARD","is_daily":false,"chose_seed":false,"campfire_upgraded":0,"win_rate":0.0,"timestamp":1613335952,"path_taken":["M","M","M","?","M","E","M","E"],"items_purchased_type":[],"build_version":"2020-12-22","purchased_purges":0,"victory":false,"max_hp_per_floor":[65,65,65,65,65,65,65,65,65],"card_choices":[{"not_picked":["Shade:FuneraryArmor","Shade:ExtraLimbs"],"picked":"Shade:WallOfFlesh","floor":1},{"not_picked":["Shade:AncientSpear","Shade:Frenzy"],"picked":"Shade:Doomsay","floor":2},{"not_picked":["Shade:FuneraryArmor","Shade:PoundOfFlesh"],"picked":"Shade:CloudOfShrapnel","floor":3},{"not_picked":["Shade:ExtraLimbs","Shade:Bite_Shade","Shade:FingerOfDeath"],"picked":"SKIP","floor":5},{"not_picked":["Shade:Tombstone","Shade:FingerOfDeath"],"picked":"Shade:SensePrey","floor":6},{"not_picked":["Shade:AncientSpear","Shade:Patience","Shade:CloudOfShrapnel"],"picked":"SKIP","floor":7}],"player_experience":6866,"relics_obtained":[{"floor":6,"key":"Quantum Egg"}],"event_choices":[{"cards_removed":["Shade:Strike_Shade"],"damage_healed":0,"gold_gain":0,"player_choice":"Took Card","damage_taken":0,"max_hp_gain":0,"max_hp_loss":0,"event_name":"NoteForYourself","floor":4,"gold_loss":0,"cards_obtained":["Iron Wave"]}],"is_beta":false,"boss_relics":[],"items_purged_floors":[],"is_endless":false,"potions_floor_spawned":[2,5,6,7],"killed_by":"Gremlin Nob","ascension_level":0}}