{"host":"coxx14wiryochsh8","time":1613328729,"event":{"mods":["2.2 Compatiblity","Act Like it!","Bartender","BaseMod","Better Third Choice","BetterRewards","Colored Map","DeckTracker","Downfall","Emptier Cage","Energized Spire","Gensokyo","Hermit","Hubris","Minty Spire (QoL Compilation)","Replay The Spire","StSLib","SuperFastMode","The Blackbeard","The Runesmith","The Servant 0.9.4"],"gold_per_floor":[110,121,4,4,4,4,37,50,97,97,168,194,194,212,212,307,307,321,321,82,7,22,22,22,422,448,463,463,463,463],"floor_reached":29,"language":"ENG","playtime":1287,"items_purged":["Runesmith:Strike_RS"],"score":254,"play_id":"7e655f6a-6e11-4c0c-ae9e-6fc2d58d22b7","local_time":"20210214135209","is_ascension_mode":false,"campfire_choices":[{"data":"Runesmith:Firestorm","floor":10,"key":"SMITH"},{"data":"Runesmith:MetallurgicalResearch","floor":15,"key":"SMITH"},{"data":"Gensokyo:HAARP","floor":24,"key":"SMITH"}],"circlet_count":0,"master_deck":["Runesmith:Strike_RS","Runesmith:Strike_RS","Runesmith:Strike_RS","Runesmith:Defend_RS","Runesmith:Defend_RS","Runesmith:Defend_RS","Runesmith:Defend_RS","Runesmith:CraftFirestone","Runesmith:Fortify","Runesmith:Empowerment","Clumsy","Runesmith:Firestorm+1","Runesmith:CraftIndustria","Runesmith:MetallurgicalResearch+1","Runesmith:ReplicatingBarrier","Runesmith:Permafrost+1","Gensokyo:HAARP+1","Runesmith:CraftSpiculum"],"relics":["Runesmith:BrokenRuby","NeowsBlessing","Gensokyo:NagashiBinaDoll","Happy Flower","hubris:ToyBattleship","Bronze Scales","Letter Opener","Du-Vu Doll","Runesmith:Locket","Sozu","Gensokyo:ConquerorOfFear","hubris:Towel","Cleaning_Rag","Shovel","Old Coin","Boot"],"acts_visited":["Exordium","Gensokyo:Gensokyo"],"potions_floor_usage":[12,16,16,22],"damage_taken":[{"damage":0,"enemies":"Gensokyo:3_Fairies","floor":1,"turns":1},{"damage":0,"enemies":"Gensokyo:Python","floor":2,"turns":1},{"damage":0,"enemies":"Gensokyo:Aya","floor":7,"turns":1},{"damage":2,"enemies":"Gensokyo:Gryphon","floor":8,"turns":6},{"damage":16,"enemies":"Gensokyo:Cirno","floor":12,"turns":6},{"damage":5,"enemies":"Gensokyo:2_Rabbits","floor":14,"turns":4},{"damage":17,"enemies":"Gensokyo:Kokoro","floor":16,"turns":8},{"damage":7,"enemies":"Gensokyo:2_Gloops","floor":18,"turns":5},{"damage":5,"enemies":"Gensokyo:AngelMirror","floor":22,"turns":4},{"damage":0,"enemies":"Gensokyo:AngelMirror","floor":25,"turns":6},{"damage":21,"enemies":"Gensokyo:Slime_Group","floor":27,"turns":5},{"damage":44,"enemies":"Gensokyo:Reisen","floor":29,"turns":5}],"seed_played":"-3988863746083527470","potions_obtained":[{"floor":1,"key":"champ:CounterPotion"},{"floor":2,"key":"Cursed Concoction"},{"floor":14,"key":"LiquidMemories"},{"floor":16,"key":"LifebloodPotion"}],"is_trial":false,"path_per_floor":["M","M","COS","?","$","?","E","M","T","R","T","E","?","M","R","B",null,"M","?","COS","$","M","?","R","?","T","M","?","E"],"character_chosen":"RUNESMITH_CLASS","items_purchased":[],"campfire_rested":0,"item_purchase_floors":[],"current_hp_per_floor":[70,70,70,70,70,70,70,68,68,68,68,52,52,47,47,30,70,63,63,63,63,58,58,58,58,58,37,37,0,0],"gold":463,"neow_bonus":"THREE_ENEMY_KILL","is_daily":false,"chose_seed":false,"campfire_upgraded":3,"win_rate":0.0,"timestamp":1613328729,"path_taken":["M","?","COS","?","?","?","E","?","T","R","?","E","?","M","R","BOSS","M","?","COS","?","?","?","R","?","T","M","?","E"],"items_purchased_type":[],"build_version":"2020-12-22","purchased_purges":1,"victory":false,"max_hp_per_floor":[70,70,70,70,70,70,70,70,70,70,70,70,70,70,70,70,70,70,70,70,70,70,70,70,70,70,70,65,65,65],"card_choices":[{"not_picked":["Runesmith:UnstableHammer","Runesmith:Overpower"],"picked":"Runesmith:Empowerment","floor":1},{"not_picked":["Runesmith:HammerThrow","Runesmith:Augment"],"picked":"Runesmith:GoWithTheFlow","floor":2},{"not_picked":["Runesmith:Grindstone","Runesmith:PoweredAnvil"],"picked":"Runesmith:Firestorm","floor":7},{"not_picked":["Runesmith:OneForEveryone","Runesmith:ChiselStab"],"picked":"Runesmith:CraftIndustria","floor":8},{"not_picked":["Runesmith:HammerThrow","Runesmith:UnstableHammer","Runesmith:HeatedChisel"],"picked":"SKIP","floor":12},{"not_picked":["Runesmith:GenerateForcefield","Runesmith:FissionHammer"],"picked":"Runesmith:MetallurgicalResearch","floor":14},{"not_picked":["Runesmith:PerfectChisel","Runesmith:BackupBattery","Runesmith:Firestorm"],"picked":"SKIP","floor":14},{"not_picked":["Runesmith:UnlimitedPower","Runesmith:GenerateForcefield"],"picked":"Runesmith:ReplicatingBarrier","floor":16},{"not_picked":["Runesmith:UnstableHammer","Runesmith:EarthShield"],"picked":"Runesmith:Permafrost+1","floor":18},{"not_picked":["Runesmith:CraftObretio+1","Runesmith:HeatExchange+1"],"picked":"Runesmith:CraftSpiculum","floor":22},{"not_picked":["Runesmith:DuctTape","Runesmith:Repurpose+1","Runesmith:Attraction"],"picked":"SKIP","floor":27}],"player_experience":698235,"relics_obtained":[{"floor":7,"key":"hubris:ToyBattleship"},{"floor":9,"key":"Bronze Scales"},{"floor":11,"key":"Letter Opener"},{"floor":12,"key":"Du-Vu Doll"},{"floor":22,"key":"Gensokyo:ConquerorOfFear"},{"floor":25,"key":"Shovel"},{"floor":25,"key":"Old Coin"}],"event_choices":[],"is_beta":false,"boss_relics":[{"not_picked":["Ectoplasm","energizedSpire:OgreHead"],"picked":"Sozu"}],"items_purged_floors":[21],"is_endless":false,"potions_floor_spawned":[1,2,14,16,18],"killed_by":"Gensokyo:Reisen","ascension_level":0}}