{"host":"0ueeacaatm8t6jyh","time":1613291834,"event":{"mods":["AchievementEnabler","BaseMod","Colored Powertips","Minty Spire (QoL Compilation)","Quick Restart","Rare Cards Sparkle","Shop Mod","StSLib"],"gold_per_floor":[117,136,154,167,178,212,212,137,137,149,180,199,226,242,242,242,318,318,338,350,105,120,120,120,151,171,171,171,46,61,74,102,102,102,102],"floor_reached":34,"language":"ZHS","playtime":1849,"items_purged":["Strike_B","Strike_B","Defend_B"],"score":508,"play_id":"201b51fd-47e9-4234-9e31-b9e8af1fdd7d","local_time":"20210214163714","is_ascension_mode":true,"campfire_choices":[{"data":"Coolheaded","floor":7.0,"key":"SMITH"},{"floor":15.0,"key":"REST"},{"data":"Coolheaded","floor":16.0,"key":"SMITH"},{"data":"Echo Form","floor":24.0,"key":"SMITH"},{"data":"White Noise","floor":33,"key":"SMITH"}],"circlet_count":0,"master_deck":["AscendersBane","Strike_B","Strike_B","Zap","Dualcast","Chill","Beam Cell","Coolheaded+1","Core Surge","BootSequence","Glacier","Ball Lightning","Coolheaded+1","Echo Form+1","Echo Form","Self Repair","White Noise+1","Steam Power","White Noise"],"relics":["Runic Dome","Matryoshka","Pen Nib","Vajra","Cables","Odd Mushroom","SacredBark","DollysMirror","Shuriken","MealTicket","White Beast Statue","Nunchaku"],"acts_visited":["Exordium","TheCity"],"potions_floor_usage":[34],"damage_taken":[{"damage":0.0,"enemies":"Cultist","floor":1.0,"turns":4.0},{"damage":2.0,"enemies":"Jaw Worm","floor":2.0,"turns":4.0},{"damage":7.0,"enemies":"Small Slimes","floor":3.0,"turns":4.0},{"damage":6.0,"enemies":"Blue Slaver","floor":4.0,"turns":4.0},{"damage":13.0,"enemies":"Exordium Thugs","floor":5.0,"turns":4.0},{"damage":12.0,"enemies":"Lagavulin","floor":6.0,"turns":10.0},{"damage":5.0,"enemies":"Red Slaver","floor":10.0,"turns":4.0},{"damage":14.0,"enemies":"Gremlin Nob","floor":11.0,"turns":3.0},{"damage":0.0,"enemies":"Blue Slaver","floor":12.0,"turns":3.0},{"damage":0.0,"enemies":"The Mushroom Lair","floor":13.0,"turns":5.0},{"damage":0.0,"enemies":"Gremlin Gang","floor":14.0,"turns":5.0},{"damage":8.0,"enemies":"Slime Boss","floor":17.0,"turns":13.0},{"damage":1.0,"enemies":"Spheric Guardian","floor":19.0,"turns":5.0},{"damage":0.0,"enemies":"Shell Parasite","floor":20.0,"turns":6.0},{"damage":13.0,"enemies":"Centurion and Healer","floor":22.0,"turns":6.0},{"damage":22.0,"enemies":"Slavers","floor":25.0,"turns":6.0},{"damage":4.0,"enemies":"Cultist and Chosen","floor":26.0,"turns":7.0},{"damage":6.0,"enemies":"Snake Plant","floor":30.0,"turns":5.0},{"damage":15.0,"enemies":"3 Cultists","floor":31.0,"turns":5.0},{"damage":30,"enemies":"Gremlin Leader","floor":32,"turns":6},{"damage":59,"enemies":"Collector","floor":34,"turns":8}],"seed_played":"6856950391310839227","potions_obtained":[{"floor":5.0,"key":"Fire Potion"},{"floor":10.0,"key":"Strength Potion"},{"floor":11.0,"key":"DistilledChaos"},{"floor":12.0,"key":"FocusPotion"},{"floor":17.0,"key":"Ancient Potion"}],"is_trial":false,"path_per_floor":["M","M","M","M","M","E","R","$","T","M","E","M","?","M","R","R","B",null,"M","M","$","M","?","R","E","M","T","?","$","M","M","E","R","B"],"character_chosen":"DEFECT","items_purchased":["DollysMirror"],"campfire_rested":1,"item_purchase_floors":[21],"current_hp_per_floor":[68,66,59,53,40,28,28,28,28,23,9,9,9,9,31,31,23,62,61,61,61,48,48,48,40,50,50,50,65,73,72,56,56,0,0],"gold":102,"neow_bonus":"BOSS_RELIC","is_daily":false,"chose_seed":false,"campfire_upgraded":4,"win_rate":0.0,"timestamp":1613291834,"path_taken":["M","M","M","M","M","E","R","$","T","M","E","M","?","M","R","R","BOSS","M","M","$","M","?","R","E","?","T","?","$","M","M","E","R","BOSS"],"items_purchased_type":["Relic"],"build_version":"2020-12-22","purchased_purges":3,"victory":false,"max_hp_per_floor":[75,75,75,75,75,75,75,75,75,75,75,75,75,75,75,75,75,75,75,75,75,75,75,75,75,75,75,75,75,75,75,75,75,75,75],"card_choices":[{"not_picked":["Turbo","Conserve Battery","Stack"],"picked":"SKIP","floor":1.0},{"not_picked":["Rebound","Turbo"],"picked":"Chill","floor":2.0},{"not_picked":["Compile Driver","Turbo"],"picked":"Beam Cell","floor":3.0},{"not_picked":["Leap","Stack"],"picked":"Coolheaded","floor":4.0},{"not_picked":["FTL","Gash"],"picked":"Core Surge","floor":5.0},{"not_picked":["Rebound","Heatsinks","Blizzard"],"picked":"SKIP","floor":6.0},{"not_picked":["Sweeping Beam","Steam","Auto Shields"],"picked":"SKIP","floor":10.0},{"not_picked":["Compile Driver","Tempest"],"picked":"BootSequence","floor":11.0},{"not_picked":["Hello World","Chaos"],"picked":"Glacier","floor":12.0},{"not_picked":["Genetic Algorithm","Steam Power"],"picked":"Ball Lightning","floor":13.0},{"not_picked":["Reprogram","Sunder"],"picked":"Coolheaded","floor":14.0},{"not_picked":["Multi-Cast","Biased Cognition"],"picked":"Echo Form","floor":17.0},{"not_picked":["Sweeping Beam","Conserve Battery","Ball Lightning"],"picked":"SKIP","floor":19.0},{"not_picked":["Doom and Gloom","Barrage","Coolheaded"],"picked":"SKIP","floor":20.0},{"not_picked":["Go for the Eyes","Barrage","Tempest"],"picked":"SKIP","floor":22.0},{"not_picked":["Hologram","Genetic Algorithm"],"picked":"White Noise","floor":25.0},{"not_picked":["Chaos","Streamline","Barrage+1"],"picked":"SKIP","floor":26.0},{"not_picked":["Go for the Eyes+1","Gash","Reprogram"],"picked":"SKIP","floor":30.0},{"not_picked":["Blizzard+1","Reprogram+1","Loop"],"picked":"SKIP","floor":31.0},{"not_picked":["Darkness","Core Surge","Sweeping Beam"],"picked":"SKIP","floor":32}],"player_experience":532753,"relics_obtained":[{"floor":6.0,"key":"Matryoshka"},{"floor":9.0,"key":"Pen Nib"},{"floor":9.0,"key":"Vajra"},{"floor":11.0,"key":"Cables"},{"floor":13.0,"key":"Odd Mushroom"},{"floor":25.0,"key":"Shuriken"},{"floor":27.0,"key":"MealTicket"},{"floor":27.0,"key":"White Beast Statue"},{"floor":32,"key":"Nunchaku"}],"event_choices":[{"damage_healed":0.0,"max_hp_gain":0.0,"max_hp_loss":0.0,"gold_gain":0.0,"event_name":"Mushrooms","player_choice":"Fought Mushrooms","floor":13.0,"gold_loss":0.0,"damage_taken":0.0},{"damage_healed":0.0,"max_hp_gain":0.0,"max_hp_loss":0.0,"gold_gain":0.0,"cards_transformed":["Defend_B"],"event_name":"Transmorgrifier","player_choice":"Transformed","floor":23.0,"gold_loss":0.0,"damage_taken":0.0,"cards_obtained":["Self Repair"]},{"damage_healed":0.0,"max_hp_gain":0.0,"max_hp_loss":0.0,"gold_gain":0.0,"cards_transformed":["Defend_B","Defend_B"],"event_name":"Drug Dealer","player_choice":"Became Test Subject","floor":28.0,"gold_loss":0.0,"damage_taken":0.0,"cards_obtained":["Steam Power","White Noise"]}],"is_beta":false,"boss_relics":[{"not_picked":["SlaversCollar","Busted Crown"],"picked":"SacredBark"}],"items_purged_floors":[8,21,29],"is_endless":false,"potions_floor_spawned":[5,10,11,12,13,17,19,25,30,31,32],"killed_by":"Collector","ascension_level":13}}