{"host":"13crfpsgpirtz3r4","time":1613295181,"event":{"mods":["Act Like it!","Ascension Reborn","Aspiration","Astrologer","Bard","BaseMod","BetterRewards","CapriCore","Colored Powertips","Downfall","Friendly Minions","Gold Saver","GungeonMod","Hermit","Highlight Path","Hubris","Jorbs\u0027s Wanderer Trilogy","MarisaÅiñ∂âJÅ@ñÇóùçπÅj","Minty Spire (QoL Compilation)","READ ME - Guardian Mod","READ ME - Snecko Mod","Rare Cards Sparkle","Replay The Spire","Shop Mod","StSLib","The Animator","The Bug Knight","The Construct","The Cursed","The Disciple","The Exalted","The Hierophant","The Jungle","The Necromancer","The Poker Player","The Runesmith","The Servant 0.9.4","TheBandit","Wandering Minibosses","everything is the same but u backflip on backflip","slay the spire mod where everything is the same but ironclad has a cowboy hat"],"gold_per_floor":[118,18,118,135,150,207,207,218,241,241,241,241,257,274,274,373,373,391,411,28,38,38,38,38],"floor_reached":23,"language":"ENG","playtime":3207,"items_purged":[],"score":183,"play_id":"ddd5594d-d040-4bb7-8305-797ce6b245d1","local_time":"20210214013301","is_ascension_mode":true,"campfire_choices":[{"data":"BeatsPerMinute","floor":7.0,"key":"SMITH"},{"floor":12.0,"key":"RECALL"},{"data":"SecondHand","floor":15.0,"key":"SMITH"}],"circlet_count":0,"master_deck":["Accelerando+1","Rallentando+1","Allegro+1","Allegro+1","Rallentando+1","Rallentando","Allegro","Strike_Br","Strike_Br","Strike_Br","Strike_Br","Defend_Br","Defend_Br","Defend_Br","Defend_Br","SecondHand+1","PatternShift","BeatsPerMinute+1","Cuckoo+1","LockedMedicine","LockedBlood","LockedWhetstone","Echoward","RageCommand","HandsUpB","LockedAstrolabe","TickedOff","ExoVibe","BlueShift","LockedScales","Lento","Accruing+1"],"relics":["Chronometer","DemoMod:ClearGuonStone","Philosopher\u0027s Stone","MysticCrockPot","hubris:PeanutButter"],"acts_visited":["Exordium","TheCity"],"potions_floor_usage":[19,21],"damage_taken":[{"damage":2.0,"enemies":"Jaw Worm","floor":1.0,"turns":5.0},{"damage":2.0,"enemies":"Cultist","floor":4.0,"turns":6.0},{"damage":6.0,"enemies":"2 Louse","floor":5.0,"turns":4.0},{"damage":0.0,"enemies":"Large Slime","floor":8.0,"turns":5.0},{"damage":8.0,"enemies":"3 Louse","floor":13.0,"turns":3.0},{"damage":10.0,"enemies":"Blue Slaver","floor":14.0,"turns":4.0},{"damage":38.0,"enemies":"Slime Boss","floor":16.0,"turns":17.0},{"damage":32,"enemies":"Spheric Guardian","floor":18,"turns":5},{"damage":26,"enemies":"3 Byrds","floor":19,"turns":5},{"damage":20,"enemies":"Centurion and Healer","floor":21,"turns":8},{"damage":5,"enemies":"Shelled Parasite and Fungi","floor":23,"turns":2}],"seed_played":"5393305036623556984","potions_obtained":[{"floor":5.0,"key":"SpeedPotion"},{"floor":8.0,"key":"hexamod:SoulburnPotion"},{"floor":13.0,"key":"Energy Potion"},{"floor":16.0,"key":"Milkshake"},{"floor":18,"key":"LifebloodPotion"},{"floor":21,"key":"sneckomod:MuddlingPotion"}],"is_trial":false,"path_per_floor":["M","$","?","M","M","?","R","M","T","?","?","R","M","M","R","B",null,"M","M","$","M","?","M"],"character_chosen":"CHRONO_CLASS","items_purchased":["Cuckoo+1","LockedMedicine","MysticCrockPot","ExoVibe","BlueShift","LockedScales"],"campfire_rested":0,"item_purchase_floors":[2,2,20,20,20,20],"current_hp_per_floor":[69,69,69,67,67,67,67,71,71,59,59,59,51,41,41,9,71,43,23,23,5,5,0,0],"gold":38,"neow_bonus":"TEN_PERCENT_HP_BONUS","is_daily":false,"chose_seed":false,"campfire_upgraded":2,"win_rate":0.0,"timestamp":1613295181,"path_taken":["M","$","?","?","?","?","R","M","T","?","?","R","M","M","R","BOSS","M","M","$","?","?","M"],"items_purchased_type":["Card","Card","Relic","Card","Card","Card"],"build_version":"2020-12-22","purchased_purges":0,"victory":false,"max_hp_per_floor":[71,71,71,71,71,71,71,71,71,71,71,71,71,71,71,71,71,71,71,71,71,71,71,71],"card_choices":[{"not_picked":["Tempo","LockedScales"],"picked":"BeatsPerMinute","floor":1.0},{"not_picked":["FormalWear","PrimeTime"],"picked":"LockedBlood","floor":4.0},{"not_picked":["LockedOrichalcum","DaylightSavings"],"picked":"LockedWhetstone","floor":5.0},{"not_picked":["LockedTornado","LockedTurtyl"],"picked":"Echoward","floor":8.0},{"not_picked":["LockedMercury","Keepsakes"],"picked":"RageCommand","floor":13.0},{"not_picked":["ShortSighted","PrimeTime"],"picked":"HandsUpB","floor":14.0},{"not_picked":["OverTime","MasterKey"],"picked":"LockedAstrolabe","floor":16.0},{"not_picked":["LockedMedicine","Parity"],"picked":"TickedOff","floor":18},{"not_picked":["LockedMedicine+1","LockedBlood"],"picked":"Tempo","floor":19},{"not_picked":["LockedThread","VestedLegacy"],"picked":"Accruing+1","floor":21}],"player_experience":111781,"relics_obtained":[],"event_choices":[{"damage_healed":0.0,"max_hp_gain":0.0,"max_hp_loss":0.0,"gold_gain":100.0,"event_name":"Golden Shrine","player_choice":"Pray","floor":3.0,"gold_loss":0.0,"damage_taken":0.0},{"damage_healed":0.0,"max_hp_gain":0.0,"max_hp_loss":0.0,"gold_gain":57.0,"event_name":"Golden Wing","player_choice":"Gained Gold","floor":6.0,"gold_loss":0.0,"damage_taken":0.0},{"damage_healed":0.0,"max_hp_gain":0.0,"max_hp_loss":0.0,"gold_gain":0.0,"event_name":"Scrap Ooze","player_choice":"Success","floor":10.0,"gold_loss":0.0,"damage_taken":12.0,"relics_obtained":["DemoMod:ClearGuonStone"]},{"damage_healed":0.0,"max_hp_gain":0.0,"max_hp_loss":0.0,"gold_gain":0.0,"event_name":"NoteForYourself","player_choice":"Ignored","floor":11.0,"gold_loss":0.0,"damage_taken":0.0},{"damage_healed":0,"gold_gain":0,"player_choice":"Gave Potion","damage_taken":0,"relics_obtained":["hubris:PeanutButter"],"max_hp_gain":0,"max_hp_loss":0,"event_name":"WeMeetAgain","floor":22,"gold_loss":0}],"is_beta":false,"boss_relics":[{"not_picked":["SacredBark","Tiny House"],"picked":"Philosopher\u0027s Stone"}],"items_purged_floors":[],"is_endless":false,"potions_floor_spawned":[5,8,13,16,18,21],"killed_by":"Shelled Parasite and Fungi","ascension_level":0}}