{"host":"r0h3ysx70cq9cujv","time":1613318173,"event":{"mods":["Act Like it!","Aspiration","BaseMod","Minty Spire (QoL Compilation)","Pale of the Ancients","Red Circlet Mod","Reliquary","Replay The Spire","RumiaBox-露米娅的神秘盒子","StSLib","【功能Mod】混沌之环修复补丁"],"gold_per_floor":[114,114,114,39,57,85,85,85,85,85,98,98,98,98,112,132,132,236,236,236,236],"floor_reached":20,"language":"ZHS","playtime":511,"items_purged":["Defend_G"],"score":195,"play_id":"e075f302-1d80-49e1-98c4-c89c38b4cd78","local_time":"20210214235613","is_ascension_mode":false,"campfire_choices":[{"data":"Neutralize","floor":8,"key":"SMITH"},{"data":"Survivor","floor":10,"key":"SMITH"},{"data":"Tactician","floor":14,"key":"SMITH"},{"data":"Defend_G","floor":17,"key":"SMITH"}],"circlet_count":0,"master_deck":["Strike_G+1","Strike_G","Strike_G","Strike_G","Defend_G+1","Defend_G","Defend_G","Defend_G","Survivor+1","Neutralize+1","Flying Knee+1","Acrobatics","Tactician+1","Caltrops","Flying Knee","Adrenaline"],"relics":["Ring of the Snake","NeowsBlessing","AddBug","SecretRecord","SecretRecord"],"acts_visited":["Exordium","TheCity"],"potions_floor_usage":[],"damage_taken":[{"damage":0,"enemies":"Jaw Worm","floor":1,"turns":1},{"damage":0,"enemies":"2 Louse","floor":5,"turns":1},{"damage":0,"enemies":"Lagavulin","floor":6,"turns":1},{"damage":0,"enemies":"Cultist","floor":11,"turns":3},{"damage":2,"enemies":"Looter","floor":15,"turns":3},{"damage":0,"enemies":"Large Slime","floor":16,"turns":4},{"damage":25,"enemies":"Fading Forest","floor":18,"turns":11},{"damage":0,"enemies":"Chosen","floor":20,"turns":1}],"seed_played":"5095182300828727943","potions_obtained":[{"floor":5,"key":"EntropicBrew"},{"floor":6,"key":"Weak Potion"},{"floor":18,"key":"CultistPotion"}],"is_trial":false,"path_per_floor":["M","?","?","$","M","E","?","R","T","R","M","PTL","PTL","R","M","M","R","B",null,"M"],"character_chosen":"THE_SILENT","items_purchased":[],"campfire_rested":0,"item_purchase_floors":[],"current_hp_per_floor":[70,63,63,63,63,63,63,63,63,63,63,63,63,63,61,61,61,36,70,70,70],"gold":236,"neow_bonus":"THREE_ENEMY_KILL","is_daily":false,"chose_seed":false,"campfire_upgraded":4,"win_rate":0.0,"timestamp":1613318173,"path_taken":["M","?","?","$","M","E","?","R","T","R","M","PTL","PTL","R","?","M","R","BOSS","M"],"items_purchased_type":[],"build_version":"2020-12-22","purchased_purges":1,"victory":false,"max_hp_per_floor":[70,70,70,70,70,70,70,70,70,70,70,70,70,70,70,70,70,70,70,70,70],"card_choices":[{"not_picked":["Finisher","Deadly Poison"],"picked":"Flying Knee","floor":1},{"not_picked":["Flying Knee","Backstab"],"picked":"Acrobatics","floor":5},{"not_picked":["Poisoned Stab","Unload","Dagger Throw"],"picked":"SKIP","floor":6},{"not_picked":["Infinite Blades","Poisoned Stab"],"picked":"Tactician","floor":11},{"not_picked":["Hidden Blade","Well Laid Plans"],"picked":"Caltrops","floor":15},{"not_picked":["Deflect","Underhanded Strike"],"picked":"Flying Knee","floor":16},{"not_picked":["Bullet Time","Wraith Form v2"],"picked":"Adrenaline","floor":18}],"player_experience":731,"relics_obtained":[{"floor":1,"key":"AddBug"},{"floor":6,"key":"HornCleat"},{"floor":9,"key":"Mummified Hand"},{"floor":15,"key":"SecretRecord"}],"event_choices":[{"cards_removed":["Strike_G"],"damage_healed":0,"gold_gain":0,"player_choice":"Card Removal","damage_taken":7,"max_hp_gain":0,"max_hp_loss":0,"event_name":"Golden Wing","floor":2,"gold_loss":0},{"damage_healed":0,"gold_gain":0,"player_choice":"Forge","damage_taken":0,"max_hp_gain":0,"max_hp_loss":0,"event_name":"Accursed Blacksmith","floor":7,"gold_loss":0,"cards_upgraded":["Flying Knee"]}],"is_beta":false,"boss_relics":[{"not_picked":["ReplayTheSpireMod:DimensionalGlitch","aspiration:WatcherSkillbook"],"picked":"Philosopher\u0027s Stone"}],"items_purged_floors":[4],"is_endless":false,"potions_floor_spawned":[5,6,18],"killed_by":"Chosen","ascension_level":0}}