{"host":"s2ygc4jgfm0lziqy","time":1613309624,"event":{"mods":["2.2 Compatiblity","Astrologer","Bard","BaseMod","Bestiary","Card Forge","Colored Map","DeckTracker","Downfall","GungeonMod","Highlight Path","Minty Spire (QoL Compilation)","Replay The Spire","Robot Space Explorer","StSLib","The Disciple","The Gatherer","The Marked","The Poker Player","TheBandit","TheSurvivalist","Weighted Paths"],"gold_per_floor":[118,118,130,230,248,248,248,248,248],"floor_reached":7,"language":"ENG","playtime":308,"items_purged":[],"score":41,"play_id":"5dac7981-6d1c-4ca7-b4da-caa36d939f79","local_time":"20210214133344","is_ascension_mode":false,"campfire_choices":[{"data":"champ:HeartStrike","floor":6,"key":"SMITH"}],"circlet_count":0,"master_deck":["champ:Strike","champ:Strike","champ:Strike","champ:Strike","champ:Defend","champ:Defend","champ:Defend","champ:Defend","champ:Execute","champ:Taunt+1","champ:FaceSlap","champ:AdrenalArmor","champ:HeartStrike+1"],"relics":["champ:ChampionCrown","Hammer of Thor","Seething Fire","Anvil of the Gods","Champion Belt"],"acts_visited":["Exordium"],"potions_floor_usage":[],"damage_taken":[{"damage":10,"enemies":"Small Slimes","floor":1,"turns":4},{"damage":15,"enemies":"2 Louse","floor":3,"turns":3},{"damage":74,"enemies":"2 Louse","floor":4,"turns":5},{"damage":28,"enemies":"Jaw Worm","floor":5,"turns":4},{"damage":22,"enemies":"Gremlin Nob","floor":7,"turns":3}],"seed_played":"2071258777739823404","potions_obtained":[{"floor":3,"key":"LifebloodPotion"},{"floor":4,"key":"Block Potion"},{"floor":5,"key":"SpeedPotion"}],"is_trial":false,"path_per_floor":["M","?","M","?","M","R","E"],"character_chosen":"THE_CHAMP","items_purchased":[],"campfire_rested":0,"item_purchase_floors":[],"current_hp_per_floor":[99,99,99,65,57,57,45,45,45],"gold":248,"neow_bonus":"TEN_PERCENT_HP_BONUS","is_daily":false,"chose_seed":false,"campfire_upgraded":1,"win_rate":0.0,"timestamp":1613309624,"path_taken":["M","?","M","?","M","R","E"],"items_purchased_type":[],"build_version":"2020-12-22","purchased_purges":0,"victory":false,"max_hp_per_floor":[99,99,99,99,99,99,99,99,99],"card_choices":[{"not_picked":["champ:Duel","champ:BladeFlurry"],"picked":"champ:FaceSlap","floor":1},{"not_picked":["champ:BringItOn","champ:CrownThrow"],"picked":"champ:AdrenalArmor","floor":3},{"not_picked":["champ:FlashCut","champ:SetATrap"],"picked":"champ:HeartStrike","floor":4},{"not_picked":["champ:DefensiveShout","champ:RapidStrikes","champ:RecklessLeap"],"picked":"SKIP","floor":5}],"player_experience":19233,"relics_obtained":[{"floor":4,"key":"Champion Belt"}],"event_choices":[{"damage_healed":0,"gold_gain":0,"player_choice":"Grow","damage_taken":0,"max_hp_gain":0,"max_hp_loss":0,"event_name":"Living Wall","floor":2,"gold_loss":0,"cards_upgraded":["champ:Taunt"]}],"is_beta":false,"boss_relics":[],"items_purged_floors":[],"is_endless":false,"potions_floor_spawned":[3,4,5],"killed_by":"Gremlin Nob","ascension_level":0}}