{"host":"kh6fvhxn285ncg0o","time":1613269044,"event":{"mods":["Act Like it!","BaseMod","Colored Map","Friendly Minions","Keyboard Shortcuts","Minty Spire (QoL Compilation)","Quick Restart","Relic Stats","StSLib","SuperFastMode","UnlockEverythingMod"],"gold_per_floor":[19,31,31,41,52,52,84,84,84,119,132,132,132,149,149,225,225,241,258,258,268,285,285,314,325,325,360,208,239,239,271,271,350,350,361,361,373,108,108,135,160,192,192,67,94,112,122,132,132,132,132,132,132,57,90,90],"floor_reached":57,"language":"KOR","playtime":2232,"items_purged":["Strike_R","Strike_R","Bash"],"score":3239,"play_id":"51a2fd10-0570-43ec-b20d-578fd5d8ad09","local_time":"20210214111724","is_ascension_mode":true,"campfire_choices":[{"data":"Carnage","floor":6.0,"key":"SMITH"},{"data":"Uppercut","floor":8.0,"key":"SMITH"},{"data":"Body Slam","floor":12.0,"key":"SMITH"},{"data":"Evolve","floor":15.0,"key":"SMITH"},{"data":"Barricade","floor":23.0,"key":"SMITH"},{"data":"Feel No Pain","floor":30.0,"key":"SMITH"},{"floor":32.0,"key":"REST"},{"floor":49,"key":"RECALL"},{"data":"Defend_R","floor":53,"key":"PURGE"}],"circlet_count":0,"master_deck":["AscendersBane","Defend_R","Defend_R","Defend_R","Evolve+1","Uppercut+1","Carnage+1","Barricade+1","Body Slam+1","Berserk","Shrug It Off","Shrug It Off","Shockwave","Warcry+1","Fire Breathing","Feel No Pain+1","Fiend Fire+1","Offering","CurseOfTheBell","Dark Shackles","Finesse","Feed+1","Battle Trance","True Grit+1","Warcry+1","Second Wind","Exhume"],"relics":["Burning Blood","Incense Burner","TungstenRod","Gremlin Horn","Runic Dome","Kunai","Blue Candle","Molten Egg 2","InkBottle","Prayer Wheel","Calling Bell","Bronze Scales","Sundial","Lizard Tail","TheAbacus","Omamori","Dead Branch","Peace Pipe","Pantograph","Mercury Hourglass"],"acts_visited":["Exordium","TheCity","TheBeyond","TheEnding"],"potions_floor_usage":[47,56,56],"damage_taken":[{"damage":5.0,"enemies":"2 Louse","floor":1.0,"turns":4.0},{"damage":1.0,"enemies":"Cultist","floor":2.0,"turns":4.0},{"damage":11.0,"enemies":"Jaw Worm","floor":4.0,"turns":4.0},{"damage":3.0,"enemies":"3 Louse","floor":5.0,"turns":4.0},{"damage":20.0,"enemies":"3 Sentries","floor":7.0,"turns":6.0},{"damage":23.0,"enemies":"Lagavulin","floor":10.0,"turns":7.0},{"damage":8.0,"enemies":"Red Slaver","floor":11.0,"turns":2.0},{"damage":0.0,"enemies":"Large Slime","floor":14.0,"turns":6.0},{"damage":0.0,"enemies":"Slime Boss","floor":16.0,"turns":8.0},{"damage":0.0,"enemies":"3 Byrds","floor":18.0,"turns":4.0},{"damage":8.0,"enemies":"Chosen","floor":19.0,"turns":5.0},{"damage":11.0,"enemies":"Snake Plant","floor":21.0,"turns":6.0},{"damage":13.0,"enemies":"3 Cultists","floor":22.0,"turns":6.0},{"damage":27.0,"enemies":"Slavers","floor":24.0,"turns":7.0},{"damage":10.0,"enemies":"Sentry and Sphere","floor":25.0,"turns":4.0},{"damage":5.0,"enemies":"Gremlin Leader","floor":27.0,"turns":8.0},{"damage":28.0,"enemies":"Slavers","floor":29.0,"turns":5.0},{"damage":20.0,"enemies":"Book of Stabbing","floor":31.0,"turns":5.0},{"damage":25.0,"enemies":"Automaton","floor":33.0,"turns":15.0},{"damage":0,"enemies":"3 Darklings","floor":35,"turns":5},{"damage":11,"enemies":"Orb Walker","floor":37,"turns":3},{"damage":5,"enemies":"Giant Head","floor":40,"turns":5},{"damage":12,"enemies":"Mind Bloom Boss Battle","floor":41,"turns":5},{"damage":5,"enemies":"Reptomancer","floor":42,"turns":3},{"damage":18,"enemies":"Nemesis","floor":45,"turns":9},{"damage":5,"enemies":"Sphere and 2 Shapes","floor":46,"turns":6},{"damage":0,"enemies":"Jaw Worm Horde","floor":47,"turns":4},{"damage":12,"enemies":"Spire Growth","floor":48,"turns":5},{"damage":19,"enemies":"Awakened One","floor":50,"turns":10},{"damage":5,"enemies":"Donu and Deca","floor":51,"turns":11},{"damage":5,"enemies":"Shield and Spear","floor":55,"turns":6},{"damage":7,"enemies":"The Heart","floor":56,"turns":12}],"seed_played":"7083201177782863900","potions_obtained":[{"floor":4.0,"key":"LiquidBronze"},{"floor":11.0,"key":"SneckoOil"},{"floor":14.0,"key":"Fire Potion"},{"floor":18.0,"key":"EntropicBrew"},{"floor":24.0,"key":"DuplicationPotion"},{"floor":25.0,"key":"LiquidBronze"},{"floor":29.0,"key":"ElixirPotion"},{"floor":37,"key":"Block Potion"},{"floor":46,"key":"SneckoOil"},{"floor":48,"key":"Energy Potion"}],"is_trial":false,"path_per_floor":["M","M","?","M","M","R","E","R","T","E","M","R","?","M","R","B",null,"M","M","?","M","M","R","E","M","T","E","$","E","R","E","R","B",null,"M","?","M","$","?","E","?","E","T","$","E","M","M","M","R","B","B",null,"R","$","E","B",null],"character_chosen":"IRONCLAD","items_purchased":["Feel No Pain","TheAbacus","Second Wind"],"campfire_rested":1,"item_purchase_floors":[28,38,54],"current_hp_per_floor":[69,74,74,69,72,72,58,58,58,41,39,39,39,45,45,51,69,75,73,73,68,61,61,55,51,51,52,52,30,30,16,38,19,61,67,67,62,62,53,54,48,49,49,49,37,42,52,50,50,62,95,95,95,95,95,94],"gold":90,"neow_bonus":"TRANSFORM_TWO_CARDS","is_daily":false,"chose_seed":false,"campfire_upgraded":6,"win_rate":0.0,"timestamp":1613269044,"path_taken":["M","M","?","?","M","R","E","R","T","E","M","R","?","M","R","BOSS","M","M","?","?","M","R","E","M","T","E","$","E","R","E","R","BOSS","M","?","M","$","?","E","?","E","T","?","E","?","M","M","R","BOSS","BOSS","R","$","E","BOSS"],"items_purchased_type":["Card","Relic","Card"],"build_version":"2020-12-22","purchased_purges":3,"victory":true,"max_hp_per_floor":[75,75,75,75,75,75,75,75,75,75,75,75,75,75,75,75,75,75,75,75,75,75,75,75,75,75,75,75,75,75,75,75,75,75,75,75,75,75,75,75,75,75,75,75,75,79,83,87,87,87,95,95,95,95,95,95],"relic_stats":{"Gremlin Horn":[34,35],"counters":[32,194],"Blue Candle":[7],"Dead Branch":[256],"Burning Blood":190,"Mercury Hourglass":[36],"Peace Pipe":1,"Lizard Tail":0,"TheAbacus":[150],"Sundial":[18],"Bronze Scales":[430],"Pantograph":50,"Prayer Wheel":5,"Kunai":[32],"obtain_stats":[{"Gremlin Horn":10,"Blue Candle":26,"Dead Branch":41,"Incense Burner":7,"Omamori":40,"Burning Blood":0,"Mercury Hourglass":55,"Calling Bell":34,"Peace Pipe":42,"Runic Dome":17,"Lizard Tail":34,"TheAbacus":38,"Sundial":34,"Bronze Scales":34,"Pantograph":45,"Molten Egg 2":27,"Prayer Wheel":31,"Kunai":24,"TungstenRod":9,"InkBottle":29},{"Gremlin Horn":6,"Blue Candle":15,"Dead Branch":23,"Incense Burner":5,"Omamori":22,"Burning Blood":0,"Mercury Hourglass":31,"Calling Bell":19,"Peace Pipe":24,"Runic Dome":9,"Lizard Tail":19,"TheAbacus":21,"Sundial":19,"Bronze Scales":19,"Pantograph":25,"Molten Egg 2":16,"Prayer Wheel":18,"Kunai":14,"TungstenRod":5,"InkBottle":17},{"Gremlin Horn":29,"Blue Candle":77,"Dead Branch":128,"Incense Burner":22,"Omamori":123,"Burning Blood":0,"Mercury Hourglass":182,"Calling Bell":110,"Peace Pipe":131,"Runic Dome":45,"Lizard Tail":110,"TheAbacus":118,"Sundial":110,"Bronze Scales":110,"Pantograph":140,"Molten Egg 2":85,"Prayer Wheel":95,"Kunai":73,"TungstenRod":22,"InkBottle":90}],"TungstenRod":105,"InkBottle":[48]},"card_choices":[{"not_picked":["Clash","Iron Wave"],"picked":"Uppercut","floor":1.0},{"not_picked":["Clothesline","Heavy Blade"],"picked":"Carnage","floor":5.0},{"not_picked":["Hemokinesis","Flex"],"picked":"Barricade","floor":7.0},{"not_picked":["Havoc","Rampage","Body Slam"],"picked":"SKIP","floor":10.0},{"not_picked":["Havoc","Rampage"],"picked":"Body Slam","floor":10.0},{"not_picked":["Cleave","Dropkick","Iron Wave"],"picked":"SKIP","floor":11.0},{"not_picked":["Wild Strike","Heavy Blade","Clothesline"],"picked":"SKIP","floor":14.0},{"not_picked":["Limit Break","Reaper"],"picked":"Berserk","floor":16.0},{"not_picked":["Clash","Evolve"],"picked":"Shrug It Off","floor":18.0},{"not_picked":["Uppercut","Anger","Heavy Blade"],"picked":"SKIP","floor":19.0},{"not_picked":["Inflame","True Grit"],"picked":"Shockwave","floor":21.0},{"not_picked":["Body Slam","Thunderclap"],"picked":"Warcry+1","floor":22.0},{"not_picked":["Blood for Blood","Wild Strike"],"picked":"Fire Breathing","floor":24.0},{"not_picked":["Armaments","Blood for Blood","True Grit"],"picked":"SKIP","floor":25.0},{"not_picked":["Flex","Dropkick+1","Inflame"],"picked":"SKIP","floor":27.0},{"not_picked":["Twin Strike+1","Heavy Blade+1"],"picked":"Fiend Fire+1","floor":29.0},{"not_picked":["Clash+1","Whirlwind+1","Heavy Blade+1"],"picked":"SKIP","floor":31.0},{"not_picked":["Berserk","Impervious"],"picked":"Offering","floor":33.0},{"not_picked":["Wild Strike+1","Sentinel","Shrug It Off"],"picked":"SKIP","floor":35},{"not_picked":["Cleave+1","Havoc+1","Iron Wave+1"],"picked":"SKIP","floor":35},{"not_picked":["Dual Wield","Clothesline+1","Warcry"],"picked":"SKIP","floor":37},{"not_picked":["Searing Blow+1","Shockwave","Sword Boomerang+1"],"picked":"SKIP","floor":37},{"not_picked":["Blind","Mayhem"],"picked":"Dark Shackles","floor":39},{"not_picked":["Thinking Ahead","Apotheosis"],"picked":"Finesse","floor":39},{"not_picked":["Headbutt+1","Inflame","True Grit"],"picked":"SKIP","floor":40},{"not_picked":["Armaments","True Grit","Rampage+1"],"picked":"SKIP","floor":42},{"not_picked":["Wild Strike+1","Iron Wave+1"],"picked":"Feed+1","floor":45},{"not_picked":["Rupture+1","Havoc+1","True Grit"],"picked":"SKIP","floor":46},{"not_picked":["Infernal Blade","Heavy Blade+1","Fire Breathing"],"picked":"SKIP","floor":46},{"not_picked":["Sever Soul+1","Iron Wave+1"],"picked":"Battle Trance","floor":47},{"not_picked":["Clothesline+1","Heavy Blade+1"],"picked":"True Grit+1","floor":47},{"not_picked":["Pommel Strike+1","Searing Blow+1"],"picked":"Warcry+1","floor":48},{"not_picked":["Twin Strike+1","Shrug It Off","Pommel Strike+1"],"picked":"SKIP","floor":48},{"not_picked":["Feel No Pain","Reaper+1"],"picked":"Exhume","floor":55}],"player_experience":1398020,"relics_obtained":[{"floor":7.0,"key":"Incense Burner"},{"floor":9.0,"key":"TungstenRod"},{"floor":10.0,"key":"Gremlin Horn"},{"floor":24.0,"key":"Kunai"},{"floor":26.0,"key":"Blue Candle"},{"floor":27.0,"key":"Molten Egg 2"},{"floor":29.0,"key":"InkBottle"},{"floor":31.0,"key":"Prayer Wheel"},{"floor":34,"key":"Bronze Scales"},{"floor":34,"key":"Sundial"},{"floor":34,"key":"Lizard Tail"},{"floor":40,"key":"Omamori"},{"floor":41,"key":"Dead Branch"},{"floor":42,"key":"Peace Pipe"},{"floor":45,"key":"Pantograph"},{"floor":55,"key":"Mercury Hourglass"}],"event_choices":[{"damage_healed":0.0,"max_hp_gain":0.0,"max_hp_loss":0.0,"gold_gain":0.0,"event_name":"Match and Keep!","player_choice":"0 cards matched","floor":3.0,"gold_loss":0.0,"damage_taken":0.0,"cards_obtained":[]},{"cards_removed":["Strike_R"],"damage_healed":0.0,"max_hp_gain":0.0,"max_hp_loss":0.0,"gold_gain":0.0,"event_name":"Living Wall","player_choice":"Forget","floor":13.0,"gold_loss":0.0,"damage_taken":0.0},{"damage_healed":0.0,"max_hp_gain":0.0,"max_hp_loss":0.0,"gold_gain":0.0,"event_name":"Duplicator","player_choice":"Copied","floor":20.0,"gold_loss":0.0,"damage_taken":0.0,"cards_obtained":["Shrug It Off"]},{"cards_removed":["Anger"],"damage_healed":0,"gold_gain":0,"player_choice":"Removed Attack","damage_taken":0,"max_hp_gain":0,"max_hp_loss":0,"event_name":"Falling","floor":36,"gold_loss":0},{"damage_healed":0,"gold_gain":0,"player_choice":"Memory 3","damage_taken":10,"max_hp_gain":0,"max_hp_loss":0,"event_name":"SensoryStone","floor":39,"gold_loss":0},{"damage_healed":0,"gold_gain":0,"player_choice":"Fight","damage_taken":0,"max_hp_gain":0,"max_hp_loss":0,"event_name":"MindBloom","floor":41,"gold_loss":0}],"is_beta":false,"boss_relics":[{"not_picked":["Velvet Choker","Fusion Hammer"],"picked":"Runic Dome"},{"not_picked":["SlaversCollar","Runic Cube"],"picked":"Calling Bell"}],"items_purged_floors":[28,38,44],"is_endless":false,"potions_floor_spawned":[4,11,14,18,24,25,29,37,46,48],"ascension_level":20}}