{"host":"ctlqibkg0sskiu65","time":1613318095,"event":{"mods":["AchievementEnabler","Aspiration","Astrologer","BaseMod","Better Third Choice","BetterRewards","Colored Map","Colored Powertips","Conspire","Curses Come First","Fiend Mod","Infinite Spire","Minty Spire (QoL Compilation)","Potionbrewer","Quick Restart","Reliquary","Replay The Spire","Robot Space Explorer","Shade Mod","Shop Mod","StSLib","The Blackbeard","The Bladedancer","The Cursed","The Death Knight","The Hierophant","The Jungle","The Kombatant","The Necromancer","The Poker Player","The Servant 0.9.4","TheBandit","Wide Potions","thorton"],"gold_per_floor":[115,115,65,84,96,96,126,126,151,177,177,177,48,63,63,163,163,179,179,190,39,39,39,68,68,114,132,132,132,132,150,150,245,245,261,261,280,47,60,91,45,45,45,45,45],"floor_reached":44,"language":"ENG","playtime":1560,"items_purged":["conspire:GhostlyStrike"],"score":746,"play_id":"d0a1d1f8-53a6-42d1-bace-b9c5836b0ca1","local_time":"20210214095455","is_ascension_mode":true,"campfire_choices":[{"data":"Inflame","floor":6,"key":"SMITH"},{"data":"Apotheosis","floor":8,"key":"SMITH"},{"data":"Sword Boomerang","floor":15,"key":"SMITH"},{"data":"Double Tap","floor":23,"key":"SMITH"},{"floor":32,"key":"REST"},{"data":"Pommel Strike","floor":42,"key":"SMITH"}],"circlet_count":0,"master_deck":["conspire:GhostlyStrike","conspire:GhostlyStrike+1","conspire:GhostlyStrike","conspire:GhostlyDefend+1","conspire:GhostlyDefend+1","conspire:GhostlyDefend+1","conspire:GhostlyDefend+1","Bash+1","Apotheosis+1","Inflame+1","Seeing Red+1","Sword Boomerang+1","Heavy Blade+1","Shockwave+1","Demon Form+1","Flex","Double Tap+1","Flex+1","Sword Boomerang+1","Flame Barrier+1","Reaper","Pommel Strike+1","Finesse","Sword Boomerang+1","Heavy Blade+1","Pommel Strike+1"],"relics":["Burning Blood","conspire:Boomerang","Happy Flower","potionbrewer:SlideRule","conspire:SpecialSausage","reliquary:ExpiredCoupon","Mango","aspiration:HiddenCompartment","HornCleat","conspire:RoyalGoblet","reliquary:SharkskinSheath","reliquary:Stiletto","Thread and Needle"],"acts_visited":["Exordium","TheCity","TheBeyond"],"potions_floor_usage":[4,7,16,27,40],"damage_taken":[{"damage":1,"enemies":"conspire:RoseBush","floor":1,"turns":3},{"damage":3,"enemies":"Jaw Worm","floor":4,"turns":3},{"damage":6,"enemies":"2 Louse","floor":5,"turns":2},{"damage":14,"enemies":"Replay:BlueRogue","floor":7,"turns":5},{"damage":5,"enemies":"Lagavulin","floor":10,"turns":4},{"damage":9,"enemies":"conspire:2 RoseBushes","floor":14,"turns":4},{"damage":0,"enemies":"Slime Boss","floor":16,"turns":6},{"damage":2,"enemies":"Spheric Guardian","floor":18,"turns":3},{"damage":2,"enemies":"2 Thieves","floor":20,"turns":2},{"damage":25,"enemies":"Replay:Snechameleon","floor":24,"turns":3},{"damage":18,"enemies":"Shelled Parasite and Fungi","floor":27,"turns":3},{"damage":0,"enemies":"Centurion and Healer","floor":31,"turns":4},{"damage":30,"enemies":"Pondfish","floor":33,"turns":7},{"damage":31,"enemies":"3 Shapes","floor":35,"turns":2},{"damage":2,"enemies":"Orb Walker","floor":37,"turns":3},{"damage":8,"enemies":"Transient","floor":39,"turns":5},{"damage":1,"enemies":"Reptomancer","floor":40,"turns":5},{"damage":0,"enemies":"infinitespire:Three Voidlings","floor":44,"turns":2},{"damage":83,"enemies":"Nightmare_Alpha","floor":44,"turns":4}],"seed_played":"1019961999684780996","potions_obtained":[{"floor":4,"key":"potionbrewer:BlacksmithPotion"},{"floor":5,"key":"potionbrewer:NoxiousPotion"},{"floor":14,"key":"infinitespire:BlackPotion"},{"floor":20,"key":"AttackPotion"},{"floor":33,"key":"SpeedPotion"},{"floor":35,"key":"Block Potion"}],"is_trial":false,"path_per_floor":["M","?","?","M","M","R","E","R","T","E","?","T","$","M","R","B",null,"M","?","M","$","?","R","E","AVR","T","M","?","?","?","M","R","B",null,"M","?","M","$","M","E","$","R","T","?"],"character_chosen":"IRONCLAD","items_purchased":["Apotheosis","Inflame","Flex","reliquary:ExpiredCoupon","Finesse","reliquary:SharkskinSheath","Pommel Strike"],"campfire_rested":1,"item_purchase_floors":[0,0,13,21,38,38,41],"current_hp_per_floor":[80,80,80,80,80,80,72,72,72,73,73,73,73,70,70,80,80,80,80,80,80,80,80,75,75,75,63,63,35,26,32,60,36,94,69,69,73,73,71,76,76,76,76,0,0],"gold":45,"neow_bonus":"","is_daily":false,"chose_seed":false,"campfire_upgraded":5,"win_rate":0.0,"timestamp":1613318095,"path_taken":["M","?","?","?","M","R","E","R","T","E","?","?","$","M","R","BOSS","M","?","M","$","?","R","E","AVR","T","?","?","?","?","M","R","BOSS","M","?","?","$","M","E","$","R","T","?"],"items_purchased_type":["Card","Card","Card","Relic","Card","Relic","Card"],"build_version":"2020-12-22","purchased_purges":1,"victory":false,"max_hp_per_floor":[80,80,80,80,80,80,80,80,80,80,80,80,80,80,80,80,80,80,80,80,80,80,80,94,94,94,94,94,94,94,94,94,94,94,94,94,94,94,94,94,94,94,94,94,94],"card_choices":[{"not_picked":["Abandon","Reckless Charge"],"picked":"Seeing Red","floor":1},{"not_picked":["Flex","Blood for Blood"],"picked":"Sword Boomerang","floor":4},{"not_picked":["Headbutt","Flex"],"picked":"Heavy Blade","floor":5},{"not_picked":["Infernal Blade","Brutality"],"picked":"Shockwave","floor":7},{"not_picked":["conspire:HitWhereItHurts","Offering"],"picked":"Demon Form","floor":10},{"not_picked":["Shrug It Off","Run Through","Body Slam"],"picked":"SKIP","floor":14},{"not_picked":["Impervious","Limit Break"],"picked":"Double Tap","floor":16},{"not_picked":["Uppercut+1","True Grit"],"picked":"Flex+1","floor":18},{"not_picked":["Rupture","Havoc","Eclipse"],"picked":"SKIP","floor":20},{"not_picked":["Rupture","Warcry","Shockwave+1"],"picked":"SKIP","floor":24},{"not_picked":["Armaments","Cleave"],"picked":"Flame Barrier+1","floor":27},{"not_picked":["Seeing Red","Bloodletting+1","Havoc+1"],"picked":"SKIP","floor":31},{"not_picked":["Replay:Many Hands","Bludgeon"],"picked":"Reaper","floor":33},{"not_picked":["Heavy Blade","Body Slam"],"picked":"Pommel Strike+1","floor":35},{"not_picked":["Replay:Undeath\u0027s Touch+1","Thunderclap+1","Clash+1"],"picked":"SKIP","floor":37},{"not_picked":["Feel No Pain+1","Bludgeon"],"picked":"Sword Boomerang+1","floor":39},{"not_picked":["Hemokinesis","Uppercut"],"picked":"Heavy Blade+1","floor":40}],"player_experience":298799,"relics_obtained":[{"floor":7,"key":"Bag of Marbles"},{"floor":9,"key":"Happy Flower"},{"floor":10,"key":"potionbrewer:SlideRule"},{"floor":24,"key":"Mango"},{"floor":26,"key":"aspiration:HiddenCompartment"},{"floor":40,"key":"reliquary:Stiletto"},{"floor":43,"key":"Thread and Needle"}],"event_choices":[{"damage_healed":0,"gold_gain":0,"player_choice":"Agree","damage_taken":0,"max_hp_gain":0,"max_hp_loss":0,"event_name":"conspire:LoneGhost","floor":2,"gold_loss":0},{"cards_removed":["conspire:GhostlyStrike"],"damage_healed":0,"gold_gain":0,"player_choice":"Card Removal","damage_taken":0,"max_hp_gain":0,"max_hp_loss":0,"event_name":"The Cleric","floor":3,"gold_loss":50},{"damage_healed":0,"gold_gain":0,"player_choice":"Copied","damage_taken":0,"max_hp_gain":0,"max_hp_loss":0,"event_name":"Duplicator","floor":22,"gold_loss":0,"cards_obtained":["Sword Boomerang"]},{"damage_healed":0,"gold_gain":0,"player_choice":"Ignored","damage_taken":0,"max_hp_gain":0,"max_hp_loss":0,"event_name":"The Mausoleum","floor":28,"gold_loss":0},{"damage_healed":0,"gold_gain":0,"player_choice":"HornCleat","damage_taken":0,"relics_obtained":["HornCleat"],"max_hp_gain":0,"max_hp_loss":0,"event_name":"blackbeard:ShipwreckEvent","floor":30,"gold_loss":0},{"damage_healed":0,"gold_gain":0,"player_choice":"Bought 0 Potions","damage_taken":0,"max_hp_gain":0,"max_hp_loss":0,"event_name":"The Woman in Blue","floor":36,"gold_loss":0}],"is_beta":false,"boss_relics":[{"not_picked":["Busted Crown","ChewingGum"],"picked":"conspire:SpecialSausage"},{"not_picked":["Runic Dome","aspiration:WatcherSkillbook"],"picked":"conspire:RoyalGoblet"}],"items_purged_floors":[13],"is_endless":false,"potions_floor_spawned":[4,5,14,20,33,35,44],"killed_by":"Nightmare_Alpha","ascension_level":1}}