{"host":"FirstDane","time":1613273222,"event":{"mods":["BaseMod","Bestiary","Highlight Path","Minty Spire (QoL Compilation)","Relic Stats","Slay the Relics Exporter"],"gold_per_floor":[113,129,139,151,171,171,196,215,267,267,294,294,321,335,335,414,414,429,449,203,203,203,203,228,228,255,283,294,294,294],"floor_reached":29,"language":"ENG","playtime":4963,"items_purged":["Strike_B"],"score":570,"play_id":"edc07041-17d0-4cf6-9244-8ad73c4d3465","local_time":"20210213212702","is_ascension_mode":true,"campfire_choices":[{"data":"Sweeping Beam","floor":6,"key":"SMITH"},{"data":"Defragment","floor":10,"key":"SMITH"},{"data":"Darkness","floor":15,"key":"SMITH"},{"data":"Barrage","floor":23,"key":"SMITH"},{"data":"Hologram","floor":25,"key":"SMITH"}],"circlet_count":0,"master_deck":["AscendersBane","Strike_B","Strike_B+1","Strike_B+1","Defend_B","Defend_B","Defend_B","Defend_B","Zap","Dualcast","Glacier","Melter","Sweeping Beam+1","Darkness+1","Echo Form","Defragment+1","Hologram+1","Undo","Machine Learning","Barrage+1","Darkness+1"],"relics":["Runic Dome","Vajra","Whetstone","Orichalcum","Eternal Feather","Coffee Dripper","Frozen Eye","Toy Ornithopter","MealTicket","Art of War"],"acts_visited":["Exordium","TheCity"],"potions_floor_usage":[7,18,24,27,27],"damage_taken":[{"damage":7,"enemies":"Small Slimes","floor":1,"turns":4},{"damage":1,"enemies":"2 Louse","floor":2,"turns":3},{"damage":0,"enemies":"Jaw Worm","floor":3,"turns":3},{"damage":11,"enemies":"Lots of Slimes","floor":4,"turns":4},{"damage":4,"enemies":"Exordium Wildlife","floor":5,"turns":5},{"damage":11,"enemies":"Gremlin Nob","floor":7,"turns":3},{"damage":6,"enemies":"Looter","floor":8,"turns":3},{"damage":2,"enemies":"3 Sentries","floor":11,"turns":9},{"damage":10,"enemies":"Gremlin Nob","floor":13,"turns":4},{"damage":8,"enemies":"Blue Slaver","floor":14,"turns":3},{"damage":24,"enemies":"Slime Boss","floor":16,"turns":9},{"damage":3,"enemies":"3 Byrds","floor":18,"turns":5},{"damage":0,"enemies":"Spheric Guardian","floor":19,"turns":4},{"damage":19,"enemies":"Gremlin Leader","floor":24,"turns":7},{"damage":44,"enemies":"Slavers","floor":27,"turns":7},{"damage":0,"enemies":"Snake Plant","floor":28,"turns":5},{"damage":9,"enemies":"Cultist and Chosen","floor":29,"turns":4}],"seed_played":"5322025424232860969","potions_obtained":[{"floor":3,"key":"FearPotion"},{"floor":4,"key":"GamblersBrew"},{"floor":5,"key":"Dexterity Potion"},{"floor":7,"key":"FocusPotion"},{"floor":8,"key":"Block Potion"},{"floor":19,"key":"GamblersBrew"},{"floor":24,"key":"SkillPotion"}],"is_trial":false,"path_per_floor":["M","M","M","M","M","R","E","M","T","R","E","?","E","M","R","B",null,"M","M","$","?","?","R","E","R","T","E","M","M"],"character_chosen":"DEFECT","items_purchased":["Frozen Eye"],"campfire_rested":0,"item_purchase_floors":[20],"current_hp_per_floor":[57,56,56,45,41,41,30,24,24,24,22,45,35,27,36,12,56,53,53,53,33,33,45,26,38,38,4,4,0,0],"gold":294,"neow_bonus":"BOSS_RELIC","is_daily":false,"chose_seed":false,"campfire_upgraded":5,"win_rate":0.0,"timestamp":1613273222,"path_taken":["M","M","M","M","M","R","E","M","T","R","E","?","E","M","R","BOSS","M","M","$","?","?","R","E","R","T","E","M","?"],"items_purchased_type":["Relic"],"build_version":"2020-12-18","purchased_purges":1,"victory":false,"max_hp_per_floor":[71,71,71,71,71,71,71,71,71,71,71,71,71,71,71,71,71,71,71,71,76,76,76,76,76,76,76,76,76,76],"relic_stats":{"counters":[17,82],"Eternal Feather":33,"MealTicket":0,"Art of War":[1],"Whetstone":["Strike_B","Strike_B"],"Orichalcum":[66],"obtain_stats":[{"Runic Dome":0,"Frozen Eye":20,"Vajra":7,"Eternal Feather":13,"MealTicket":26,"Coffee Dripper":17,"Art of War":27,"Whetstone":9,"Orichalcum":11,"Cracked Core":0,"Toy Ornithopter":24},{"Runic Dome":0,"Frozen Eye":13,"Vajra":6,"Eternal Feather":9,"MealTicket":14,"Coffee Dripper":11,"Art of War":15,"Whetstone":7,"Orichalcum":8,"Cracked Core":0,"Toy Ornithopter":14},{"Runic Dome":0,"Frozen Eye":59,"Vajra":22,"Eternal Feather":38,"MealTicket":66,"Coffee Dripper":50,"Art of War":73,"Whetstone":25,"Orichalcum":34,"Cracked Core":0,"Toy Ornithopter":66}],"Toy Ornithopter":10},"card_choices":[{"not_picked":["Barrage","Turbo"],"picked":"Glacier","floor":1},{"not_picked":["BootSequence","Tempest"],"picked":"Melter","floor":2},{"not_picked":["Chaos","Barrage"],"picked":"Sweeping Beam","floor":3},{"not_picked":["Static Discharge","Steam"],"picked":"Darkness","floor":4},{"not_picked":["Steam Power","Reinforced Body"],"picked":"Echo Form","floor":5},{"not_picked":["Scrape","Rebound"],"picked":"Defragment","floor":7},{"not_picked":["Coolheaded","Fusion","Rebound"],"picked":"SKIP","floor":8},{"not_picked":["Conserve Battery","All For One","Redo"],"picked":"SKIP","floor":11},{"not_picked":["Conserve Battery","All For One","Redo"],"picked":"SKIP","floor":11},{"not_picked":["Conserve Battery","All For One","Redo"],"picked":"SKIP","floor":11},{"not_picked":["Leap","Auto Shields"],"picked":"Hologram","floor":13},{"not_picked":["Sweeping Beam","Turbo"],"picked":"Undo","floor":14},{"not_picked":["Creative AI","Thunder Strike"],"picked":"Machine Learning","floor":16},{"not_picked":["Stack","Hologram","Compile Driver"],"picked":"SKIP","floor":18},{"not_picked":["Beam Cell","Tempest"],"picked":"Barrage","floor":19},{"not_picked":["Streamline","Conserve Battery","White Noise"],"picked":"SKIP","floor":24},{"not_picked":["Stack","Cold Snap","Leap"],"picked":"SKIP","floor":27},{"not_picked":["Skim","Fusion"],"picked":"Darkness+1","floor":28}],"player_experience":4125822,"relics_obtained":[{"floor":7,"key":"Vajra"},{"floor":9,"key":"Whetstone"},{"floor":11,"key":"Orichalcum"},{"floor":13,"key":"Eternal Feather"},{"floor":24,"key":"Toy Ornithopter"},{"floor":26,"key":"MealTicket"},{"floor":27,"key":"Art of War"}],"event_choices":[{"damage_healed":23,"gold_gain":0,"player_choice":"Banana","damage_taken":0,"max_hp_gain":0,"max_hp_loss":0,"event_name":"Big Fish","floor":12,"gold_loss":0},{"damage_healed":0,"gold_gain":0,"player_choice":"Shed Blood","damage_taken":25,"max_hp_gain":5,"max_hp_loss":0,"event_name":"Forgotten Altar","floor":21,"gold_loss":0},{"damage_healed":0,"gold_gain":0,"player_choice":"Ignored","damage_taken":0,"max_hp_gain":0,"max_hp_loss":0,"event_name":"N\u0027loth","floor":22,"gold_loss":0}],"is_beta":true,"boss_relics":[{"not_picked":["Calling Bell","Nuclear Battery"],"picked":"Coffee Dripper"}],"items_purged_floors":[20],"is_endless":false,"potions_floor_spawned":[3,4,5,7,8,14,16,19,24],"killed_by":"Cultist and Chosen","ascension_level":20}}