{"host":"wri98rxht4656ll8","time":1613335542,"event":{"mods":["AchievementEnabler","BaseMod","Colored Map","Colored Powertips","Minty Spire (QoL Compilation)","Permanent Neow","StSLib"],"gold_per_floor":[112,37,57,68,87,87,118,118,144,144,44,62,62,62,62,163,163,163,163],"floor_reached":18,"language":"ENG","playtime":1558,"items_purged":["Strike_R","Strike_R"],"score":210,"play_id":"19738789-52ba-4c4d-af62-8b29943e9174","local_time":"20210214214542","is_ascension_mode":false,"campfire_choices":[{"floor":6,"key":"REST"},{"floor":8,"key":"REST"},{"data":"Defend_R","floor":10,"key":"SMITH"},{"floor":15,"key":"REST"}],"circlet_count":0,"master_deck":["Strike_R","Defend_R+1","Defend_R+1","Defend_R+1","Defend_R","Bash"],"relics":["Burning Blood","MealTicket","Toy Ornithopter","Pen Nib"],"acts_visited":["Exordium","TheCity"],"potions_floor_usage":[7,16,16,18],"damage_taken":[{"damage":1,"enemies":"Cultist","floor":1,"turns":4},{"damage":0,"enemies":"Small Slimes","floor":3,"turns":4},{"damage":1,"enemies":"2 Louse","floor":4,"turns":5},{"damage":23,"enemies":"Large Slime","floor":5,"turns":11},{"damage":39,"enemies":"3 Sentries","floor":7,"turns":10},{"damage":3,"enemies":"Red Slaver","floor":12,"turns":9},{"damage":0,"enemies":"Slime Boss","floor":16,"turns":6},{"damage":40,"enemies":"Spheric Guardian","floor":18,"turns":16}],"seed_played":"-1087356087433615082","potions_obtained":[{"floor":5,"key":"Strength Potion"},{"floor":7,"key":"PowerPotion"},{"floor":12,"key":"PowerPotion"},{"floor":16,"key":"Block Potion"}],"is_trial":false,"path_per_floor":["M","$","M","M","M","R","E","R","T","R","$","M","?","?","R","B",null,"M"],"character_chosen":"IRONCLAD","items_purchased":[],"campfire_rested":3,"item_purchase_floors":[],"current_hp_per_floor":[61,61,67,72,55,79,46,70,70,70,80,80,68,52,76,80,80,45,45],"gold":163,"neow_bonus":"REMOVE_TWO","is_daily":false,"chose_seed":false,"campfire_upgraded":1,"win_rate":0.0,"timestamp":1613335542,"path_taken":["M","$","?","M","M","R","E","R","T","R","$","M","?","?","R","BOSS","M"],"items_purchased_type":[],"build_version":"2020-12-22","purchased_purges":2,"victory":false,"max_hp_per_floor":[80,80,80,80,80,80,80,80,80,80,80,80,80,80,80,80,80,80,80],"card_choices":[{"not_picked":["Cleave","Heavy Blade","Headbutt"],"picked":"SKIP","floor":1},{"not_picked":["Combust","Havoc","Clothesline"],"picked":"SKIP","floor":3},{"not_picked":["Disarm","Ghostly Armor","Clash"],"picked":"SKIP","floor":4},{"not_picked":["Heavy Blade","Anger","Body Slam"],"picked":"SKIP","floor":5},{"not_picked":["Limit Break","Body Slam","Battle Trance"],"picked":"SKIP","floor":7},{"not_picked":["Heavy Blade","Iron Wave","Armaments"],"picked":"SKIP","floor":12}],"player_experience":217787,"relics_obtained":[{"floor":7,"key":"MealTicket"},{"floor":9,"key":"Toy Ornithopter"}],"event_choices":[{"damage_healed":0,"gold_gain":0,"player_choice":"Success","damage_taken":12,"relics_obtained":["Pen Nib"],"max_hp_gain":0,"max_hp_loss":0,"event_name":"Scrap Ooze","floor":13,"gold_loss":0},{"damage_healed":0,"gold_gain":0,"player_choice":"Entered Light","damage_taken":16,"max_hp_gain":0,"max_hp_loss":0,"event_name":"Shining Light","floor":14,"gold_loss":0,"cards_upgraded":["Defend_R","Defend_R"]}],"is_beta":false,"boss_relics":[{"not_picked":["Cursed Key","Pandora\u0027s Box","Tiny House"]}],"items_purged_floors":[2,11],"is_endless":false,"potions_floor_spawned":[5,7,12,16],"killed_by":"Spheric Guardian","ascension_level":0}}