{"host":"p9vmbvw2hh2n16dn","time":1613319183,"event":{"mods":["AchievementEnabler","BaseMod","Block Reminder","Minty Spire (QoL Compilation)","Relic Stats","SuperFastMode"],"gold_per_floor":[115,390,406,426,446,478,478,478,478],"floor_reached":8,"language":"ENG","playtime":177,"items_purged":[],"score":90,"play_id":"50e623d1-4142-408a-ab33-55478bd96939","local_time":"20210214171303","is_ascension_mode":true,"campfire_choices":[{"floor":7,"key":"REST"}],"circlet_count":0,"master_deck":["AscendersBane","Strike_B","Strike_B","Strike_B","Strike_B","Defend_B","Defend_B","Defend_B","Defend_B","Zap","Dualcast","Sunder","Regret","Self Repair","Sunder","Capacitor"],"relics":["SacredBark","Cables"],"acts_visited":["Exordium"],"potions_floor_usage":[8],"damage_taken":[{"damage":10,"enemies":"Cultist","floor":1,"turns":4},{"damage":14,"enemies":"Jaw Worm","floor":3,"turns":3},{"damage":16,"enemies":"Small Slimes","floor":4,"turns":4},{"damage":6,"enemies":"Exordium Wildlife","floor":5,"turns":4},{"damage":34,"enemies":"Gremlin Nob","floor":6,"turns":4},{"damage":17,"enemies":"3 Sentries","floor":8,"turns":3}],"seed_played":"-876355820908615027","potions_obtained":[{"floor":1,"key":"LiquidBronze"}],"is_trial":false,"path_per_floor":["M","?","M","M","M","E","R","E"],"character_chosen":"DEFECT","items_purchased":[],"campfire_rested":1,"item_purchase_floors":[],"current_hp_per_floor":[58,58,44,35,36,2,24,7,7],"gold":478,"neow_bonus":"BOSS_RELIC","is_daily":false,"chose_seed":false,"campfire_upgraded":0,"win_rate":0.0,"timestamp":1613319183,"path_taken":["M","?","M","M","M","E","R","E"],"items_purchased_type":[],"build_version":"2020-12-22","purchased_purges":0,"victory":false,"max_hp_per_floor":[75,75,75,75,75,75,75,75,75],"relic_stats":{"counters":[6,22],"obtain_stats":[{"SacredBark":0,"Cracked Core":0,"Cables":6},{"SacredBark":0,"Cracked Core":0,"Cables":5},{"SacredBark":0,"Cracked Core":0,"Cables":19}],"Cables":[0,0,0,0,0]},"card_choices":[{"not_picked":["Go for the Eyes","Rebound"],"picked":"Sunder","floor":1},{"not_picked":["Streamline","Coolheaded"],"picked":"Self Repair","floor":3},{"not_picked":["Steam","Barrage"],"picked":"Sunder","floor":4},{"not_picked":["Stack","Reinforced Body","Steam"],"picked":"SKIP","floor":5},{"not_picked":["Static Discharge","Recycle"],"picked":"Capacitor","floor":6}],"player_experience":329163,"relics_obtained":[{"floor":6,"key":"Cables"}],"event_choices":[{"damage_healed":0,"gold_gain":275,"player_choice":"Desecrate","damage_taken":0,"max_hp_gain":0,"max_hp_loss":0,"event_name":"Golden Shrine","floor":2,"gold_loss":0,"cards_obtained":["Regret"]}],"is_beta":false,"boss_relics":[],"items_purged_floors":[],"is_endless":false,"potions_floor_spawned":[1],"killed_by":"3 Sentries","ascension_level":11}}