{"host":"1a9bbjeis3rg03b1","time":1613284749,"event":{"mods":["Act Like it!","BaseMod","Gensokyo","Googly Eyes","Hermit","Mimic Mod","Minty Spire (QoL Compilation)","Morshu Shopkeeper","Reliquary","Replay The Spire","StSLib","The Administrix","The Jungle","The Poker Player","The Servant 0.9.4","Wide Potions","everything is the same but u backflip on backflip"],"gold_per_floor":[14,14,24,24,24,51,51,70,144,161,161,190,190,225,225,320,320,336,336,347,357,371,397,411,411,411,411,511,451,461,473,473,473,473],"floor_reached":33,"language":"ENG","playtime":4830,"items_purged":[],"score":404,"play_id":"20516873-7dcc-4e36-acdb-be040a030b8c","local_time":"20210213233909","is_ascension_mode":true,"campfire_choices":[{"data":"Replace","floor":7.0,"key":"SMITH"},{"data":"Spin","floor":13,"key":"SMITH"},{"floor":25,"key":"REST"},{"data":"Moondial","floor":27,"key":"SMITH"},{"floor":32,"key":"REST"}],"circlet_count":0,"master_deck":["Strike_S","Strike_S","Strike_S","Strike_S","Defend_S","Defend_S","Defend_S","KidneyShot","Exchange","FlawlessForm","Replace+1","ReturningBlade","Moonlight","Inflame","Spin","SilverBlades","Moondial+1","Spin+1","Pummel","SoulSculpture","Starlight","Ghostly","Ghostly","Ghostly","Ghostly","Ghostly","TimeWarp","Rewind","TimeWarp","Pot Of Greed","Pot Of Greed","Pot Of Greed","Rewind+1","Moonlight","Hallucinations","Hightail+1","BottledTime","Sunlight"],"relics":["m_ScarletBlood","Simple Rune","Shuriken","Ring of Searing","Ring of Hypnosis","reliquary:TuningFork","ReplayFunnel","Cursed Key","Grinning Jar","Anchor","Replay:Kaleidoscope","Kunai"],"acts_visited":["Exordium","TheCity"],"potions_floor_usage":[16,18,21,21,23,30,33,33],"damage_taken":[{"damage":5.0,"enemies":"Jaw Worm","floor":1.0,"turns":4.0},{"damage":4.0,"enemies":"Cultist","floor":3.0,"turns":3.0},{"damage":18.0,"enemies":"Replay:BlueRogue","floor":6.0,"turns":5.0},{"damage":0.0,"enemies":"2 Louse","floor":8.0,"turns":2.0},{"damage":0.0,"enemies":"Exordium Thugs","floor":10.0,"turns":1.0},{"damage":11,"enemies":"3 Sentries","floor":12,"turns":3},{"damage":7,"enemies":"Gremlin Nob","floor":14,"turns":3},{"damage":0,"enemies":"Hexaghost","floor":16,"turns":6},{"damage":0,"enemies":"Spheric Guardian","floor":18,"turns":1},{"damage":10,"enemies":"Chosen","floor":20,"turns":4},{"damage":8,"enemies":"Snecko","floor":21,"turns":4},{"damage":5,"enemies":"Centurion and Healer","floor":22,"turns":4},{"damage":3,"enemies":"Slavers","floor":23,"turns":4},{"damage":0,"enemies":"3 Cultists","floor":24,"turns":6},{"damage":0,"enemies":"Colosseum Slavers","floor":28,"turns":4},{"damage":14,"enemies":"Colosseum Nobs","floor":28,"turns":3},{"damage":0,"enemies":"Snake Plant","floor":30,"turns":2},{"damage":0,"enemies":"Cultist and Chosen","floor":31,"turns":4},{"damage":10,"enemies":"Automaton","floor":33,"turns":3}],"seed_played":"-3946847846551415645","potions_obtained":[{"floor":1.0,"key":"AttackPotion"},{"floor":6.0,"key":"SpeedPotion"},{"floor":8.0,"key":"Fire Potion"},{"floor":10.0,"key":"BlessingOfTheForge"},{"floor":15,"key":"Fire Potion"},{"floor":15,"key":"Milkshake"},{"floor":16,"key":"LifebloodPotion"},{"floor":18,"key":"BlessingOfTheForge"},{"floor":20,"key":"LiquidMemories"},{"floor":28,"key":"Fire Potion"},{"floor":30,"key":"AttackPotion"},{"floor":31,"key":"GamblersBrew"}],"is_trial":false,"path_per_floor":["M","?","M","?","?","E","R","M","T","M","?","E","R","E","R","B",null,"M","?","M","M","M","E","M","R","T","R","?","?","M","M","R","B"],"character_chosen":"THE_SERVANT","items_purchased":[],"campfire_rested":2,"item_purchase_floors":[],"current_hp_per_floor":[60,60,56,56,56,38,38,38,38,38,38,27,27,20,20,20,65,65,32,22,14,9,6,6,15,15,15,1,1,1,1,10,0,0],"gold":473,"neow_bonus":"THREE_RARE_CARDS","is_daily":false,"chose_seed":false,"campfire_upgraded":3,"win_rate":0.0,"timestamp":1613284749,"path_taken":["M","?","?","?","?","E","R","M","T","?","?","E","R","E","R","BOSS","M","?","M","M","M","E","M","R","T","R","?","?","?","?","R","BOSS"],"items_purchased_type":[],"build_version":"2020-12-22","purchased_purges":0,"victory":false,"max_hp_per_floor":[65,65,65,65,65,65,65,65,65,65,65,65,65,65,65,65,65,65,32,32,32,32,32,32,32,32,32,32,32,32,32,32,32,32],"card_choices":[{"not_picked":["Duplication","ForgedInTime"],"picked":"FlawlessForm","floor":0.0},{"not_picked":["Desolation","Rewind"],"picked":"Replace","floor":1.0},{"not_picked":["Alleviate","Revamp"],"picked":"Moonlight","floor":3.0},{"not_picked":["FastForward","Hightail"],"picked":"Spin","floor":6.0},{"not_picked":["Alleviate","Foresight"],"picked":"SilverBlades","floor":8.0},{"not_picked":["Rewind","Replace"],"picked":"Moondial","floor":10.0},{"not_picked":["WasteNot","DoubleEdge"],"picked":"Spin","floor":12},{"not_picked":["Read","Replace"],"picked":"Pummel","floor":14},{"not_picked":["Solidify","Demon Form"],"picked":"SoulSculpture","floor":16},{"not_picked":["Rearm","Shuttle"],"picked":"Starlight","floor":18},{"not_picked":["ShiftingGears","Replace"],"picked":"TimeWarp","floor":20},{"not_picked":["Replace","Snipe"],"picked":"Rewind","floor":21},{"not_picked":["MoonPhase","Revamp"],"picked":"TimeWarp","floor":22},{"not_picked":["Snipe","Read"],"picked":"Rewind+1","floor":23},{"not_picked":["Replace+1","MoonPhase"],"picked":"Moonlight","floor":24},{"not_picked":["Luminosity","Foresight"],"picked":"Hightail+1","floor":28},{"not_picked":["Luminosity","FastForward"],"picked":"BottledTime","floor":30},{"not_picked":["StarChef","Advance"],"picked":"Sunlight","floor":31}],"player_experience":685254,"relics_obtained":[{"floor":6.0,"key":"Simple Rune"},{"floor":9.0,"key":"Shuriken"},{"floor":11.0,"key":"Ring of Searing"},{"floor":11.0,"key":"Ring of Hypnosis"},{"floor":12,"key":"reliquary:TuningFork"},{"floor":14,"key":"ReplayFunnel"},{"floor":23,"key":"Grinning Jar"},{"floor":26,"key":"Anchor"},{"floor":28,"key":"Replay:Kaleidoscope"},{"floor":28,"key":"Kunai"}],"event_choices":[{"damage_healed":0.0,"max_hp_gain":0.0,"max_hp_loss":0.0,"gold_gain":0.0,"cards_transformed":["Defend_S"],"event_name":"Transmorgrifier","player_choice":"Transformed","floor":2.0,"gold_loss":0.0,"damage_taken":0.0,"cards_obtained":["ReturningBlade"]},{"damage_healed":0.0,"max_hp_gain":0.0,"max_hp_loss":0.0,"gold_gain":0.0,"event_name":"Liars Game","player_choice":"Ignored","floor":5.0,"gold_loss":0.0,"damage_taken":0.0},{"damage_healed":0,"gold_gain":0,"player_choice":"Became a Ghost","damage_taken":0,"max_hp_gain":0,"max_hp_loss":33,"event_name":"Ghosts","floor":19,"gold_loss":0,"cards_obtained":["Ghostly","Ghostly","Ghostly","Ghostly","Ghostly"]},{"damage_healed":0,"gold_gain":0,"player_choice":"Fight","damage_taken":0,"max_hp_gain":0,"max_hp_loss":0,"event_name":"Colosseum","floor":28,"gold_loss":0},{"damage_healed":0,"gold_gain":0,"player_choice":"Fought Nobs","damage_taken":0,"max_hp_gain":0,"max_hp_loss":0,"event_name":"Colosseum","floor":28,"gold_loss":0}],"is_beta":false,"boss_relics":[{"not_picked":["ReplayTheSpireMod:DimensionalGlitch","Tiny House"],"picked":"Cursed Key"}],"items_purged_floors":[],"is_endless":false,"potions_floor_spawned":[1,6,8,10,16,18,20,28,30,31],"killed_by":"Automaton","ascension_level":1}}