{"host":"opdum64sdiqzxm7l","time":1613321940,"event":{"mods":["ATMod(阿瑾Mod)","Act Like it!","Aspiration","BaseMod","Conspire","HololiveMod","Jedi Mod","Lobotomy","LobotomyExtend","Minty Spire (QoL Compilation)","MostiFishMod","Pale of the Ancients","Reliquary","Replay The Spire","StSLib","Waifu the Spire","[功能]功能增强和修复MOD","【遗物卡牌】REMEMod"],"gold_per_floor":[81,81,81,81,20,60,1,1,49,67,109,145,95,95,95,228,228,228,228],"floor_reached":18,"language":"ZHS","playtime":1148,"items_purged":["Regret"],"score":264,"play_id":"dde50dc1-ad8c-420e-aa1e-81cd0255ee70","local_time":"20210215005900","is_ascension_mode":false,"campfire_choices":[{"data":"Hololive_CallTsunomakiWatame","floor":8,"key":"SMITH"},{"data":"Hololive_DurableLive","floor":15,"key":"SMITH"}],"circlet_count":0,"master_deck":["Hololive_Strike","Hololive_Defend","Hololive_Defend","Hololive_HuntDinosaur+1","Hololive_CallTsunomakiWatame+1","Hololive_CallSakuraMiko+1","Hololive_CallAyundaRisu","Hololive_CallAmaneKanata","Hololive_CallYuzukiChoco","AT_FamilyPortrait","Hololive_CallOkamiMio","SnowQueen","Hololive_CallAkiRosenthal","Hololive_BringToTrial","Scorched","Hololive_CallMurasakiShion","CherryBlossoms","Hololive_DDD","RedShoes","Hololive_DurableLive+1","VoidDream","Hololive_Rebirth","FieryBird","Hololive_BeCareful","Parasite"],"relics":["Hololive_TheStar","AT_ATBox","REME_ComplimentaryCards","DaveBox","CogitoBucket","BirthdayGift-Tetrahedron","SynthV:TestCard","LetterFromLob","AT_ChloranthyRing","Golden Idol","Chameleon Ring","SynthV","Tiny Chest","Replay:Rubber Ducky","Odd Mushroom","aspiration:RitualDagger","ShedSkin_r"],"acts_visited":["Exordium","TheCity"],"potions_floor_usage":[],"damage_taken":[{"damage":9,"enemies":"Small Slimes","floor":1,"turns":2},{"damage":0,"enemies":"Lagavulin","floor":6,"turns":3},{"damage":4,"enemies":"conspire:RoseBush","floor":10,"turns":1},{"damage":0,"enemies":"3 Sentries","floor":11,"turns":3},{"damage":0,"enemies":"The Mushroom Lair","floor":12,"turns":1},{"damage":1,"enemies":"Hexaghost","floor":16,"turns":4}],"seed_played":"6231014088324467276","potions_obtained":[{"floor":1,"key":"SpeedPotion"},{"floor":1,"key":"SpeedPotion"},{"floor":6,"key":"Energy Potion"},{"floor":10,"key":"Weak Potion"},{"floor":11,"key":"Explosive Potion"}],"is_trial":false,"path_per_floor":["M","?","?","?","$","E","$","R","T","M","E","?","?","T","R","B",null,"M"],"character_chosen":"Hololive_HololiveCharacter","items_purchased":["Hololive_BringToTrial","SynthV"],"campfire_rested":0,"item_purchase_floors":[5,7],"current_hp_per_floor":[26,26,26,26,26,26,26,26,26,22,22,22,22,22,22,21,33,0,0],"gold":228,"neow_bonus":"","is_daily":false,"chose_seed":false,"campfire_upgraded":2,"win_rate":0.0,"timestamp":1613321940,"path_taken":["M","?","?","?","$","E","?","R","T","?","E","?","?","?","R","BOSS","M"],"items_purchased_type":["Card","Relic"],"build_version":"2020-12-22","purchased_purges":1,"victory":false,"max_hp_per_floor":[35,35,33,33,33,33,33,33,33,33,33,33,33,33,33,33,33,33,33],"card_choices":[{"not_picked":["Murderer","UniverseFragment"],"picked":"SnowQueen","floor":1},{"not_picked":["Hololive_StrengthChampion","Hololive_CallShiranuiFlare","Hololive_RevenueBasedLive"],"picked":"Hololive_CallAkiRosenthal","floor":1},{"not_picked":["Woodsman","LittleHelper"],"picked":"Scorched","floor":6},{"not_picked":["Hololive_Yoholoon","Hololive_Sequa","Hololive_OvertimeWork","Hololive_CallHoshimachiSuisei","Hololive_CallAZKi"],"picked":"Hololive_CallMurasakiShion","floor":6},{"not_picked":["PunishingBird","GreedKing"],"picked":"CherryBlossoms","floor":10},{"not_picked":["Hololive_CallAiraniIofifteen","Hololive_LuckPotion","Hololive_CocoNews","Hololive_Trident","Hololive_StrengthChampion"],"picked":"Hololive_DDD","floor":10},{"not_picked":["Woodsman","Yin"],"picked":"RedShoes","floor":11},{"not_picked":["Hololive_Teleport","Hololive_FlyingPonyTail","Hololive_RevenueBasedLive","Hololive_Sequa","Hololive_CallNatsuiroMatsuri"],"picked":"Hololive_DurableLive","floor":11},{"not_picked":["Murderer","GalaxyChild"],"picked":"VoidDream","floor":12},{"not_picked":["Hololive_Drill","Hololive_CallShiroganeNoel","Hololive_CallArtia","Hololive_StrengthChampion","Hololive_CallYuzukiChoco"],"picked":"Hololive_Rebirth","floor":12},{"not_picked":["PunishingBird","Funeral"],"picked":"FieryBird","floor":16},{"not_picked":["Hololive_WolfAndLamb","Hololive_HighAtkLowDef","Hololive_OpenUp","Hololive_IdolExercise","Hololive_FlareMind"],"picked":"Hololive_BeCareful","floor":16}],"player_experience":15,"relics_obtained":[{"floor":1,"key":"SynthV:TestCard"},{"floor":1,"key":"LetterFromLob"},{"floor":6,"key":"Chameleon Ring"},{"floor":9,"key":"Tiny Chest"},{"floor":11,"key":"Replay:Rubber Ducky"},{"floor":12,"key":"Odd Mushroom"}],"event_choices":[{"damage_healed":0,"gold_gain":0,"player_choice":"Box","damage_taken":0,"relics_obtained":["AT_ChloranthyRing"],"max_hp_gain":0,"max_hp_loss":0,"event_name":"Big Fish","floor":2,"gold_loss":0,"cards_obtained":["Regret"]},{"damage_healed":0,"gold_gain":0,"player_choice":"Lose Max HP","damage_taken":0,"relics_obtained":["Golden Idol"],"max_hp_gain":0,"max_hp_loss":2,"event_name":"Golden Idol","floor":3,"gold_loss":0},{"damage_healed":0,"gold_gain":0,"player_choice":"Fought Mushrooms","damage_taken":0,"max_hp_gain":0,"max_hp_loss":0,"event_name":"Mushrooms","floor":12,"gold_loss":0},{"cards_removed":["Hololive_Strike"],"damage_healed":0,"gold_gain":0,"player_choice":"Card Removal","damage_taken":0,"max_hp_gain":0,"max_hp_loss":0,"event_name":"The Cleric","floor":13,"gold_loss":50}],"is_beta":false,"boss_relics":[{"not_picked":["Coffee Dripper","OneHitWonderSystem"],"picked":"aspiration:RitualDagger"}],"items_purged_floors":[5],"is_endless":false,"potions_floor_spawned":[1,1,6,10,11,16],"ascension_level":0}}