{"host":"c83fcgyuu74iknko","time":1613271040,"event":{"mods":["BaseMod","Colored Map","Colored Powertips","Minty Spire (QoL Compilation)","Quick Restart","StSLib","The Animator","The Senshi"],"gold_per_floor":[115,132,132,232,250,275,275,301,326,326,8,23,39,65,65,166,166,178,189,189,189,202,202,202,202],"floor_reached":24,"language":"ENG","playtime":1297,"items_purged":["theSenshi:SailorKick"],"score":227,"play_id":"0b88449c-216e-4f3c-aec8-fea951873b55","local_time":"20210213185040","is_ascension_mode":true,"campfire_choices":[{"data":"theSenshi:CrisisMakeUp","floor":7,"key":"SMITH"},{"data":"theSenshi:MoonPrismPowerMakeUp","floor":10,"key":"SMITH"},{"data":"theSenshi:StudyParty","floor":15,"key":"SMITH"},{"data":"theSenshi:InTheNameOfTheMoon","floor":23,"key":"SMITH"}],"circlet_count":0,"master_deck":["theSenshi:SailorKick","theSenshi:SailorKick","theSenshi:SailorKick","theSenshi:SailorBlock","theSenshi:SailorBlock","theSenshi:SailorBlock","theSenshi:SailorBlock","theSenshi:MoonPrismPowerMakeUp+1","theSenshi:CrisisMakeUp+1","theSenshi:LateForSchool","theSenshi:MoonSpiralHeartAttack","theSenshi:MoonKick","theSenshi:MoonPrincessHalation","Deep Breath","theSenshi:MoonsReflection","theSenshi:MoonTiaraMagic","theSenshi:StudyParty+1","theSenshi:InTheNameOfTheMoon+1","Writhe","theSenshi:MoonSpiralHeartAttack"],"relics":["theSenshi:TransformationBroochRelic","Strawberry","theSenshi:CosmicHeartCompactRelic","theSenshi:CutieMoonRodRelic","Regal Pillow","Lee\u0027s Waffle","Happy Flower","Sozu","Art of War"],"acts_visited":["Exordium","TheCity"],"potions_floor_usage":[8,14,14,16],"damage_taken":[{"damage":2,"enemies":"Jaw Worm","floor":1,"turns":4},{"damage":5,"enemies":"2 Louse","floor":2,"turns":2},{"damage":0,"enemies":"Cultist","floor":5,"turns":5},{"damage":51,"enemies":"3 Sentries","floor":6,"turns":13},{"damage":12,"enemies":"Gremlin Nob","floor":8,"turns":4},{"damage":11,"enemies":"Large Slime","floor":12,"turns":4},{"damage":4,"enemies":"2 Fungi Beasts","floor":13,"turns":5},{"damage":21,"enemies":"3 Sentries","floor":14,"turns":5},{"damage":46,"enemies":"Hexaghost","floor":16,"turns":9},{"damage":9,"enemies":"3 Byrds","floor":18,"turns":5},{"damage":0,"enemies":"Spheric Guardian","floor":19,"turns":3},{"damage":42,"enemies":"Shelled Parasite and Fungi","floor":22,"turns":4},{"damage":41,"enemies":"Slavers","floor":24,"turns":4}],"seed_played":"4482597521459695910","potions_obtained":[{"floor":2,"key":"Weak Potion"},{"floor":6,"key":"SteroidPotion"},{"floor":8,"key":"Regen Potion"},{"floor":13,"key":"DistilledChaos"},{"floor":14,"key":"SmokeBomb"}],"is_trial":false,"path_per_floor":["M","M","?","?","M","E","R","E","T","R","$","M","M","E","R","B",null,"M","M","$","?","M","R","E"],"character_chosen":"THE_SENSHI","items_purchased":["Lee\u0027s Waffle","Deep Breath"],"campfire_rested":0,"item_purchase_floors":[11,11],"current_hp_per_floor":[80,75,68,68,68,17,17,5,5,5,89,78,74,53,53,22,89,80,80,80,80,38,38,0,0],"gold":202,"neow_bonus":"RANDOM_COMMON_RELIC","is_daily":false,"chose_seed":false,"campfire_upgraded":4,"win_rate":0.0,"timestamp":1613271040,"path_taken":["M","M","?","?","?","E","R","E","T","R","$","M","M","E","R","BOSS","M","M","$","?","M","R","E"],"items_purchased_type":["Relic","Card"],"build_version":"2020-12-22","purchased_purges":1,"victory":false,"max_hp_per_floor":[82,82,82,82,82,82,82,82,82,82,89,89,89,89,89,89,89,89,89,89,89,89,89,89,89],"card_choices":[{"not_picked":["theSenshi:LateForSchool","theSenshi:SchoolBag"],"picked":"theSenshi:CrisisMakeUp","floor":1},{"not_picked":["theSenshi:SailorJupiterAssists","theSenshi:LunaWiseMentor"],"picked":"theSenshi:LateForSchool","floor":2},{"not_picked":["theSenshi:TallSilhouette","theSenshi:MoonKick"],"picked":"theSenshi:MoonSpiralHeartAttack","floor":5},{"not_picked":["theSenshi:TuxedoSmokingBomber","theSenshi:LunaSensingAllies"],"picked":"theSenshi:MoonKick","floor":6},{"not_picked":["theSenshi:SailorJupiterAssists","theSenshi:SailorNeptuneAssists"],"picked":"theSenshi:MoonPrincessHalation","floor":8},{"not_picked":["theSenshi:TuxedoMaskAssists","theSenshi:SailorStarFighterAssists"],"picked":"theSenshi:MoonsReflection","floor":12},{"not_picked":["theSenshi:DramaticEntrance","theSenshi:LateForSchool"],"picked":"theSenshi:MoonTiaraMagic","floor":13},{"not_picked":["theSenshi:MoonTiaraMagic","theSenshi:TuxedoSmokingBomber"],"picked":"theSenshi:StudyParty","floor":14},{"not_picked":["theSenshi:StudyParty","theSenshi:ChibiMoonsLove"],"picked":"theSenshi:InTheNameOfTheMoon","floor":16},{"not_picked":["theSenshi:SailorStarFighterAssists","theSenshi:LunasBite+1","theSenshi:SchoolBag"],"picked":"SKIP","floor":18},{"not_picked":["theSenshi:SailorV","theSenshi:LateForSchool","theSenshi:MercurysCunning"],"picked":"SKIP","floor":19},{"not_picked":["theSenshi:VenusGlamour","theSenshi:MoonPower"],"picked":"theSenshi:MoonSpiralHeartAttack","floor":22}],"player_experience":251604,"relics_obtained":[{"floor":6,"key":"theSenshi:CosmicHeartCompactRelic"},{"floor":8,"key":"theSenshi:CutieMoonRodRelic"},{"floor":9,"key":"Regal Pillow"},{"floor":14,"key":"Happy Flower"}],"event_choices":[{"cards_removed":["theSenshi:RoseThrow"],"damage_healed":0,"gold_gain":0,"player_choice":"Card Removal","damage_taken":7,"max_hp_gain":0,"max_hp_loss":0,"event_name":"Golden Wing","floor":3,"gold_loss":0},{"damage_healed":0,"gold_gain":100,"player_choice":"Pray","damage_taken":0,"max_hp_gain":0,"max_hp_loss":0,"event_name":"Golden Shrine","floor":4,"gold_loss":0},{"damage_healed":0,"gold_gain":0,"player_choice":"Opened","damage_taken":0,"relics_obtained":["Art of War"],"max_hp_gain":0,"max_hp_loss":0,"event_name":"The Mausoleum","floor":21,"gold_loss":0,"cards_obtained":["Writhe"]}],"is_beta":false,"boss_relics":[{"not_picked":["Empty Cage","Ectoplasm"],"picked":"Sozu"}],"items_purged_floors":[11],"is_endless":false,"potions_floor_spawned":[2,6,8,13,14,19],"killed_by":"Slavers","ascension_level":1}}