{"host":"lmshf3swj20gmdor","time":1613290082,"event":{"mods":["2.2 Compatiblity","BaseMod","Conspire","Downfall","Googly Eyes","Hubris","Minty Spire (QoL Compilation)","Replay The Spire","Spikes Relics","StSLib","Synergy Search","The Servant 0.9.4"],"gold_per_floor":[115,305,380,394,394,426,426,453,479,479,479],"floor_reached":10,"language":"ENG","playtime":176,"items_purged":[],"score":149,"play_id":"2e368ffd-0736-4895-a0da-43365a91a687","local_time":"20210214080802","is_ascension_mode":true,"campfire_choices":[{"data":"Zap","floor":7,"key":"SMITH"}],"circlet_count":0,"master_deck":["AscendersBane","Strike_B","Strike_B","Strike_B","Defend_B","Defend_B","Defend_B","Defend_B","Zap+1","Dualcast","hubris:Ukulele","Beam Cell+1","Cold Snap+1","Capacitor+1","Loop","Auto Shields"],"relics":["Cracked Core","NeowsBlessing","Whetstone","conspire:TopHat","Blue Doll"],"acts_visited":["Exordium"],"potions_floor_usage":[],"damage_taken":[{"damage":0,"enemies":"Small Slimes","floor":1,"turns":1},{"damage":0,"enemies":"Jaw Worm","floor":4,"turns":1},{"damage":0,"enemies":"Gremlin Nob","floor":6,"turns":1},{"damage":27,"enemies":"3 Sentries","floor":8,"turns":6},{"damage":14,"enemies":"Lagavulin","floor":10,"turns":4}],"seed_played":"-5395331069434575810","potions_obtained":[{"floor":1,"key":"sneckomod:MuddlingPotion"},{"floor":4,"key":"Swift Potion"}],"is_trial":false,"path_per_floor":["M","?","?","M","?","E","R","E","T","E"],"character_chosen":"DEFECT","items_purchased":[],"campfire_rested":0,"item_purchase_floors":[],"current_hp_per_floor":[68,50,39,39,39,39,39,12,12,0,0],"gold":479,"neow_bonus":"THREE_ENEMY_KILL","is_daily":false,"chose_seed":false,"campfire_upgraded":1,"win_rate":0.0,"timestamp":1613290082,"path_taken":["M","?","?","M","?","E","R","E","T","E"],"items_purchased_type":[],"build_version":"2020-12-22","purchased_purges":0,"victory":false,"max_hp_per_floor":[75,75,75,75,75,75,75,75,75,75,75],"card_choices":[{"not_picked":["Rebound","Genetic Algorithm"],"picked":"hubris:Ukulele","floor":1},{"not_picked":["Steam","Panic Button"],"picked":"Beam Cell","floor":2},{"not_picked":["Turbo","Auto Shields"],"picked":"Cold Snap","floor":4},{"not_picked":["Reboot","Rip and Tear"],"picked":"Loop","floor":6},{"not_picked":["ReplayTheSpireMod:Repulse","DiskWipe"],"picked":"Auto Shields","floor":8}],"player_experience":809767,"relics_obtained":[{"floor":6,"key":"Whetstone"},{"floor":8,"key":"conspire:TopHat"},{"floor":9,"key":"Blue Doll"}],"event_choices":[{"damage_healed":0,"gold_gain":75,"player_choice":"Gather Gold","damage_taken":11,"max_hp_gain":0,"max_hp_loss":0,"event_name":"World of Goop","floor":3,"gold_loss":0}],"is_beta":false,"boss_relics":[],"items_purged_floors":[],"is_endless":false,"potions_floor_spawned":[1,4],"killed_by":"Lagavulin","ascension_level":10}}