{"host":"lv7etzzgwahaenh9","time":1613262046,"event":{"mods":["AchievementEnabler","BaseMod","Colored Map","Colored Powertips","Highlight Path","Minty Spire (QoL Compilation)","Permanent Neow","Quick Restart","Random Character Button","StSLib"],"gold_per_floor":[119,132,307,320,337,54,79,79,102,118,153,153,181,191,191,294,294,304,372,62,142,192,220,220,252,252,282,300,367,367,378,378,483,483,503,553,623,673,233,264,314,327,380,430,430,447,447,146,146,146,146,146,22,56,56],"floor_reached":56,"language":"ENG","playtime":3837,"items_purged":["Doubt","Strike_G","Strike_G","Strike_G"],"score":1830,"play_id":"c6b42d92-096e-4f43-83a5-cef8652c1fe9","local_time":"20210213162046","is_ascension_mode":true,"campfire_choices":[{"floor":8.0,"key":"REST"},{"data":"Bouncing Flask","floor":15.0,"key":"SMITH"},{"floor":24.0,"key":"REST"},{"floor":30.0,"key":"REST"},{"floor":32.0,"key":"REST"},{"data":"Burst","floor":45.0,"key":"SMITH"},{"data":"Footwork","floor":47.0,"key":"SMITH"},{"floor":49.0,"key":"RECALL"},{"data":"Sadistic Nature","floor":52.0,"key":"SMITH"}],"circlet_count":0,"master_deck":["AscendersBane","Defend_G","Defend_G","Defend_G","Defend_G","Defend_G","Survivor","Neutralize","Bullet Time","Poisoned Stab","Crippling Poison","Caltrops","Blur","Footwork","Dash","Cloak And Dagger","Well Laid Plans","Cloak And Dagger","Venomology+1","Bouncing Flask+1","Tools of the Trade","Blade Dance","Choke","Backflip","Infinite Blades+1","Blade Dance+1","Corpse Explosion+1","Footwork+1","Dodge and Roll+1","Burst+1","Bouncing Flask+1","Backflip+1","Sadistic Nature+1","Dash","Acrobatics+1","Predator+1","Footwork","Apotheosis","Noxious Fumes","Phantasmal Killer"],"relics":["Ring of the Snake","Membership Card","Odd Mushroom","Akabeko","Centennial Puzzle","SsserpentHead","Shuriken","Busted Crown","Omamori","HandDrill","Red Mask","Happy Flower","FossilizedHelix","Paper Crane","Orichalcum","Cursed Key","TwistedFunnel","Matryoshka","Tough Bandages","Bottled Lightning","Toy Ornithopter","Pen Nib","War Paint"],"acts_visited":["Exordium","TheCity","TheBeyond","TheEnding"],"potions_floor_usage":[54,55,55,55],"damage_taken":[{"damage":0.0,"enemies":"Jaw Worm","floor":1.0,"turns":7.0},{"damage":0.0,"enemies":"2 Louse","floor":2.0,"turns":3.0},{"damage":2.0,"enemies":"Cultist","floor":4.0,"turns":4.0},{"damage":11.0,"enemies":"2 Fungi Beasts","floor":5.0,"turns":4.0},{"damage":29.0,"enemies":"The Mushroom Lair","floor":7.0,"turns":6.0},{"damage":0.0,"enemies":"Looter","floor":10.0,"turns":2.0},{"damage":18.0,"enemies":"Gremlin Nob","floor":11.0,"turns":5.0},{"damage":9.0,"enemies":"3 Sentries","floor":13.0,"turns":8.0},{"damage":2.0,"enemies":"Red Slaver","floor":14.0,"turns":2.0},{"damage":2.0,"enemies":"Hexaghost","floor":16.0,"turns":9.0},{"damage":5.0,"enemies":"Shell Parasite","floor":18.0,"turns":4.0},{"damage":4.0,"enemies":"2 Thieves","floor":19.0,"turns":4.0},{"damage":4.0,"enemies":"Masked Bandits","floor":21.0,"turns":3.0},{"damage":11.0,"enemies":"Book of Stabbing","floor":23.0,"turns":5.0},{"damage":22.0,"enemies":"Gremlin Leader","floor":25.0,"turns":4.0},{"damage":7.0,"enemies":"Book of Stabbing","floor":27.0,"turns":5.0},{"damage":11.0,"enemies":"Chosen and Byrds","floor":28.0,"turns":5.0},{"damage":0.0,"enemies":"Centurion and Healer","floor":29.0,"turns":3.0},{"damage":0.0,"enemies":"Shelled Parasite and Fungi","floor":31.0,"turns":3.0},{"damage":2.0,"enemies":"Collector","floor":33.0,"turns":9.0},{"damage":0.0,"enemies":"3 Shapes","floor":35.0,"turns":3.0},{"damage":0.0,"enemies":"3 Darklings","floor":37.0,"turns":3.0},{"damage":0.0,"enemies":"Reptomancer","floor":40.0,"turns":6.0},{"damage":0.0,"enemies":"Maw","floor":42.0,"turns":5.0},{"damage":0.0,"enemies":"Jaw Worm Horde","floor":46.0,"turns":2.0},{"damage":8.0,"enemies":"Time Eater","floor":50.0,"turns":10.0},{"damage":0,"enemies":"Shield and Spear","floor":54,"turns":5},{"damage":74,"enemies":"The Heart","floor":55,"turns":9}],"seed_played":"-5627612245702841309","potions_obtained":[{"floor":1.0,"key":"PowerPotion"},{"floor":2.0,"key":"Weak Potion"},{"floor":7.0,"key":"Explosive Potion"},{"floor":10.0,"key":"Regen Potion"},{"floor":16.0,"key":"LiquidBronze"},{"floor":21.0,"key":"Block Potion"},{"floor":23.0,"key":"Energy Potion"},{"floor":28.0,"key":"Swift Potion"},{"floor":29.0,"key":"DistilledChaos"},{"floor":40.0,"key":"Weak Potion"},{"floor":42.0,"key":"BlessingOfTheForge"}],"is_trial":false,"path_per_floor":["M","M","?","M","M","$","?","R","T","M","E","?","E","M","R","B",null,"M","M","$","?","?","E","R","E","T","E","M","M","R","M","R","B",null,"M","?","M","?","$","E","?","M","T","?","R","M","R","$","R","B",null,"R","$","E","B",null],"character_chosen":"THE_SILENT","items_purchased":["Membership Card","Footwork","Dash","Cloak And Dagger","Omamori","Choke","Backflip","HandDrill","Fruit Juice","TwistedFunnel","Matryoshka","Sadistic Nature","Fruit Juice","Dash","Toy Ornithopter","Pen Nib","GamblersBrew","Footwork","Apotheosis","Noxious Fumes"],"campfire_rested":4,"item_purchase_floors":[6,6,6,6,20,20,20,20,20,39,39,39,39,39,48,48,48,48,53,53],"current_hp_per_floor":[63,63,63,61,50,50,21,39,39,39,21,21,27,25,25,23,53,48,44,44,45,45,34,54,32,32,25,14,14,34,34,54,52,64,64,64,64,64,69,69,69,69,69,69,69,69,69,69,69,61,67,67,67,69,20],"gold":56,"neow_bonus":"THREE_RARE_CARDS","is_daily":false,"chose_seed":false,"campfire_upgraded":4,"win_rate":0.0,"timestamp":1613262046,"path_taken":["M","M","?","M","M","$","?","R","T","M","E","?","E","M","R","BOSS","M","?","$","?","?","E","R","E","T","E","M","?","R","M","R","BOSS","M","?","?","?","$","E","?","M","T","?","R","M","R","$","R","BOSS","R","$","E","BOSS"],"items_purchased_type":["Relic","Card","Card","Card","Relic","Card","Card","Relic","Potion","Relic","Relic","Card","Potion","Card","Relic","Relic","Potion","Card","Card","Card"],"build_version":"2020-12-22","purchased_purges":4,"victory":true,"max_hp_per_floor":[63,63,63,63,63,63,63,63,63,63,63,63,63,63,63,63,63,63,63,63,68,68,68,68,68,68,68,68,68,68,68,68,68,68,68,68,68,68,73,73,69,69,69,69,69,69,69,69,69,69,69,69,69,69,69],"card_choices":[{"not_picked":["Wraith Form v2","Unload"],"picked":"Bullet Time","floor":0.0},{"not_picked":["Finisher","Dagger Spray"],"picked":"Poisoned Stab","floor":1.0},{"not_picked":["Deflect","Dagger Throw"],"picked":"Crippling Poison","floor":2.0},{"not_picked":["Flying Knee","Sucker Punch"],"picked":"Caltrops","floor":4.0},{"not_picked":["Underhanded Strike","Sucker Punch"],"picked":"Blur","floor":5.0},{"not_picked":["Dagger Throw","Bane"],"picked":"Well Laid Plans","floor":7.0},{"not_picked":["Quick Slash","Expertise"],"picked":"Cloak And Dagger","floor":10.0},{"not_picked":["Flying Knee","Sucker Punch","Accuracy"],"picked":"SKIP","floor":11.0},{"not_picked":["Expertise","Endless Agony"],"picked":"Venomology","floor":13.0},{"not_picked":["Distraction","Deadly Poison"],"picked":"Bouncing Flask","floor":14.0},{"not_picked":["Bullet Time","Unload"],"picked":"Tools of the Trade","floor":16.0},{"not_picked":["Outmaneuver"],"picked":"SKIP","floor":18.0},{"not_picked":[],"picked":"Blade Dance","floor":19.0},{"not_picked":[],"picked":"Infinite Blades+1","floor":21.0},{"not_picked":[],"picked":"Blade Dance+1","floor":23.0},{"not_picked":[],"picked":"Corpse Explosion","floor":25.0},{"not_picked":["Flying Knee+1"],"picked":"SKIP","floor":27.0},{"not_picked":["Sucker Punch"],"picked":"SKIP","floor":28.0},{"not_picked":[],"picked":"Footwork","floor":29.0},{"not_picked":[],"picked":"Dodge and Roll+1","floor":31.0},{"not_picked":[],"picked":"Burst","floor":33.0},{"not_picked":["Deflect+1"],"picked":"SKIP","floor":35.0},{"not_picked":[],"picked":"Backflip+1","floor":37.0},{"not_picked":[],"picked":"Acrobatics+1","floor":40.0},{"not_picked":["Riddle With Holes"],"picked":"SKIP","floor":42.0},{"not_picked":[],"picked":"Predator+1","floor":46.0},{"not_picked":[],"picked":"Phantasmal Killer","floor":54}],"player_experience":372463,"relics_obtained":[{"floor":7.0,"key":"Odd Mushroom"},{"floor":9.0,"key":"Akabeko"},{"floor":11.0,"key":"Centennial Puzzle"},{"floor":13.0,"key":"Shuriken"},{"floor":21.0,"key":"Red Mask"},{"floor":23.0,"key":"Happy Flower"},{"floor":25.0,"key":"FossilizedHelix"},{"floor":26.0,"key":"Paper Crane"},{"floor":27.0,"key":"Orichalcum"},{"floor":40.0,"key":"Tough Bandages"},{"floor":43.0,"key":"Bottled Lightning"},{"floor":54,"key":"War Paint"}],"event_choices":[{"damage_healed":0.0,"max_hp_gain":0.0,"max_hp_loss":0.0,"gold_gain":175.0,"event_name":"Liars Game","player_choice":"AGREE","floor":3.0,"gold_loss":0.0,"damage_taken":0.0,"cards_obtained":["Doubt"]},{"damage_healed":0.0,"max_hp_gain":0.0,"max_hp_loss":0.0,"gold_gain":0.0,"event_name":"Mushrooms","player_choice":"Fought Mushrooms","floor":7.0,"gold_loss":0.0,"damage_taken":0.0},{"damage_healed":0.0,"max_hp_gain":0.0,"max_hp_loss":0.0,"gold_gain":0.0,"event_name":"FaceTrader","player_choice":"Trade","floor":12.0,"gold_loss":0.0,"damage_taken":0.0,"relics_obtained":["SsserpentHead"]},{"damage_healed":0.0,"max_hp_gain":0.0,"max_hp_loss":0.0,"gold_gain":0.0,"event_name":"Masked Bandits","player_choice":"Fought Bandits","floor":21.0,"gold_loss":0.0,"damage_taken":0.0},{"damage_healed":0.0,"max_hp_gain":0.0,"max_hp_loss":0.0,"gold_gain":0.0,"event_name":"The Woman in Blue","player_choice":"Bought 0 Potions","floor":22.0,"gold_loss":0.0,"damage_taken":0.0},{"damage_healed":0.0,"max_hp_gain":0.0,"max_hp_loss":0.0,"gold_gain":0.0,"event_name":"Duplicator","player_choice":"Copied","floor":36.0,"gold_loss":0.0,"damage_taken":0.0,"cards_obtained":["Bouncing Flask"]},{"cards_removed":["Strike_G"],"damage_healed":0.0,"max_hp_gain":0.0,"max_hp_loss":0.0,"gold_gain":0.0,"event_name":"Falling","player_choice":"Removed Attack","floor":38.0,"gold_loss":0.0,"damage_taken":0.0},{"damage_healed":0.0,"max_hp_gain":0.0,"max_hp_loss":4.0,"gold_gain":0.0,"event_name":"Winding Halls","player_choice":"Max HP","floor":41.0,"gold_loss":0.0,"damage_taken":0.0},{"cards_removed":["Strike_G"],"damage_healed":0.0,"max_hp_gain":0.0,"max_hp_loss":0.0,"gold_gain":0.0,"event_name":"Purifier","player_choice":"Purged","floor":44.0,"gold_loss":0.0,"damage_taken":0.0}],"is_beta":false,"boss_relics":[{"not_picked":["Black Star","Philosopher\u0027s Stone"],"picked":"Busted Crown"},{"not_picked":["Pandora\u0027s Box","Astrolabe"],"picked":"Cursed Key"}],"items_purged_floors":[6,20,39,48],"is_endless":false,"potions_floor_spawned":[1,2,7,10,16,21,23,28,29,31,40,42],"ascension_level":10}}