{"host":"farxtl2u8hmkbdo2","time":1613265677,"event":{"mods":["A Magickal Journey","BaseMod","Better Altar","Better Note","Better Sensory Stone","Better Skull","Better Third Choice","Challenge The Spire","Colored Map","Colored Powertips","Current Relic Mod","Downfall","Energized Spire","Fox Events","Gremlin Mod","Hermit","Hubris","Mimic Mod","Minty Spire (QoL Compilation)","Quick Restart","READ ME - Guardian Mod","Rare Cards Sparkle","StSLib","The Bladedancer","The Bug Knight","The Cursed","The Disciple","The Hierophant","The Marked","The Necromancer","The Runesmith","Transform Curses"],"gold_per_floor":[118,133,133,147,147,147,179,179,230,242,242,257,269,304,304,406,406,417,37,42,42,42],"floor_reached":21,"language":"SPA","playtime":1160,"items_purged":[],"score":359,"play_id":"edcc01ac-ee58-4a0d-a58a-f63d2a0abc89","local_time":"20210213222117","is_ascension_mode":true,"campfire_choices":[{"data":"Runesmith:Grindstone","floor":6.0,"key":"SMITH"},{"data":"Runesmith:Reinforce","floor":8.0,"key":"SMITH"},{"data":"Runesmith:FissionHammer","floor":15,"key":"SMITH"}],"circlet_count":0,"master_deck":["Runesmith:Strike_RS","Runesmith:Strike_RS","Runesmith:Strike_RS","Runesmith:Strike_RS","Runesmith:Defend_RS","Runesmith:Defend_RS","Runesmith:Defend_RS","Runesmith:Fortify+1","Runesmith:CraftVitae","Runesmith:Firestorm","Runesmith:Grindstone+1","Runesmith:Reinforce+1","Runesmith:GoWithTheFlow","Runesmith:Supernova","Runesmith:RunicBlueprint","hubris:DuctTapeCard","Runesmith:FissionHammer+1","Runesmith:UnlimitedPower","Runesmith:CraftProtectio+1","Runesmith:CraftProtectio","Runesmith:Firestorm","Runesmith:CraftProtectio"],"relics":["Runesmith:BrokenRuby","Smiling Mask","Nunchaku","hubris:Towel","hubris:DuctTape","energizedSpire:RedRose","Bottled Lightning"],"acts_visited":["Exordium","TheCity"],"potions_floor_usage":[10,14,20,21],"damage_taken":[{"damage":0.0,"enemies":"2 Louse","floor":1.0,"turns":2.0},{"damage":1.0,"enemies":"Jaw Worm","floor":2.0,"turns":4.0},{"damage":0.0,"enemies":"Small Slimes","floor":4.0,"turns":4.0},{"damage":1.0,"enemies":"Lagavulin","floor":7.0,"turns":7.0},{"damage":3,"enemies":"Exordium Wildlife","floor":10,"turns":4},{"damage":9,"enemies":"Lots of Slimes","floor":12,"turns":3},{"damage":2,"enemies":"Looter","floor":13,"turns":3},{"damage":0,"enemies":"3 Sentries","floor":14,"turns":6},{"damage":0,"enemies":"The Guardian","floor":16,"turns":9},{"damage":22,"enemies":"Shell Parasite","floor":18,"turns":4},{"damage":28,"enemies":"2 Thieves","floor":20,"turns":5},{"damage":22,"enemies":"Cultist and Chosen","floor":21,"turns":4}],"seed_played":"-7919504428357686667","potions_obtained":[{"floor":4.0,"key":"Weak Potion"},{"floor":7.0,"key":"Guardian:BlockOnCardUsePotion"},{"floor":13,"key":"EssenceOfSteel"},{"floor":16,"key":"Swift Potion"},{"floor":20,"key":"Swift Potion"}],"is_trial":false,"path_per_floor":["M","M","?","M","?","R","E","R","T","M","?","M","M","E","R","B",null,"M","$","M","M"],"character_chosen":"RUNESMITH_CLASS","items_purchased":["Runesmith:CraftProtectio","Bottled Lightning","Runesmith:Firestorm"],"campfire_rested":0,"item_purchase_floors":[19,19,19],"current_hp_per_floor":[63,62,62,62,62,62,61,61,61,58,58,49,47,47,47,47,64,42,42,14,0,0],"gold":42,"neow_bonus":"UPGRADE_CARD","is_daily":false,"chose_seed":false,"campfire_upgraded":3,"win_rate":0.0,"timestamp":1613265677,"path_taken":["M","M","?","M","?","R","E","R","T","M","?","?","M","E","R","BOSS","M","$","M","M"],"items_purchased_type":["Card","Relic","Card"],"build_version":"2020-12-22","purchased_purges":0,"victory":false,"max_hp_per_floor":[70,70,70,70,70,70,70,70,70,70,70,70,70,70,70,70,70,70,70,70,70,70],"card_choices":[{"not_picked":["Runesmith:Overpower","Runesmith:Grindstone"],"picked":"Runesmith:CraftVitae","floor":1.0},{"not_picked":["Runesmith:Repurpose","Runesmith:EarthShield"],"picked":"Runesmith:CraftIncendium","floor":2.0},{"not_picked":["Runesmith:MakeshiftArmor","Runesmith:RuneHurl"],"picked":"Runesmith:Grindstone","floor":4.0},{"not_picked":["Runesmith:Repurpose","Runesmith:StaticCage"],"picked":"Runesmith:Reinforce","floor":7.0},{"not_picked":["Runesmith:EnergizedChisel","Runesmith:CraftProtectio"],"picked":"Runesmith:GoWithTheFlow","floor":10},{"not_picked":["Runesmith:ShiftingStrike","Runesmith:Accelerate"],"picked":"Runesmith:Supernova","floor":12},{"not_picked":["Runesmith:CraftProtectio","Runesmith:BackupBattery"],"picked":"Runesmith:RunicBlueprint","floor":13},{"not_picked":["Runesmith:ShiftingStrike","Runesmith:OneForEveryone"],"picked":"Runesmith:FissionHammer","floor":14},{"not_picked":["Runesmith:ArcReactor","Runesmith:CreatorForm"],"picked":"Runesmith:UnlimitedPower","floor":16},{"not_picked":["Runesmith:CraftVitae","Runesmith:ChaoticBlast"],"picked":"Runesmith:CraftProtectio+1","floor":18},{"not_picked":["Runesmith:Retool+1","Runesmith:NegativeSpace"],"picked":"Runesmith:CraftProtectio","floor":20}],"player_experience":2207655,"relics_obtained":[{"floor":7.0,"key":"Smiling Mask"},{"floor":9.0,"key":"Nunchaku"},{"floor":14,"key":"hubris:DuctTape"}],"event_choices":[{"damage_healed":0.0,"max_hp_gain":0.0,"max_hp_loss":0.0,"gold_gain":0.0,"cards_transformed":["Runesmith:Defend_RS"],"event_name":"Living Wall","player_choice":"Change","floor":3.0,"gold_loss":0.0,"damage_taken":0.0,"cards_obtained":["Runesmith:Firestorm"]}],"is_beta":false,"boss_relics":[{"not_picked":["energizedSpire:NeverEndingSparkler","Fusion Hammer"],"picked":"energizedSpire:RedRose"}],"items_purged_floors":[],"is_endless":false,"potions_floor_spawned":[4,7,13,16,20],"killed_by":"Cultist and Chosen","ascension_level":7}}