{"host":"6g3xdvewo8r2cc5h","time":1613299945,"event":{"mods":["AchievementEnabler","BaseMod","Minty Spire (QoL Compilation)","SuperFastMode"],"gold_per_floor":[413,429,429,429,442,442,471,42,42,52,52,0,10,40,40,135,135,147,164,87,186,200,200,200],"floor_reached":23,"language":"ENG","playtime":1106,"items_purged":["Regret"],"score":306,"play_id":"b1a26be8-3197-41bb-b592-41271380e55d","local_time":"20210214115225","is_ascension_mode":true,"campfire_choices":[{"data":"Neutralize","floor":6.0,"key":"SMITH"},{"floor":11.0,"key":"REST"},{"data":"Adrenaline","floor":15.0,"key":"SMITH"}],"circlet_count":0,"master_deck":["AscendersBane","Strike_G","Strike_G","Strike_G","Strike_G","Strike_G","Defend_G","Defend_G","Defend_G","Defend_G","Defend_G","Survivor","Neutralize+1","CurseOfTheBell","Well Laid Plans","Dagger Throw","Quick Slash","Adrenaline+1","Accuracy","Reflex","Cloak And Dagger","A Thousand Cuts","Backflip","Finisher"],"relics":["Calling Bell","Boot","Sundial","Old Coin","Gremlin Horn","FaceOfCleric","Dream Catcher","Anchor","InkBottle","Pantograph","Sozu"],"acts_visited":["Exordium","TheCity"],"potions_floor_usage":[18],"damage_taken":[{"damage":4.0,"enemies":"Cultist","floor":1.0,"turns":4.0},{"damage":13.0,"enemies":"2 Louse","floor":2.0,"turns":3.0},{"damage":5.0,"enemies":"Small Slimes","floor":5.0,"turns":3.0},{"damage":31.0,"enemies":"Gremlin Nob","floor":7.0,"turns":5.0},{"damage":0.0,"enemies":"Looter","floor":10.0,"turns":4.0},{"damage":4.0,"enemies":"2 Fungi Beasts","floor":13.0,"turns":3.0},{"damage":16.0,"enemies":"The Guardian","floor":16.0,"turns":17.0},{"damage":15,"enemies":"Chosen","floor":18,"turns":5},{"damage":28,"enemies":"Spheric Guardian","floor":19,"turns":7},{"damage":25,"enemies":"3 Cultists","floor":22,"turns":4},{"damage":9,"enemies":"Slavers","floor":23,"turns":2}],"seed_played":"-3547539320729847219","potions_obtained":[{"floor":1.0,"key":"DuplicationPotion"},{"floor":5.0,"key":"ColorlessPotion"},{"floor":7.0,"key":"SkillPotion"},{"floor":16.0,"key":"SkillPotion"}],"is_trial":false,"path_per_floor":["M","M","?","?","M","R","E","$","T","M","R","$","M","?","R","B",null,"M","M","$","?","M","E"],"character_chosen":"THE_SILENT","items_purchased":["Adrenaline","Anchor","Accuracy","Cloak And Dagger","Finisher"],"campfire_rested":1,"item_purchase_floors":[8,8,8,12,20],"current_hp_per_floor":[59,46,46,46,42,42,12,12,12,13,34,34,31,31,31,41,67,53,26,26,26,2,0,0],"gold":200,"neow_bonus":"BOSS_RELIC","is_daily":false,"chose_seed":false,"campfire_upgraded":2,"win_rate":0.0,"timestamp":1613299945,"path_taken":["M","M","?","?","?","R","E","?","T","M","R","$","?","?","R","BOSS","M","M","$","?","M","E"],"items_purchased_type":["Card","Relic","Card","Card","Card"],"build_version":"2020-12-22","purchased_purges":1,"victory":false,"max_hp_per_floor":[70,70,70,70,71,71,72,72,72,73,73,73,74,74,74,75,75,76,77,77,77,78,78,78],"card_choices":[{"not_picked":["Endless Agony","Setup"],"picked":"Well Laid Plans","floor":1.0},{"not_picked":["Concentrate","Dagger Spray"],"picked":"Dagger Throw","floor":2.0},{"not_picked":["Dagger Spray","All Out Attack","Outmaneuver"],"picked":"SKIP","floor":5.0},{"not_picked":["Masterful Stab","Deadly Poison"],"picked":"Quick Slash","floor":7.0},{"not_picked":["Sucker Punch","Blur","Finisher"],"picked":"SKIP","floor":10.0},{"not_picked":["Distraction","Prepared"],"picked":"Reflex","floor":11.0},{"not_picked":["Underhanded Strike","Sucker Punch","Dodge and Roll"],"picked":"SKIP","floor":13.0},{"not_picked":["Phantasmal Killer","Unload"],"picked":"A Thousand Cuts","floor":16.0},{"not_picked":["Deflect","Acrobatics"],"picked":"Backflip","floor":18},{"not_picked":["Deflect","Deadly Poison+1","Masterful Stab"],"picked":"SKIP","floor":19},{"not_picked":["Backflip","PiercingWail","Riddle With Holes"],"picked":"SKIP","floor":22}],"player_experience":223697,"relics_obtained":[{"floor":0.0,"key":"Boot"},{"floor":0.0,"key":"Sundial"},{"floor":0.0,"key":"Old Coin"},{"floor":7.0,"key":"Dream Catcher"},{"floor":9.0,"key":"InkBottle"}],"event_choices":[{"damage_healed":0.0,"max_hp_gain":0.0,"max_hp_loss":0.0,"gold_gain":0.0,"event_name":"Big Fish","player_choice":"Box","floor":3.0,"gold_loss":0.0,"damage_taken":0.0,"relics_obtained":["Gremlin Horn"],"cards_obtained":["Regret"]},{"damage_healed":0.0,"max_hp_gain":0.0,"max_hp_loss":0.0,"gold_gain":0.0,"event_name":"FaceTrader","player_choice":"Trade","floor":4.0,"gold_loss":0.0,"damage_taken":0.0,"relics_obtained":["FaceOfCleric"]},{"damage_healed":0.0,"max_hp_gain":0.0,"max_hp_loss":0.0,"gold_gain":30.0,"event_name":"Dead Adventurer","player_choice":"Searched \u00272\u0027 times","floor":14.0,"gold_loss":0.0,"damage_taken":0.0,"relics_obtained":["Pantograph"]},{"damage_healed":0,"gold_gain":99,"player_choice":"Stole From Cult","damage_taken":0,"max_hp_gain":0,"max_hp_loss":0,"event_name":"Nest","floor":21,"gold_loss":0}],"is_beta":false,"boss_relics":[{"not_picked":["Philosopher\u0027s Stone","Runic Dome"],"picked":"Sozu"}],"items_purged_floors":[8],"is_endless":false,"potions_floor_spawned":[1,5,7,16],"killed_by":"Slavers","ascension_level":12}}