{"host":"fauqrvll5t0ss0vm","time":1613310924,"event":{"mods":["2.2 Compatiblity","Act Like it!","Aspiration","Bard","BaseMod","Beaked The Cultist","Better Altar","Better Match","Better Note","Better Sensory Stone","Better Skull","Better Third Choice","Better Vampires","Card Filter","Clockwork Mod","Colored Map","Conspire","Displayed Cursed Tome","Downfall","Emptier Cage","Energized Spire","Friendly Minions","GifTheSpireLib","Glutton Mod","Gremlin Mod","Gremlin Skip","Halation","Hermit","Highlight Path","Hubris","Jorbs\u0027s Wanderer Trilogy","Mad Scientist","Marked Mod","Minty Spire (QoL Compilation)","Permanent Neow","Random Character Button","Relic Filter","Reorder Act Four","Replay The Spire","Shop Mod","Somnambulant","Spikes Relics","StSLib","Stuff the Spire","SuperFastMode","The Construct","The Cursed","The Disciple","The Elementalist","The Judge","The Juggle","The Mystic","The Runesmith","The Sage","The Servant 0.9.4","The Valiant","Trackpad","Uncapped"],"gold_per_floor":[111,127,127,146,146,146,176,188,260,295,295,306,316,328,328,403,403,419,429,43,43,43,73,92,124,124,124,141,141,168,168,168,244,244,264,281,12,26,43,43,53,78,78,110,110,110,140,30,30,30,30,30],"floor_reached":51,"language":"ENG","playtime":8692,"items_purged":["Strike_G"],"score":1743,"play_id":"9ba6a8bf-457c-4ff4-8421-41059aad7bfb","local_time":"20210214145524","is_ascension_mode":true,"campfire_choices":[{"data":"Dagger Spray","floor":6,"key":"SMITH"},{"data":"Dash","floor":11,"key":"SMITH"},{"data":"Strike_G","floor":15,"key":"PURGE"},{"data":"Backflip","floor":27,"key":"SMITH"},{"data":"ReplayTheSpireMod:Brewmster","floor":32,"key":"SMITH"},{"floor":40,"key":"RECALL"},{"data":"Catalyst","floor":45,"key":"SMITH"},{"data":"Well Laid Plans","floor":49,"key":"SMITH"}],"circlet_count":0,"master_deck":["AscendersBane","Strike_G","Defend_G","Defend_G","Defend_G","Defend_G","Survivor","Neutralize","Flying Knee","Predator","Dagger Spray+1","Dash+1","Backflip","Deadly Poison","Endless Agony","Cloak And Dagger","Backflip+1","Replay:Bag of Tricks","Dash","Backflip+1","ReplayTheSpireMod:Brewmster+1","Well Laid Plans+1","Poisoned Stab+2","Poisoned Stab","Sneak Up","Prepared","Bane+1","Deflect","PiercingWail","Terror+1","Venomology","Calculated Gamble","Leg Sweep","Catalyst+1","Die Die Die","Hidden Blade+1","Blade Dance","StuffTheSpire:DoubleShiv","hubris:Counter+1"],"relics":["Ring of the Snake","CultistMask","Replay:Multitool","Eternal Feather","aspiration:FrozenJewel","Painkiller Herb","Replay:Towering Pillar of Hats","trackpad:Compendium","halation:WeightlessCrab","MiniBlackHole","The Courier","BicycleWheel","trackpad:CultistFigurine","SpikesRelics:DaevaFist","conspire:InfiniteJournal","ReplayTheSpireMod:Ring of Collecting","Turnip"],"acts_visited":["Exordium","TheCity","TheBeyond"],"potions_floor_usage":[10,10,18,18,22,23,23,23,24,28,28,33,33,33,35,35,36,38,38,38,39,41,41,41,42,42,44,44,44,44,47,47,47,47,50,50,50,50,50,50,50,50,51,51],"damage_taken":[{"damage":2,"enemies":"Jaw Worm","floor":1,"turns":6},{"damage":0,"enemies":"Cultist","floor":2,"turns":4},{"damage":0,"enemies":"Small Slimes","floor":4,"turns":3},{"damage":24,"enemies":"Gremlin Nob","floor":7,"turns":4},{"damage":0,"enemies":"3 Louse","floor":8,"turns":2},{"damage":23,"enemies":"Lagavulin","floor":10,"turns":8},{"damage":0,"enemies":"Red Slaver","floor":12,"turns":3},{"damage":3,"enemies":"Exordium Thugs","floor":13,"turns":4},{"damage":0,"enemies":"3 Louse","floor":14,"turns":3},{"damage":0,"enemies":"The Guardian","floor":16,"turns":14},{"damage":11,"enemies":"Spheric Guardian","floor":18,"turns":4},{"damage":6,"enemies":"Shell Parasite","floor":19,"turns":5},{"damage":0,"enemies":"Cultist and Chosen","floor":22,"turns":3},{"damage":24,"enemies":"Gremlin Leader","floor":23,"turns":7},{"damage":0,"enemies":"Centurion and Healer","floor":24,"turns":7},{"damage":0,"enemies":"Slavers","floor":25,"turns":7},{"damage":0,"enemies":"3 Cultists","floor":28,"turns":7},{"damage":12,"enemies":"Book of Stabbing","floor":30,"turns":6},{"damage":23,"enemies":"Champ","floor":33,"turns":13},{"damage":0,"enemies":"3 Shapes","floor":35,"turns":6},{"damage":0,"enemies":"Orb Walker","floor":36,"turns":3},{"damage":13,"enemies":"Transient","floor":38,"turns":6},{"damage":13,"enemies":"Spire Growth","floor":39,"turns":5},{"damage":0,"enemies":"4 Shapes","floor":41,"turns":6},{"damage":5,"enemies":"Giant Head","floor":42,"turns":7},{"damage":12,"enemies":"Reptomancer","floor":44,"turns":5},{"damage":0,"enemies":"Giant Head","floor":47,"turns":8},{"damage":32,"enemies":"conspire:OrnateMirror","floor":50,"turns":14},{"damage":40,"enemies":"Awakened One","floor":51,"turns":7}],"seed_played":"2050532734075608005","potions_obtained":[{"floor":7,"key":"Regen Potion"},{"floor":8,"key":"Venom Potion"},{"floor":12,"key":"SkillPotion"},{"floor":14,"key":"Slimebound:ThreeZeroPotion"},{"floor":19,"key":"EntropicBrew"},{"floor":23,"key":"Energy Potion"},{"floor":36,"key":"conspire:TimeTravelPotion"}],"is_trial":false,"path_per_floor":["M","M","?","M","?","R","E","M","T","E","R","M","M","M","R_BF","B",null,"?","?","T","?","?","E","?","E","T","T","?","T","E","?","T","B",null,"?","?","T","?","?","T","?","E","T","E","T","?","E","?","T","B","B"],"character_chosen":"THE_SILENT","items_purchased":["ReplayTheSpireMod:Brewmster","Well Laid Plans","Poisoned Stab","Leg Sweep","Catalyst","trackpad:CultistFigurine"],"campfire_rested":0,"item_purchase_floors":[20,20,20,37,37,37],"current_hp_per_floor":[57,57,62,62,62,62,38,38,38,30,39,39,36,36,48,48,61,50,44,44,44,44,20,20,20,20,35,35,65,53,53,65,42,59,59,59,59,58,45,65,65,60,60,60,65,65,65,65,65,33,0,0],"gold":30,"neow_bonus":"REMOVE_TWO","is_daily":false,"chose_seed":false,"campfire_upgraded":6,"win_rate":0.0,"timestamp":1613310924,"path_taken":["M","M","?","M","?","R","E","M","T","E","R","?","M","M","R_BF","BOSS","?","?","T","?","?","E","?","E","T","T","?","T","E","?","T","BOSS","?","?","T","?","?","T","?","E","T","E","T","?","E","?","T","BOSS","BOSS"],"items_purchased_type":["Card","Card","Card","Card","Card","Relic"],"build_version":"2020-12-22","purchased_purges":1,"victory":false,"max_hp_per_floor":[60,60,65,65,65,65,65,65,65,65,65,65,65,65,65,65,65,65,65,65,65,65,65,65,65,65,65,65,65,65,65,65,65,65,65,65,65,65,65,65,65,65,65,65,65,65,65,65,65,65,65,65],"card_choices":[{"not_picked":["hubris:SlightOfHand","Underhanded Strike"],"picked":"Flying Knee","floor":1},{"not_picked":["Poisoned Stab","StuffTheSpire:Incursion"],"picked":"Predator","floor":2},{"not_picked":["Underhanded Strike","Fluid Movement"],"picked":"Dagger Spray","floor":4},{"not_picked":["Hidden Blade","ReplayTheSpireMod:Scrap Shanks"],"picked":"Dash","floor":7},{"not_picked":["Dagger Spray","Quick Slash"],"picked":"Backflip","floor":8},{"not_picked":["Blade Dance","Hidden Blade"],"picked":"Deadly Poison","floor":10},{"not_picked":["Dagger Spray","Dagger Throw"],"picked":"Endless Agony","floor":12},{"not_picked":["StuffTheSpire:Injection","Storm of Steel"],"picked":"Cloak And Dagger","floor":13},{"not_picked":["Bane","InfectiousVector"],"picked":"Backflip","floor":14},{"not_picked":["Malaise","After Image"],"picked":"Replay:Bag of Tricks","floor":16},{"not_picked":["Underhanded Strike","Fluid Movement"],"picked":"Dash","floor":18},{"not_picked":["Choke","Hidden Blade"],"picked":"Backflip+1","floor":19},{"not_picked":["Prepared","Blade Dance"],"picked":"Sneak Up","floor":23},{"not_picked":["StuffTheSpire:MirrorStance","Slice"],"picked":"Prepared","floor":24},{"not_picked":["StuffTheSpire:FinalStruggle","Expertise"],"picked":"Bane+1","floor":25},{"not_picked":["StuffTheSpire:Python","StuffTheSpire:MirrorStance"],"picked":"Deflect","floor":28},{"not_picked":["Quick Slash","Underhanded Strike"],"picked":"PiercingWail","floor":30},{"not_picked":["Grand Finale","StuffTheSpire:FinalStruggle"],"picked":"Venomology","floor":33},{"not_picked":["StuffTheSpire:Python","InfectiousVector"],"picked":"Calculated Gamble","floor":35},{"not_picked":["Deadly Poison","Hidden Blade","Sucker Punch"],"picked":"SKIP","floor":36},{"not_picked":["Deflect","Dagger Spray"],"picked":"Die Die Die","floor":38},{"not_picked":["StuffTheSpire:Sprint","Cloak And Dagger"],"picked":"Hidden Blade+1","floor":39},{"not_picked":["Poisoned Stab","Dagger Spray+1"],"picked":"Blade Dance","floor":41},{"not_picked":["hubris:Counter","ReplayTheSpireMod:The Works","Expertise"],"picked":"SKIP","floor":42},{"not_picked":["Slice","Riddle With Holes"],"picked":"StuffTheSpire:DoubleShiv","floor":44},{"not_picked":["ReplayTheSpireMod:Tripwire","Concentrate+1"],"picked":"hubris:Counter+1","floor":47}],"player_experience":7486210,"relics_obtained":[{"floor":7,"key":"Replay:Multitool"},{"floor":9,"key":"Eternal Feather"},{"floor":10,"key":"aspiration:FrozenJewel"},{"floor":23,"key":"trackpad:Compendium"},{"floor":25,"key":"halation:WeightlessCrab"},{"floor":26,"key":"MiniBlackHole"},{"floor":30,"key":"The Courier"},{"floor":42,"key":"SpikesRelics:DaevaFist"},{"floor":44,"key":"conspire:InfiniteJournal"},{"floor":46,"key":"ReplayTheSpireMod:Ring of Collecting"},{"floor":47,"key":"Turnip"}],"event_choices":[{"damage_healed":0,"gold_gain":0,"player_choice":"Donut","damage_taken":0,"max_hp_gain":5,"max_hp_loss":0,"event_name":"Big Fish","floor":3,"gold_loss":0},{"damage_healed":0,"gold_gain":0,"player_choice":"Trade","damage_taken":0,"relics_obtained":["CultistMask"],"max_hp_gain":0,"max_hp_loss":0,"event_name":"FaceTrader","floor":5,"gold_loss":0},{"damage_healed":0,"gold_gain":0,"player_choice":"Gave Potion","damage_taken":0,"relics_obtained":["Replay:Towering Pillar of Hats"],"max_hp_gain":0,"max_hp_loss":0,"event_name":"WeMeetAgain","floor":21,"gold_loss":0},{"cards_removed":["Backflip"],"damage_healed":0,"gold_gain":0,"player_choice":"Take \u0026 Give","damage_taken":0,"max_hp_gain":0,"max_hp_loss":0,"event_name":"betterNote:BetterNote","floor":31,"gold_loss":0,"cards_obtained":["Terror"]},{"cards_removed":["Strike_G"],"damage_healed":0,"gold_gain":0,"player_choice":"Upgrade and Remove","damage_taken":0,"max_hp_gain":0,"max_hp_loss":0,"event_name":"Designer","floor":48,"gold_loss":110,"cards_upgraded":["Poisoned Stab"]}],"is_beta":false,"boss_relics":[{"not_picked":["Kintsugi","trackpad:StolenKidneys"],"picked":"Painkiller Herb"},{"not_picked":["Runic Dome","energizedSpire:OgreHead"],"picked":"BicycleWheel"}],"items_purged_floors":[20],"is_endless":false,"potions_floor_spawned":[7,8,12,14,19,22,23,24,36,38,41,47],"killed_by":"Awakened One","ascension_level":20}}