{"host":"qy1e0kd24tpj3i2m","time":1613327070,"event":{"mods":["Act Like it!","BaseMod","Better Skull","Better Vampires","Colored Map","Colored Powertips","Custom Start","Faster Ascension Climbing","Friendly Minions","GifTheSpireLib","Gremlin Skip","Highlight Path","Minty Spire (QoL Compilation)","Permanent Neow","Poor People Problems","Quick Restart","Red Circlet Mod","Relic Filter Mod","Relic Sorter","Reorder Act Four","SacredBarkPlus","Shop Mod","StSLib","SuperFastMode","Transform Curses","没有小屋子和绿帽子啦"],"gold_per_floor":[366,516,516,534,549,549,25,25,50,78,78,78,78],"floor_reached":12,"language":"ZHS","playtime":220,"items_purged":["Doubt"],"score":152,"play_id":"f9514105-1580-46f3-b45c-ee1bfce0df0f","local_time":"20210215032430","is_ascension_mode":true,"campfire_choices":[{"data":"True Grit","floor":6.0,"key":"SMITH"},{"data":"Seeing Red","floor":8.0,"key":"SMITH"},{"floor":11,"key":"REST"}],"circlet_count":0,"master_deck":["AscendersBane","Strike_R","Strike_R","Strike_R","Strike_R","Strike_R","Defend_R","Defend_R","Defend_R","Defend_R","Bash","Seeing Red+1","True Grit+1","Seeing Red"],"relics":["Burning Blood","Frozen Egg 2","Omamori","Ancient Tea Set","InkBottle"],"acts_visited":["Exordium"],"potions_floor_usage":[10],"damage_taken":[{"damage":11.0,"enemies":"Jaw Worm","floor":1.0,"turns":7.0},{"damage":6.0,"enemies":"Small Slimes","floor":4.0,"turns":5.0},{"damage":11.0,"enemies":"Cultist","floor":5.0,"turns":5.0},{"damage":36,"enemies":"Gremlin Nob","floor":10,"turns":4},{"damage":0,"enemies":"Lagavulin","floor":12,"turns":3}],"seed_played":"7143034856951634026","potions_obtained":[{"floor":1.0,"key":"Energy Potion"},{"floor":3.0,"key":"SmokeBomb"},{"floor":5.0,"key":"LiquidMemories"}],"is_trial":false,"path_per_floor":["M","?","?","M","M","R","$","R","T","E","R","E"],"character_chosen":"IRONCLAD","items_purchased":["Frozen Egg 2","Omamori"],"campfire_rested":1,"item_purchase_floors":[7,7],"current_hp_per_floor":[45,45,45,45,40,40,40,40,40,10,32,32,32],"gold":78,"neow_bonus":"TWO_FIFTY_GOLD","is_daily":false,"chose_seed":false,"campfire_upgraded":2,"win_rate":0.0,"timestamp":1613327070,"path_taken":["M","?","?","?","M","R","?","R","T","E","R","E"],"items_purchased_type":["Relic","Relic"],"build_version":"2020-12-22","purchased_purges":1,"victory":false,"max_hp_per_floor":[75,75,75,75,75,75,75,75,75,75,75,75,75],"card_choices":[{"not_picked":["Intimidate","Perfected Strike"],"picked":"Seeing Red","floor":1.0},{"not_picked":["Twin Strike","Thunderclap"],"picked":"True Grit","floor":4.0},{"not_picked":["Dropkick","Wild Strike"],"picked":"Seeing Red","floor":5.0},{"not_picked":["Heavy Blade","Brutality+1","Twin Strike"],"picked":"SKIP","floor":10}],"player_experience":1033837,"relics_obtained":[{"floor":9.0,"key":"Ancient Tea Set"},{"floor":10,"key":"InkBottle"}],"event_choices":[{"damage_healed":0.0,"max_hp_gain":0.0,"max_hp_loss":0.0,"gold_gain":150.0,"event_name":"Liars Game","player_choice":"AGREE","floor":2.0,"gold_loss":0.0,"damage_taken":0.0,"cards_obtained":["Doubt"]},{"damage_healed":0.0,"max_hp_gain":0.0,"max_hp_loss":0.0,"gold_gain":0.0,"event_name":"Lab","player_choice":"Got Potions","floor":3.0,"gold_loss":0.0,"damage_taken":0.0}],"is_beta":false,"boss_relics":[],"items_purged_floors":[7],"is_endless":false,"potions_floor_spawned":[1,5],"killed_by":"Lagavulin","ascension_level":20}}