{"host":"344lv32hnei0mdhu","time":1613290853,"event":{"mods":["Act Like it!","BaseMod","Better Match","Better Sensory Stone","Better Skull","Better Third Choice","Better Vampires","Colored Powertips","Highlight Path","Minty Spire (QoL Compilation)","Quick Restart","Random Character Button","Rare Cards Sparkle","StSLib"],"gold_per_floor":[112,287,287,362,134,134,134],"floor_reached":6,"language":"ENG","playtime":1318,"items_purged":["Doubt"],"score":51,"play_id":"d7ed1ad7-a995-46a2-a101-7a221015e2ea","local_time":"20210214022053","is_ascension_mode":true,"campfire_choices":[],"circlet_count":0,"master_deck":["AscendersBane","Strike_P","Strike_P","Strike_P","Strike_P","Defend_P","Defend_P","Defend_P","Defend_P","Eruption","Vigilance","CurseOfTheBell","Swivel","BattleHymn"],"relics":["Calling Bell","Vajra","InkBottle","Ginger","Membership Card"],"acts_visited":["Exordium"],"potions_floor_usage":[],"damage_taken":[{"damage":11,"enemies":"2 Louse","floor":1,"turns":3},{"damage":28,"enemies":"Gremlin Nob","floor":6,"turns":5}],"seed_played":"3796138064102682353","potions_obtained":[],"is_trial":false,"path_per_floor":["M","?","?","?","$","E"],"character_chosen":"WATCHER","items_purchased":["Membership Card","BattleHymn"],"campfire_rested":0,"item_purchase_floors":[5,5],"current_hp_per_floor":[54,54,54,43,43,15,15],"gold":134,"neow_bonus":"BOSS_RELIC","is_daily":false,"chose_seed":false,"campfire_upgraded":0,"win_rate":0.0,"timestamp":1613290853,"path_taken":["M","?","?","?","$","E"],"items_purchased_type":["Relic","Card"],"build_version":"2020-12-22","purchased_purges":1,"victory":false,"max_hp_per_floor":[72,72,72,72,72,72,72],"card_choices":[{"not_picked":["Nirvana","Consecrate"],"picked":"Swivel","floor":1}],"player_experience":372099,"relics_obtained":[{"floor":0,"key":"Vajra"},{"floor":0,"key":"InkBottle"},{"floor":0,"key":"Ginger"}],"event_choices":[{"damage_healed":0,"gold_gain":175,"player_choice":"AGREE","damage_taken":112,"max_hp_gain":0,"max_hp_loss":0,"event_name":"betterThird:BetterSerpent","floor":2,"gold_loss":0},{"damage_healed":0,"gold_gain":0,"player_choice":"Leave","damage_taken":0,"max_hp_gain":0,"max_hp_loss":0,"event_name":"The Cleric","floor":3,"gold_loss":0},{"damage_healed":0,"gold_gain":75,"player_choice":"Gold","damage_taken":11,"max_hp_gain":0,"max_hp_loss":0,"event_name":"betterThird:BetterGoop","floor":4,"gold_loss":0}],"is_beta":false,"boss_relics":[],"items_purged_floors":[5],"is_endless":false,"potions_floor_spawned":[],"killed_by":"Gremlin Nob","ascension_level":12}}