{"host":"pqs17sqrgflf4eqa","time":1613325415,"event":{"mods":["AchievementEnabler","BaseMod","Bestiary","Better Altar","Better Match","Better Skull","Block Reminder","Bossed Relics","Colored Map","Colored Powertips","Curses Come First","Dark Map","DeckTracker","Defective Defect","Displayed Cursed Tome","Emptier Cage","Googly Eyes","Highlight Path","Minty Spire (QoL Compilation)","Quick Restart","Slay-I","StSLib","SuperFastMode","Synergy Search","Thieving Mod","Transform Curses","everything is the same but u backflip on backflip","slay the spire mod where everything is the same but ironclad has a cowboy hat"],"gold_per_floor":[112,112,132,195,51,51,78,253,253,264,264,287,7,21,21,146,146,130,130,7,28,43,43,43],"floor_reached":23,"language":"ENG","playtime":458,"items_purged":["Doubt"],"score":248,"play_id":"8b47033f-10c3-4302-b614-972623c1e91d","local_time":"20210214125655","is_ascension_mode":true,"campfire_choices":[{"data":"Predator","floor":6.0,"key":"SMITH"},{"data":"Deadly Poison","floor":15.0,"key":"SMITH"}],"circlet_count":0,"master_deck":["Strike_G","Strike_G","Strike_G","Strike_G","Strike_G","Defend_G","Defend_G","Defend_G","Defend_G","Defend_G","Survivor","Neutralize+1","Predator+1","Poisoned Stab","Deflect","Sucker Punch","Deadly Poison+1","After Image","Cloak And Dagger","Writhe","Masterful Stab"],"relics":["Ring of the Snake","Snake Skull","Art of War","The Courier","Golden Idol","Turnip","Pandora\u0027s Box","Pantograph"],"acts_visited":["Exordium","TheCity"],"potions_floor_usage":[18,23,23,23,23],"damage_taken":[{"damage":7.0,"enemies":"Jaw Worm","floor":1.0,"turns":4.0},{"damage":1.0,"enemies":"2 Louse","floor":3.0,"turns":2.0},{"damage":17.0,"enemies":"3 Sentries","floor":7.0,"turns":7.0},{"damage":3.0,"enemies":"Small Slimes","floor":10.0,"turns":3.0},{"damage":2.0,"enemies":"Looter","floor":12.0,"turns":2.0},{"damage":2.0,"enemies":"Blue Slaver","floor":14.0,"turns":3.0},{"damage":28.0,"enemies":"Slime Boss","floor":16.0,"turns":13.0},{"damage":3,"enemies":"2 Thieves","floor":18,"turns":4},{"damage":28,"enemies":"Spheric Guardian","floor":21,"turns":4},{"damage":11,"enemies":"Snake Plant","floor":22,"turns":4},{"damage":18,"enemies":"Slavers","floor":23,"turns":2}],"seed_played":"-4903572762879426515","potions_obtained":[{"floor":1.0,"key":"Fire Potion"},{"floor":10.0,"key":"Dexterity Potion"},{"floor":16.0,"key":"DuplicationPotion"},{"floor":22,"key":"EntropicBrew"}],"is_trial":false,"path_per_floor":["M","?","M","?","$","R","E","?","T","M","?","M","$","M","R","B",null,"M","?","$","M","M","E"],"character_chosen":"THE_SILENT","items_purchased":["Snake Skull","Turnip","Swift Potion","Masterful Stab"],"campfire_rested":0,"item_purchase_floors":[5,13,13,20],"current_hp_per_floor":[56,61,60,60,60,60,43,43,43,40,40,38,38,36,36,8,54,51,51,51,23,12,0,0],"gold":43,"neow_bonus":"UPGRADE_CARD","is_daily":false,"chose_seed":false,"campfire_upgraded":2,"win_rate":0.0,"timestamp":1613325415,"path_taken":["M","?","M","?","$","R","E","?","T","M","?","M","$","M","R","BOSS","M","?","$","M","M","E"],"items_purchased_type":["Relic","Relic","Potion","Card"],"build_version":"2020-12-22","purchased_purges":1,"victory":false,"max_hp_per_floor":[70,75,75,75,75,75,75,75,75,75,69,69,69,69,69,69,69,69,69,69,69,69,69,69],"card_choices":[{"not_picked":["PiercingWail","Dagger Spray"],"picked":"Predator","floor":1.0},{"not_picked":["Calculated Gamble","Escape Plan"],"picked":"Poisoned Stab","floor":3.0},{"not_picked":["Endless Agony","Acrobatics","Distraction"],"picked":"SKIP","floor":7.0},{"not_picked":["Acrobatics","Dagger Spray"],"picked":"Deflect","floor":10.0},{"not_picked":["Infinite Blades","Acrobatics"],"picked":"Sucker Punch","floor":12.0},{"not_picked":["Blade Dance","Sucker Punch"],"picked":"Deadly Poison","floor":14.0},{"not_picked":["Night Terror","Wraith Form v2"],"picked":"After Image","floor":16.0},{"not_picked":["Quick Slash+1","Deadly Poison"],"picked":"Cloak And Dagger","floor":18},{"not_picked":["Infinite Blades","Underhanded Strike","Dagger Spray+1"],"picked":"SKIP","floor":21},{"not_picked":["Reflex","Riddle With Holes","Bane+1"],"picked":"SKIP","floor":22}],"player_experience":206268,"relics_obtained":[{"floor":7.0,"key":"Art of War"},{"floor":9.0,"key":"The Courier"}],"event_choices":[{"damage_healed":0.0,"max_hp_gain":5.0,"max_hp_loss":0.0,"gold_gain":0.0,"event_name":"Big Fish","player_choice":"Donut","floor":2.0,"gold_loss":0.0,"damage_taken":0.0},{"damage_healed":0.0,"max_hp_gain":0.0,"max_hp_loss":0.0,"gold_gain":63.0,"event_name":"Golden Wing","player_choice":"Gained Gold","floor":4.0,"gold_loss":0.0,"damage_taken":0.0},{"damage_healed":0.0,"max_hp_gain":0.0,"max_hp_loss":0.0,"gold_gain":175.0,"event_name":"Liars Game","player_choice":"AGREE","floor":8.0,"gold_loss":0.0,"damage_taken":0.0,"cards_obtained":["Doubt"]},{"damage_healed":0.0,"max_hp_gain":0.0,"max_hp_loss":6.0,"gold_gain":0.0,"event_name":"Golden Idol","player_choice":"Lose Max HP","floor":11.0,"gold_loss":0.0,"damage_taken":0.0,"relics_obtained":["Golden Idol"]},{"damage_healed":0,"gold_gain":0,"player_choice":"Opened","damage_taken":0,"relics_obtained":["Pantograph"],"max_hp_gain":0,"max_hp_loss":0,"event_name":"The Mausoleum","floor":19,"gold_loss":0,"cards_obtained":["Writhe"]}],"is_beta":false,"boss_relics":[{"not_picked":["Busted Crown","HoveringKite"],"picked":"Pandora\u0027s Box"}],"items_purged_floors":[20],"is_endless":false,"potions_floor_spawned":[1,10,16,22],"killed_by":"Slavers","ascension_level":6}}