{"host":"sc0o2qwpf9j16a4i","time":1613311804,"event":{"mods":["AchievementEnabler","BaseMod","BetterRewards","Block Reminder","Colored Map","Colored Powertips","Custom Start","Highlight Path","Jorbs\u0027s Wanderer Trilogy","Minty Spire (QoL Compilation)","Relic Stats","StSLib"],"gold_per_floor":[132,82,82,47,47,140,191,266,266,317,410,458,494,581,581,875,875,932,980,1010,1010,1010,1103,1157,1238,1238,1280,1280,1280,539,575,575,881,881,926,676,676,721,721,820,820,862,930,930,605,605,647,812,812,812],"floor_reached":51,"language":"ENG","playtime":2002,"items_purged":[],"score":1010,"play_id":"7b473012-0e5a-450e-bfa9-bfb4f0714800","local_time":"20210214161004","daily_mods":["Heirloom","Hoarder","Midas"],"is_ascension_mode":false,"campfire_choices":[{"floor":15,"key":"REST"},{"floor":28,"key":"REST"},{"floor":32,"key":"REST"},{"floor":41,"key":"REST"},{"floor":44,"key":"REST"},{"floor":49,"key":"REST"}],"circlet_count":0,"master_deck":["Strike_R+1","Strike_R","Strike_R","Strike_R","Defend_R","Defend_R","Defend_R","Defend_R+1","Bash","Rampage","Rampage","Rampage","Inflame","Inflame","Inflame","Clothesline","Clothesline","Clothesline","Uppercut","Uppercut","Uppercut","Heavy Blade","Heavy Blade","Heavy Blade","Perfected Strike","Perfected Strike","Perfected Strike","Impervious","Impervious","Impervious","Reaper","Reaper","Reaper","Perfected Strike+1","Perfected Strike+1","Perfected Strike+1","Shockwave","Shockwave","Disarm","Disarm","Disarm","Pommel Strike+1","Pommel Strike+1","Pommel Strike+1","Shrug It Off","Shrug It Off","Shrug It Off","Seeing Red","Seeing Red","Seeing Red","Reaper","Reaper","Reaper","Heavy Blade+1","Heavy Blade+1","Heavy Blade+1","Apotheosis","Apotheosis+1","Perfected Strike","Perfected Strike","Perfected Strike","Whirlwind","Whirlwind","Whirlwind","True Grit+1","True Grit+1","True Grit+1","Thunderclap+1","Thunderclap+1","Thunderclap+1","Metallicize","Metallicize","Metallicize","Shockwave","Shockwave","Shockwave","Feel No Pain+1","Feel No Pain+1","Feel No Pain+1","Twin Strike+1","Twin Strike+1","Twin Strike+1"],"relics":["Burning Blood","Torii","Pocketwatch","InkBottle","Unceasing Top","Toy Ornithopter","Calipers","SlaversCollar","Mummified Hand","Regal Pillow","Boot","CaptainsWheel","ClockworkSouvenir","Thread and Needle","Mercury Hourglass","Mark of Pain","Membership Card","Bag of Marbles","Lantern","Kunai","Shuriken","Happy Flower","TungstenRod"],"acts_visited":["Exordium","TheCity","TheBeyond"],"potions_floor_usage":[14,16,25,33,40,50,50],"damage_taken":[{"damage":1,"enemies":"Small Slimes","floor":1,"turns":4},{"damage":13,"enemies":"3 Sentries","floor":6,"turns":7},{"damage":0,"enemies":"Jaw Worm","floor":7,"turns":3},{"damage":7,"enemies":"2 Louse","floor":10,"turns":3},{"damage":13,"enemies":"Lagavulin","floor":11,"turns":6},{"damage":2,"enemies":"Blue Slaver","floor":12,"turns":3},{"damage":14,"enemies":"Exordium Thugs","floor":13,"turns":4},{"damage":20,"enemies":"3 Sentries","floor":14,"turns":6},{"damage":17,"enemies":"Hexaghost","floor":16,"turns":9},{"damage":46,"enemies":"Spheric Guardian","floor":18,"turns":9},{"damage":11,"enemies":"2 Thieves","floor":19,"turns":4},{"damage":28,"enemies":"Shelled Parasite and Fungi","floor":20,"turns":7},{"damage":5,"enemies":"Book of Stabbing","floor":23,"turns":3},{"damage":9,"enemies":"Centurion and Healer","floor":24,"turns":6},{"damage":0,"enemies":"Gremlin Leader","floor":25,"turns":4},{"damage":4,"enemies":"Cultist and Chosen","floor":27,"turns":5},{"damage":0,"enemies":"Snecko","floor":31,"turns":4},{"damage":33,"enemies":"Champ","floor":33,"turns":7},{"damage":0,"enemies":"3 Shapes","floor":35,"turns":4},{"damage":2,"enemies":"Orb Walker","floor":38,"turns":3},{"damage":1,"enemies":"Reptomancer","floor":40,"turns":4},{"damage":4,"enemies":"4 Shapes","floor":42,"turns":3},{"damage":16,"enemies":"Spire Growth","floor":47,"turns":3},{"damage":0,"enemies":"2 Orb Walkers","floor":48,"turns":2},{"damage":12,"enemies":"Donu and Deca","floor":50,"turns":5}],"seed_played":"-1814248850603260827","potions_obtained":[{"floor":6,"key":"Strength Potion"},{"floor":12,"key":"Regen Potion"},{"floor":16,"key":"DuplicationPotion"},{"floor":20,"key":"BlessingOfTheForge"},{"floor":23,"key":"Explosive Potion"},{"floor":35,"key":"SteroidPotion"}],"is_trial":true,"path_per_floor":["M","?","?","$","?","E","M","?","T","M","E","M","M","E","R","B",null,"M","M","M","?","T","E","M","E","T","M","R","?","$","M","R","B",null,"M","$","?","M","?","E","R","M","T","R","$","?","M","?","R","B",null],"character_chosen":"IRONCLAD","items_purchased":["Inflame","ClockworkSouvenir","Thread and Needle","Mercury Hourglass","Shrug It Off","Membership Card","Apotheosis","Perfected Strike","Shuriken","Happy Flower","Metallicize","SteroidPotion","Strength Potion","Shockwave"],"campfire_rested":6,"item_purchase_floors":[4,30,30,30,30,36,36,36,45,45,45,45,45,45],"current_hp_per_floor":[80,80,73,73,57,50,56,45,45,44,37,41,33,39,63,57,80,46,41,19,45,45,46,69,80,80,80,80,65,65,71,85,64,85,85,85,85,85,85,85,85,85,85,85,85,85,85,85,85,85],"gold":812,"neow_bonus":"","is_daily":false,"chose_seed":false,"campfire_upgraded":0,"win_rate":0.0,"timestamp":1613311804,"path_taken":["M","?","?","$","?","E","M","?","T","M","E","M","?","E","R","BOSS","M","M","?","?","?","E","M","E","T","M","R","?","?","M","R","BOSS","M","$","?","?","?","E","R","?","T","R","?","?","M","?","R","BOSS"],"items_purchased_type":["Card","Relic","Relic","Relic","Card","Relic","Card","Card","Relic","Relic","Card","Potion","Potion","Card"],"build_version":"2020-12-22","purchased_purges":0,"victory":true,"max_hp_per_floor":[80,80,80,80,80,80,80,80,80,80,80,80,80,80,80,80,80,80,80,80,80,80,80,80,80,80,80,80,85,85,85,85,85,85,85,85,85,85,85,85,85,85,85,85,85,85,85,85,85,85],"relic_stats":{"Regal Pillow":0,"Torii":75,"Happy Flower":[3],"counters":[25,117],"Boot":[0],"Burning Blood":105,"Mercury Hourglass":[148],"Mummified Hand":[36],"Shuriken":[4],"Kunai":[4],"obtain_stats":[{"Regal Pillow":23,"Lantern":40,"Calipers":14,"Torii":0,"Happy Flower":45,"Thread and Needle":30,"Boot":25,"Burning Blood":0,"ClockworkSouvenir":30,"Mercury Hourglass":30,"SlaversCollar":17,"CaptainsWheel":26,"Mummified Hand":22,"Shuriken":45,"Mark of Pain":34,"Bag of Marbles":37,"Membership Card":36,"Kunai":43,"InkBottle":6,"Unceasing Top":9,"Toy Ornithopter":11,"TungstenRod":48,"Pocketwatch":3},{"Regal Pillow":13,"Lantern":21,"Calipers":8,"Torii":0,"Happy Flower":22,"Thread and Needle":16,"Boot":15,"Burning Blood":0,"ClockworkSouvenir":16,"Mercury Hourglass":16,"SlaversCollar":9,"CaptainsWheel":15,"Mummified Hand":12,"Shuriken":22,"Mark of Pain":18,"Bag of Marbles":19,"Membership Card":19,"Kunai":22,"InkBottle":2,"Unceasing Top":3,"Toy Ornithopter":5,"TungstenRod":24,"Pocketwatch":1},{"Regal Pillow":68,"Lantern":104,"Calipers":36,"Torii":0,"Happy Flower":107,"Thread and Needle":83,"Boot":78,"Burning Blood":0,"ClockworkSouvenir":83,"Mercury Hourglass":83,"SlaversCollar":45,"CaptainsWheel":78,"Mummified Hand":65,"Shuriken":107,"Mark of Pain":93,"Bag of Marbles":97,"Membership Card":97,"Kunai":107,"InkBottle":11,"Unceasing Top":14,"Toy Ornithopter":23,"TungstenRod":112,"Pocketwatch":4}],"InkBottle":[27],"Unceasing Top":[4],"Toy Ornithopter":15,"TungstenRod":2,"Pocketwatch":[216]},"card_choices":[{"not_picked":["Shrug It Off","Sword Boomerang"],"picked":"Rampage","floor":1},{"not_picked":["Twin Strike","Body Slam"],"picked":"Clothesline","floor":6},{"not_picked":["Flex","Blood for Blood"],"picked":"Uppercut","floor":7},{"not_picked":["Combust","Dual Wield","Fire Breathing"],"picked":"SKIP","floor":10},{"not_picked":["Sword Boomerang","Wild Strike","Immolate"],"picked":"SKIP","floor":11},{"not_picked":["Twin Strike","Havoc"],"picked":"Heavy Blade","floor":12},{"not_picked":["Heavy Blade","Sentinel"],"picked":"Perfected Strike","floor":13},{"not_picked":["Flex","Cleave"],"picked":"Impervious","floor":14},{"not_picked":["Double Tap","Berserk"],"picked":"Reaper","floor":16},{"not_picked":["Dropkick+1","Clash"],"picked":"Perfected Strike+1","floor":18},{"not_picked":["Sword Boomerang+1","Dark Embrace","Thunderclap"],"picked":"SKIP","floor":19},{"not_picked":["Feel No Pain","Sword Boomerang","Havoc"],"picked":"SKIP","floor":20},{"not_picked":["Clash+1","Armaments","Sentinel"],"picked":"SKIP","floor":23},{"not_picked":["Sword Boomerang","Twin Strike"],"picked":"Shockwave","floor":24},{"not_picked":["Limit Break","Havoc"],"picked":"Disarm","floor":25},{"not_picked":["Thunderclap+1","Anger+1"],"picked":"Pommel Strike+1","floor":27},{"not_picked":["Iron Wave","Headbutt"],"picked":"Seeing Red","floor":31},{"not_picked":["Feed","Impervious"],"picked":"Reaper","floor":33},{"not_picked":["Twin Strike+1","Intimidate+1"],"picked":"Heavy Blade+1","floor":35},{"not_picked":["Pummel","Spot Weakness"],"picked":"Whirlwind","floor":38},{"not_picked":["Fire Breathing","Shrug It Off"],"picked":"True Grit+1","floor":40},{"not_picked":["Blood for Blood","Iron Wave+1"],"picked":"Thunderclap+1","floor":42},{"not_picked":["Sever Soul","Headbutt+1"],"picked":"Feel No Pain+1","floor":47},{"not_picked":["Armaments","Brutality"],"picked":"Twin Strike+1","floor":48}],"player_experience":1417127,"relics_obtained":[{"floor":6,"key":"InkBottle"},{"floor":9,"key":"Unceasing Top"},{"floor":11,"key":"Toy Ornithopter"},{"floor":14,"key":"Calipers"},{"floor":22,"key":"Mummified Hand"},{"floor":23,"key":"Regal Pillow"},{"floor":25,"key":"Boot"},{"floor":26,"key":"CaptainsWheel"},{"floor":40,"key":"Lantern"},{"floor":43,"key":"Kunai"},{"floor":48,"key":"TungstenRod"}],"event_choices":[{"cards_removed":["Strike_R"],"damage_healed":0,"gold_gain":0,"player_choice":"Card Removal","damage_taken":0,"max_hp_gain":0,"max_hp_loss":0,"event_name":"The Cleric","floor":2,"gold_loss":50},{"damage_healed":0,"gold_gain":0,"player_choice":"Success","damage_taken":7,"relics_obtained":["Pocketwatch"],"max_hp_gain":0,"max_hp_loss":0,"event_name":"Scrap Ooze","floor":3,"gold_loss":0},{"damage_healed":0,"gold_gain":0,"player_choice":"Entered Light","damage_taken":16,"max_hp_gain":0,"max_hp_loss":0,"event_name":"Shining Light","floor":5,"gold_loss":0,"cards_upgraded":["Strike_R","Defend_R"]},{"damage_healed":0,"gold_gain":75,"player_choice":"Gather Gold","damage_taken":11,"max_hp_gain":0,"max_hp_loss":0,"event_name":"World of Goop","floor":8,"gold_loss":0},{"damage_healed":26,"gold_gain":0,"player_choice":"Heal","damage_taken":0,"max_hp_gain":0,"max_hp_loss":0,"event_name":"The Library","floor":21,"gold_loss":0},{"damage_healed":0,"gold_gain":0,"player_choice":"Shed Blood","damage_taken":20,"max_hp_gain":5,"max_hp_loss":0,"event_name":"Forgotten Altar","floor":29,"gold_loss":0},{"cards_removed":["Apotheosis"],"damage_healed":0,"gold_gain":0,"player_choice":"Gave Card","damage_taken":0,"relics_obtained":["Bag of Marbles"],"max_hp_gain":0,"max_hp_loss":0,"event_name":"WeMeetAgain","floor":37,"gold_loss":0},{"damage_healed":0,"gold_gain":0,"player_choice":"Upgraded","damage_taken":0,"max_hp_gain":0,"max_hp_loss":0,"event_name":"Upgrade Shrine","floor":39,"gold_loss":0,"cards_upgraded":["Apotheosis"]},{"cards_removed":["Shockwave"],"damage_healed":0,"gold_gain":0,"player_choice":"Removed Skill","damage_taken":0,"max_hp_gain":0,"max_hp_loss":0,"event_name":"Falling","floor":46,"gold_loss":0},{"damage_healed":0,"gold_gain":0,"player_choice":"Fight","damage_taken":0,"max_hp_gain":0,"max_hp_loss":0,"event_name":"Mysterious Sphere","floor":48,"gold_loss":0}],"is_beta":false,"boss_relics":[{"not_picked":["Empty Cage","Sozu"],"picked":"SlaversCollar"},{"not_picked":["Runic Cube","Velvet Choker"],"picked":"Mark of Pain"}],"items_purged_floors":[],"is_endless":false,"potions_floor_spawned":[6,12,16,20,23,24,35,47,48],"ascension_level":0}}