{"host":"psh83vqabmtchp5z","time":1613293564,"event":{"mods":["AchievementEnabler","Aspiration","BaseMod","Better Altar","Better Match","Better Skull","Better Third Choice","Better Vampires","BetterRewards","Challenge The Spire","Conspire","Downfall","Gold Saver","Lobotomy","LobotomyExtend","Minty Spire (QoL Compilation)","Quick Restart","Relic Filter","Replay The Spire","Shop Mod","Spicy Shops","StSLib","óô»ðÖ¸ÄÏ"],"gold_per_floor":[4153,4168,4186,4198,4198,4216,4241,4253,4269,4269,4326,4352,3775,3800,3818,3921,3921,3415,3427,2211,2230,2230,2264,2318,2346,2346,2373,2021,2021,2045,2045,2059,2166,2175,2026,2065,2077,2089,2149,2196,2258,2311,2343,2384,2396,2429,3758,3800,3823,3835],"floor_reached":51,"language":"ZHS","playtime":7078,"items_purged":["Doubt","Injury"],"score":1229,"play_id":"30fb62a8-b914-498f-94ea-aeb58b0dbc90","local_time":"20210214170604","is_ascension_mode":true,"campfire_choices":[],"circlet_count":0,"master_deck":["champ:Strike","champ:Strike","champ:Strike","champ:Strike","champ:Defend","champ:Defend","champ:Execute","champ:Taunt","champ:IronFortress","champ:IronFortress","champ:GutPunch","champ:Duel","champ:AdrenalArmor+1","champ:BerserkerStyle","champ:TripleStrike","champ:BladeFlurry+1","champ:BringItOn+1","champ:Lariat+1","champ:CalledShot+1","champ:RecklessLeap","champ:UltimateStance+1","expansioncontent:PrepareCrush+1","champ:FanOfKnives","champ:StanceDance+1","ReplayTheSpireMod:Brewmster","champ:ShieldSlam+1","champ:Shatter","Thinking Ahead+1","Discovery+1","ReplayUltimateDefense","Replay:BasicMightCard","champ:BerserkersShout+1","champ:DefensiveStyle","Pride","Pride","champ:ViciousMockery+1","champ:ShieldSigil+1","champ:StanceDance+1","champ:EndlessRage+1","champ:CheapShot","champ:UltimateStance+1","CurseOfTheBell","champ:ShieldSigil+1","champ:DefensiveStyle+1","champ:Lariat+1","champ:DeathBlow+1","champ:IgnorePain+1","champ:FocusedDefense+1","champ:StanceDance+1"],"relics":["champ:ChampionCrown","aspiration:FrozenJewel","Replay:WaspNest","Sling","LetterFromLob","ReplayTheSpireMod:TigerMarble","Replay:Towering Pillar of Hats","Blue Candle","Replay:Rubber Ducky","Chemical X","bronze:MakeshiftBattery","Frozen Eye","Replay:Bottled Steam","Onion Ring","conspire:Boomerang","Guardian:BottledAnomaly","Potion Belt","Toy Ornithopter","Calling Bell","MawBank","aspiration:Lifesprig","Happy Flower","MerchantsRug","aspiration:HiddenCompartment"],"acts_visited":["Exordium","TheCity","TheBeyond"],"potions_floor_usage":[40,40,40,43,48,48,48,48,48,48,48,49,49,49,50,50,50,50,50,50,50,50,50,50],"damage_taken":[{"damage":10.0,"enemies":"Cultist","floor":2.0,"turns":4.0},{"damage":2.0,"enemies":"2 Louse","floor":3.0,"turns":2.0},{"damage":13.0,"enemies":"Small Slimes","floor":4.0,"turns":3.0},{"damage":20.0,"enemies":"2 Fungi Beasts","floor":6.0,"turns":2.0},{"damage":20.0,"enemies":"Exordium Wildlife","floor":8.0,"turns":2.0},{"damage":21.0,"enemies":"Gremlin Gang","floor":9.0,"turns":5.0},{"damage":14.0,"enemies":"Gremlin Nob","floor":11.0,"turns":3.0},{"damage":11.0,"enemies":"3 Sentries","floor":12.0,"turns":4.0},{"damage":63.0,"enemies":"Lagavulin","floor":14.0,"turns":3.0},{"damage":60.0,"enemies":"Blue Slaver","floor":15.0,"turns":2.0},{"damage":42.0,"enemies":"WA_ARCHETYPE_RETAIN","floor":16.0,"turns":4.0},{"damage":0.0,"enemies":"Chosen","floor":19.0,"turns":4.0},{"damage":89.0,"enemies":"downfall:FleeingMerchant","floor":20.0,"turns":4.0},{"damage":0.0,"enemies":"Spheric Guardian","floor":21.0,"turns":2.0},{"damage":11.0,"enemies":"Book of Stabbing","floor":23.0,"turns":3.0},{"damage":40.0,"enemies":"conspire:HollyBat","floor":25.0,"turns":6.0},{"damage":14.0,"enemies":"Snecko","floor":27.0,"turns":3.0},{"damage":16.0,"enemies":"Sentry and Sphere","floor":30.0,"turns":3.0},{"damage":23.0,"enemies":"Chosen and Byrds","floor":32.0,"turns":5.0},{"damage":46.0,"enemies":"DF_ARCHETYPE_CLAW","floor":33.0,"turns":5.0},{"damage":0.0,"enemies":"3 Shapes","floor":36.0,"turns":1.0},{"damage":85,"enemies":"2 Orb Walkers","floor":39,"turns":4},{"damage":77,"enemies":"R_Hoarder","floor":40,"turns":3},{"damage":79,"enemies":"Reptomancer","floor":42,"turns":3},{"damage":61,"enemies":"3 Darklings","floor":43,"turns":4},{"damage":163,"enemies":"R_Hoarder","floor":44,"turns":6},{"damage":29,"enemies":"Spire Growth","floor":46,"turns":2},{"damage":208,"enemies":"Nemesis","floor":48,"turns":10},{"damage":34,"enemies":"Writhing Mass","floor":49,"turns":4},{"damage":144,"enemies":"SI_POISON_ARCHETYPE","floor":50,"turns":6}],"seed_played":"-1562680124127240146","potions_obtained":[{"floor":4.0,"key":"Reflective Coating"},{"floor":6.0,"key":"Languid Potion"},{"floor":9.0,"key":"GamblersBrew"},{"floor":11.0,"key":"Swift Potion"},{"floor":14.0,"key":"SpeedPotion"},{"floor":23.0,"key":"LiquidBronze"},{"floor":25.0,"key":"Dexterity Potion"},{"floor":32.0,"key":"Adrenaline Potion"},{"floor":36.0,"key":"Cursed Concoction"},{"floor":46,"key":"champ:OpenerPotion"},{"floor":49,"key":"champ:OpenerPotion"}],"is_trial":false,"path_per_floor":["R","M","M","M","?","M","T","M","M","?","?","E","R","E","M","B",null,"R","M","$","M","?","E","T","M","M","M","R","?","M","?","M","B",null,"R","M","?","?","?","E","T","E","M","E","R","M","R","E","M","B",null],"character_chosen":"THE_CHAMP","items_purchased":["aspiration:FrozenJewel","Replay:Multitool","Replay:WaspNest","Sling","champ:IronFortress","Membership Card","MealTicket","Anchor","Replay:Rubber Ducky","Akabeko","Chemical X","Frozen Eye","Letter Opener","Bag of Marbles","Replay:Bottled Steam","expansioncontent:PrepareCrush","EntropicBrew","FossilizedHelix","ReplayTheSpireMod:Brewmster","Art of War","champ:ShieldSlam+1","champ:Shatter","ReplayTheSpireMod:ShopPack","Matryoshka","Replay:BasicMightCard","Onion Ring","conspire:Boomerang","Guardian:BottledAnomaly","champ:BerserkersShout+1","Toy Ornithopter","conspire:TreasureMap","champ:EndlessRage+1","Replay:Bottled Snecko","HandDrill","Molten Egg 2","MerchantsRug"],"campfire_rested":0,"item_purchase_floors":[1,1,1,1,1,13,13,13,13,13,13,18,18,18,18,18,18,20,20,20,20,20,20,20,20,20,20,20,20,28,28,28,28,35,35,47],"current_hp_per_floor":[90,90,88,85,85,85,85,85,81,81,81,77,77,87,87,87,100,100,100,100,100,65,64,64,63,63,59,59,59,88,12,66,97,100,100,101,101,101,101,101,101,92,101,102,102,102,102,102,102,82],"gold":3847,"neow_bonus":"RANDOM_COMMON_RELIC","is_daily":false,"chose_seed":false,"campfire_upgraded":0,"win_rate":0.0,"timestamp":1613293564,"path_taken":["R","M","M","?","?","M","T","M","M","?","?","E","R","E","M","BOSS","R","M","$","M","?","E","T","M","M","?","R","?","M","?","M","BOSS","R","M","?","?","?","E","T","E","M","E","R","M","R","E","M","BOSS"],"items_purchased_type":["Relic","Relic","Relic","Relic","Card","Relic","Relic","Relic","Relic","Relic","Relic","Relic","Relic","Relic","Relic","Card","Potion","Relic","Card","Relic","Card","Card","Relic","Relic","Card","Relic","Relic","Relic","Card","Relic","Relic","Card","Relic","Relic","Relic","Relic"],"build_version":"2020-12-22","purchased_purges":2,"victory":true,"max_hp_per_floor":[90,90,90,90,90,90,90,90,90,90,90,90,90,100,100,100,100,100,100,100,100,100,100,100,100,100,100,100,100,100,100,100,100,100,100,101,101,101,101,101,101,101,101,102,102,102,102,102,102,102],"card_choices":[{"not_picked":["champ:ViciousMockery","champ:RisingSlash"],"picked":"champ:GutPunch","floor":2.0},{"not_picked":["champ:GutPunch","champ:CrownThrow","champ:EnGarde"],"picked":"SKIP","floor":3.0},{"not_picked":["champ:PreciseThrust","champ:BringItOn"],"picked":"champ:Duel","floor":4.0},{"not_picked":["champ:TornadoPunch","champ:Endure+1"],"picked":"champ:AdrenalArmor+1","floor":6.0},{"not_picked":["champ:FalseCounter+1","champ:FocusedBerserking+1"],"picked":"champ:BerserkerStyle","floor":8.0},{"not_picked":["champ:BerserkersShout+1","champ:FancyFootwork+1"],"picked":"champ:TripleStrike","floor":9.0},{"not_picked":["champ:Circumvent+1","champ:BladeFlurry"],"picked":"champ:BringItOn+1","floor":11.0},{"not_picked":["champ:Shatter","champ:CrownThrow"],"picked":"champ:Lariat+1","floor":12.0},{"not_picked":["champ:IronFortress","champ:ViciousMockery+1"],"picked":"champ:CalledShot+1","floor":14.0},{"not_picked":["champ:Haymaker","champ:PerfectedStrike"],"picked":"champ:RecklessLeap","floor":15.0},{"not_picked":["champ:EnchantSword+1","champ:DancingMaster"],"picked":"champ:UltimateStance+1","floor":16.0},{"not_picked":["champ:BladeFlurry+1","champ:AdrenalArmor+1"],"picked":"champ:FanOfKnives","floor":19.0},{"not_picked":["champ:Haymaker+1","champ:FlashCut"],"picked":"champ:StanceDance+1","floor":20.0},{"not_picked":["Crow Ritual","The Bomb"],"picked":"Thinking Ahead","floor":20.0},{"not_picked":["Survey Options","Master of Strategy"],"picked":"Discovery","floor":20.0},{"not_picked":["Forethought","Panacea"],"picked":"ReplayUltimateDefense","floor":20.0},{"not_picked":["champ:TornadoPunch","champ:Shatter+1"],"picked":"champ:DefensiveStyle","floor":21.0},{"not_picked":["champ:PreciseThrust+1","champ:FalseCounter+1"],"picked":"champ:ViciousMockery+1","floor":23.0},{"not_picked":["champ:SkillfulDodge+1","champ:RisingSlash"],"picked":"champ:ShieldSigil+1","floor":25.0},{"not_picked":["champ:CrookedStrike","champ:Backstep+1"],"picked":"champ:StanceDance+1","floor":27.0},{"not_picked":["champ:Backstep+1","champ:ShieldSlam+1"],"picked":"champ:CheapShot","floor":30.0},{"not_picked":["champ:PreemptiveStrike","champ:CrownThrow","champ:PerfectedStrike"],"picked":"SKIP","floor":32.0},{"not_picked":["champ:CheapShot","champ:TripleStrike"],"picked":"champ:UltimateStance+1","floor":33.0},{"not_picked":["champ:EnragedBash+1","champ:PreciseThrust+1"],"picked":"champ:ShieldSigil+1","floor":36.0},{"not_picked":["champ:BringItOn+1","champ:IronFortress"],"picked":"champ:DefensiveStyle+1","floor":40},{"not_picked":["champ:HeartStrike+1","champ:FanOfKnives+1"],"picked":"champ:Lariat+1","floor":42},{"not_picked":["champ:Duel+1","champ:ShieldSigil+1"],"picked":"champ:DeathBlow+1","floor":43},{"not_picked":["champ:FanOfKnives+1","champ:Backstep+1","champ:TornadoPunch+1"],"picked":"SKIP","floor":44},{"not_picked":["champ:Shatter+1","champ:HeartStrike+1"],"picked":"champ:IgnorePain+1","floor":46},{"not_picked":["champ:FlashCut","champ:PerfectedStrike"],"picked":"champ:FocusedDefense+1","floor":48},{"not_picked":["champ:BladeFlurry+1","champ:ShieldSigil"],"picked":"champ:StanceDance+1","floor":49}],"player_experience":727383,"relics_obtained":[{"floor":2.0,"key":"LetterFromLob"},{"floor":7.0,"key":"ReplayTheSpireMod:TigerMarble"},{"floor":11.0,"key":"Replay:Towering Pillar of Hats"},{"floor":12.0,"key":"Blue Candle"},{"floor":14.0,"key":"Pear"},{"floor":23.0,"key":"CeramicFish"},{"floor":24.0,"key":"hexamod:BolsterEngine"},{"floor":24.0,"key":"Potion Belt"},{"floor":34.0,"key":"MawBank"},{"floor":34.0,"key":"Golden Egg"},{"floor":34.0,"key":"conspire:InfiniteJournal"},{"floor":39,"key":"Girya"},{"floor":40,"key":"Replay:PocketPolymizer"},{"floor":41,"key":"aspiration:Lifesprig"},{"floor":41,"key":"ReplayTheSpireMod:Lightbulb"},{"floor":42,"key":"Vajra"},{"floor":44,"key":"Happy Flower"},{"floor":48,"key":"aspiration:HiddenCompartment"}],"event_choices":[{"damage_healed":0.0,"max_hp_gain":88.0,"max_hp_loss":12.0,"gold_gain":0.0,"event_name":"betterAltar:BetterAltar","player_choice":" Idol Vial ","floor":31.0,"potions_obtained":[],"relics_lost":[],"gold_loss":0.0,"damage_taken":76.0,"relics_obtained":["Bloody Idol","Blood Vial"]},{"cards_removed":["champ:Defend"],"damage_healed":0.0,"max_hp_gain":0.0,"max_hp_loss":0.0,"gold_gain":0.0,"event_name":"Falling","player_choice":"Removed Skill","floor":37.0,"gold_loss":0.0,"damage_taken":0.0},{"damage_healed":0,"gold_gain":0,"player_choice":"Fight","damage_taken":0,"max_hp_gain":0,"max_hp_loss":0,"event_name":"Mysterious Sphere","floor":39,"gold_loss":0}],"is_beta":false,"boss_relics":[{"not_picked":["conspire:SeveredTorchhead","Empty Cage"],"picked":"bronze:MakeshiftBattery"},{"not_picked":["conspire:SpecialSausage","Snecko Heart"],"picked":"Calling Bell"}],"items_purged_floors":[1,13],"is_endless":false,"potions_floor_spawned":[4,6,9,11,14,23,25,32,33,36,46,49],"ascension_level":1}}