{"host":"clf2hd4adhiiw0zf","time":1613263459,"event":{"mods":["AchievementEnabler","BaseMod","Beaked The Cultist","Bestiary","Dark Map","Downfall","Gremlin Mod","Hermit","Jorbs\u0027s Wanderer Trilogy","Marisa????????","Minty Spire (QoL Compilation)","Shop Mod","StSLib","The Cursed","The Servant 0.9.4","Wide Potions"],"gold_per_floor":[99,111,130,130,130,155,181,191,209,9,24,41,75,95,110,209,209,109,109,109,126,126,161,161,229,229,289,345,74,131,210,273,424,424,424,475,538,638,701,283,292,301,351,351,416,494,494,517,580,580,580,580],"floor_reached":50,"language":"ENG","playtime":2661,"items_purged":[],"score":992,"play_id":"74c31cdc-9bbf-4a99-b578-92f7343dbe55","local_time":"20210213174419","is_ascension_mode":true,"campfire_choices":[{"floor":1.0,"key":"RECALL"},{"data":"champ:PerfectedStrike","floor":10.0,"key":"SMITH"},{"data":"champ:HoldFirm","floor":18.0,"key":"SMITH"},{"data":"champ:GladiatorStyle","floor":26.0,"key":"SMITH"},{"data":"champ:UltimateStance","floor":35.0,"key":"SMITH"},{"floor":47.0,"key":"REST"}],"circlet_count":0,"master_deck":["AscendersBane","champ:Strike","champ:Strike","champ:Strike","champ:Strike","champ:Defend","champ:Defend","champ:Defend","champ:Defend","champ:Execute","champ:Taunt","champ:RageSigil","champ:PerfectedStrike","champ:PerfectedStrike+1","champ:ShieldSlam","champ:TornadoPunch","champ:Shatter","champ:FanOfKnives","champ:GutPunch","champ:TripleStrike","champ:PreciseThrust","champ:GladiatorStyle+1","champ:HoldFirm+1","champ:RageSigil+1","champ:Encircle","champ:SteelEdge+1","champ:EnGarde","champ:HoldFirm","champ:PreciseThrust+1","champ:SwordThrow+1","champ:BringItOn+1","champ:Lariat","champ:EnchantShield","champ:UltimateStance+1","champ:StanceDance+1","champ:ArenaPreparation","Shame","expansioncontent:PrepareCrush","champ:DefensiveStyle+1","champ:Endure","champ:Duel+1","champ:SwordThrow+1","champ:CheapShot+1"],"relics":["Cursed Key","Omamori","downfall:HeartBlessingRed","downfall:HeartBlessingGreen","Happy Flower","Sozu","downfall:HeartBlessingBlue","champ:BerserkersGuideToSlaughter","downfall:KnowingSkull","Boot","Thread and Needle","Molten Egg 2","bronze:BronzeIdol","CeramicFish","Runic Pyramid","Bird Faced Urn","Strange Spoon","Pear","champ:DefensiveTrainingManual","Du-Vu Doll"],"acts_visited":["Exordium","TheCity","TheBeyond"],"potions_floor_usage":[50],"damage_taken":[{"damage":17.0,"enemies":"Small Slimes","floor":2.0,"turns":3.0},{"damage":15.0,"enemies":"Jaw Worm","floor":3.0,"turns":4.0},{"damage":36.0,"enemies":"Gremlin Nob","floor":6.0,"turns":3.0},{"damage":10.0,"enemies":"Cultist","floor":8.0,"turns":3.0},{"damage":20.0,"enemies":"Lots of Slimes","floor":9.0,"turns":4.0},{"damage":0.0,"enemies":"Exordium Wildlife","floor":11.0,"turns":1.0},{"damage":0.0,"enemies":"Large Slime","floor":12.0,"turns":2.0},{"damage":12.0,"enemies":"3 Sentries","floor":13.0,"turns":4.0},{"damage":5.0,"enemies":"3 Louse","floor":14.0,"turns":3.0},{"damage":2.0,"enemies":"Red Slaver","floor":15.0,"turns":2.0},{"damage":42.0,"enemies":"IC_STATUS_ARCHETYPE","floor":16.0,"turns":5.0},{"damage":0.0,"enemies":"3 Byrds","floor":21.0,"turns":4.0},{"damage":7.0,"enemies":"Gremlin Leader","floor":23.0,"turns":5.0},{"damage":27.0,"enemies":"Slavers","floor":25.0,"turns":3.0},{"damage":8.0,"enemies":"Spheric Guardian","floor":27.0,"turns":2.0},{"damage":24.0,"enemies":"Snake Plant","floor":28.0,"turns":3.0},{"damage":30.0,"enemies":"downfall:FleeingMerchant","floor":29.0,"turns":4.0},{"damage":27.0,"enemies":"Shelled Parasite and Fungi","floor":30.0,"turns":5.0},{"damage":18.0,"enemies":"Gremlin Leader","floor":31.0,"turns":8.0},{"damage":16.0,"enemies":"3 Cultists","floor":32.0,"turns":4.0},{"damage":98.0,"enemies":"SI_MIRROR_ARCHETYPE","floor":33.0,"turns":10.0},{"damage":28.0,"enemies":"3 Darklings","floor":36.0,"turns":6.0},{"damage":56.0,"enemies":"3 Shapes","floor":37.0,"turns":3.0},{"damage":23.0,"enemies":"Maw","floor":39.0,"turns":7.0},{"damage":18.0,"enemies":"downfall:FleeingMerchant","floor":40.0,"turns":4.0},{"damage":10.0,"enemies":"Jaw Worm Horde","floor":43.0,"turns":5.0},{"damage":0.0,"enemies":"Writhing Mass","floor":45.0,"turns":4.0},{"damage":82.0,"enemies":"Reptomancer","floor":46.0,"turns":6.0},{"damage":0.0,"enemies":"downfall:FleeingMerchant","floor":48.0,"turns":1.0},{"damage":0.0,"enemies":"3 Darklings","floor":49.0,"turns":3.0},{"damage":163,"enemies":"WA_ARCHETYPE_DIVINITY","floor":50,"turns":13}],"seed_played":"5780150576730700444","potions_obtained":[{"floor":3.0,"key":"GamblersBrew"},{"floor":6.0,"key":"Block Potion"},{"floor":16.0,"key":"SpeedPotion"}],"is_trial":false,"path_per_floor":["R","M","M","?","?","E","T","M","M","R","M","M","E","M","M","B",null,"R","?","?","M","?","E","T","E","R","M","M","$","M","E","M","B",null,"R","M","M","?","M","$","T","?","M","?","M","E","R","$","M","B"],"character_chosen":"THE_CHAMP","items_purchased":["champ:SwordThrow+1","bronze:BronzeIdol","Bird Faced Urn","Strange Spoon","Du-Vu Doll","champ:SwordThrow+1"],"campfire_rested":1,"item_purchase_floors":[29,29,40,40,48,48],"current_hp_per_floor":[81,74,74,79,79,63,63,63,53,53,53,53,51,51,49,22,77,87,87,87,97,88,91,91,89,89,96,87,92,70,77,76,28,86,86,73,52,52,59,66,76,76,68,68,70,17,51,51,53,0,0,0],"gold":580,"neow_bonus":"BOSS_RELIC","is_daily":false,"chose_seed":false,"campfire_upgraded":4,"win_rate":0.0,"timestamp":1613263459,"path_taken":["R","M","M","?","?","E","T","M","?","R","?","M","E","M","M","BOSS","R","?","?","M","?","E","T","E","R","?","M","$","M","E","M","BOSS","R","M","M","?","?","$","T","?","M","?","?","E","R","$","M","BOSS"],"items_purchased_type":["Card","Relic","Relic","Relic","Relic","Card"],"build_version":"2020-12-22","purchased_purges":0,"victory":false,"max_hp_per_floor":[90,90,90,95,95,95,95,95,95,95,95,95,95,95,95,95,95,105,105,105,105,105,105,105,105,105,105,105,105,105,105,105,105,105,105,105,105,105,105,105,115,115,115,115,115,115,115,115,115,115,115,115],"card_choices":[{"not_picked":["champ:IronFortress","champ:SetATrap"],"picked":"champ:RageSigil","floor":2.0},{"not_picked":["champ:FancyFootwork","champ:PreciseThrust"],"picked":"champ:PerfectedStrike","floor":3.0},{"not_picked":["champ:RageSigil","champ:HeartStrike"],"picked":"champ:ShieldSlam","floor":6.0},{"not_picked":["champ:Shatter","champ:RisingSlash"],"picked":"champ:TornadoPunch","floor":8.0},{"not_picked":["champ:BerserkersShout","champ:TornadoPunch"],"picked":"champ:Shatter","floor":9.0},{"not_picked":["champ:Parry","champ:CrownThrow"],"picked":"champ:FanOfKnives","floor":11.0},{"not_picked":["champ:Haymaker","champ:BerserkersShout"],"picked":"champ:GutPunch","floor":12.0},{"not_picked":["champ:EnGarde","champ:HeartStrike"],"picked":"champ:TripleStrike","floor":13.0},{"not_picked":["champ:BerserkersShout","champ:FocusedDefense"],"picked":"champ:PreciseThrust","floor":14.0},{"not_picked":["champ:ShieldSigil","champ:StanceDance"],"picked":"champ:GladiatorStyle","floor":15.0},{"not_picked":["champ:StrikeOfGenius","champ:EnchantCrown"],"picked":"champ:HoldFirm","floor":16.0},{"not_picked":["champ:ShieldSigil+1","champ:Haymaker"],"picked":"champ:RageSigil+1","floor":21.0},{"not_picked":["champ:GutPunch","champ:EndlessRage"],"picked":"champ:Encircle","floor":23.0},{"not_picked":["champ:Backstep+1","champ:TornadoPunch+1"],"picked":"champ:SteelEdge+1","floor":25.0},{"not_picked":["champ:GutPunch+1","champ:Backstep"],"picked":"champ:EnGarde","floor":27.0},{"not_picked":["champ:TornadoPunch+1","champ:ShieldSigil"],"picked":"champ:HoldFirm","floor":28.0},{"not_picked":["champ:EnGarde","champ:BerserkersShout"],"picked":"champ:PreciseThrust+1","floor":29.0},{"not_picked":["champ:Circumvent","champ:SkillfulDodge"],"picked":"champ:BringItOn+1","floor":30.0},{"not_picked":["champ:DefensiveStyle+1","champ:RecklessLeap+1"],"picked":"champ:Lariat","floor":31.0},{"not_picked":["champ:GutPunch+1","champ:BringItOn"],"picked":"champ:EnchantShield","floor":32.0},{"not_picked":["champ:EnchantSword","champ:StrikeOfGenius"],"picked":"champ:UltimateStance","floor":33.0},{"not_picked":["champ:ShieldSigil","champ:AdrenalArmor","champ:FocusedDefense"],"picked":"SKIP","floor":36.0},{"not_picked":["champ:BerserkerStyle+1","champ:PreciseThrust+1"],"picked":"champ:StanceDance+1","floor":37.0},{"not_picked":["champ:HeartStrike+1","champ:PreciseThrust+1"],"picked":"champ:ArenaPreparation","floor":39.0},{"not_picked":["champ:PreciseThrust+1","champ:BringItOn"],"picked":"champ:StrikeOfGenius","floor":40.0},{"not_picked":["expansioncontent:Chronoboost","expansioncontent:GuardianWhirl"],"picked":"expansioncontent:PrepareCrush","floor":42.0},{"not_picked":["champ:RapidStrikes+1","champ:SkillfulDodge","champ:Circumvent"],"picked":"SKIP","floor":43.0},{"not_picked":["champ:FanOfKnives+1","champ:AdrenalArmor"],"picked":"champ:DefensiveStyle+1","floor":45.0},{"not_picked":["champ:StanceDance","champ:FocusedDefense"],"picked":"champ:Endure","floor":46.0},{"not_picked":["champ:BerserkersShout","champ:BladeFlurry+1"],"picked":"champ:Duel+1","floor":48.0},{"not_picked":["champ:FocusedBerserking","champ:GladiatorStyle"],"picked":"champ:CheapShot+1","floor":49.0}],"player_experience":282133,"relics_obtained":[{"floor":6.0,"key":"Omamori"},{"floor":13.0,"key":"Happy Flower"},{"floor":23.0,"key":"Boot"},{"floor":24.0,"key":"Thread and Needle"},{"floor":25.0,"key":"Molten Egg 2"},{"floor":31.0,"key":"CeramicFish"},{"floor":41.0,"key":"Pear"},{"floor":46.0,"key":"champ:DefensiveTrainingManual"}],"event_choices":[{"damage_healed":0.0,"max_hp_gain":5.0,"max_hp_loss":0.0,"gold_gain":0.0,"event_name":"Big Fish","player_choice":"Donut","floor":4.0,"gold_loss":0.0,"damage_taken":0.0},{"damage_healed":0.0,"max_hp_gain":0.0,"max_hp_loss":0.0,"gold_gain":0.0,"event_name":"Vampires","player_choice":"Ignored","floor":20.0,"gold_loss":0.0,"damage_taken":0.0},{"cards_removed":["champ:StrikeOfGenius"],"damage_healed":0.0,"max_hp_gain":0.0,"max_hp_loss":0.0,"gold_gain":0.0,"event_name":"Falling","player_choice":"Removed Power","floor":44.0,"gold_loss":0.0,"damage_taken":0.0}],"is_beta":false,"boss_relics":[{"not_picked":["Velvet Choker","Empty Cage"],"picked":"Sozu"},{"not_picked":["Black Star","Astrolabe"],"picked":"Runic Pyramid"}],"items_purged_floors":[],"is_endless":false,"potions_floor_spawned":[3,6,8,12,13,16,21,30,31,32,39,43,49],"killed_by":"WA_ARCHETYPE_DIVINITY","ascension_level":12}}