{"host":"y2nx07t75db4hs5p","time":1613310681,"event":{"mods":["Act Like it!","BaseMod","Gensokyo","Minty Spire (QoL Compilation)","StSLib","Yakumo Yukari mod"],"gold_per_floor":[130,54,54,20,40,72,72,72,123,123,123,136,136,160,160,360,360],"floor_reached":16,"language":"ZHS","playtime":498,"items_purged":[],"score":96,"play_id":"e9146ea3-63de-4d78-b544-a52e4d32a07e","local_time":"20210214215121","is_ascension_mode":false,"campfire_choices":[{"floor":7,"key":"RECALL"},{"data":"Realm_recovery_purpleEX","floor":10,"key":"SMITH"},{"data":"PurpleNeedle_purple","floor":13,"key":"SMITH"},{"data":"ExistenceContinue_purple","floor":15,"key":"SMITH"}],"circlet_count":0,"master_deck":["AT_purpleEX","AT_purpleEX","AT_purpleEX","AT_purpleEX","Defend_purpleEX","Defend_purpleEX","Defend_purpleEX","Defend_purpleEX","Observe_purple_1","Observe_purple_2","ExistenceContinue_purple+1","Gensokyo:Shovel","Clumsy","Boundary_DreamRealityDamnation_purple","Realm_recovery_purpleEX+1","Pain","PurpleNeedle_purple+1"],"relics":["Boundary_crack","Memoryfragments_purpleEX","NeowsBlessing","Gensokyo:NagashiBinaDoll","Orichalcum","Gensokyo:OccultBall","Gensokyo:LunaticRedEyes","Pen Nib"],"acts_visited":["Gensokyo:Gensokyo"],"potions_floor_usage":[],"damage_taken":[{"damage":0,"enemies":"Gensokyo:Gryphon","floor":1,"turns":1},{"damage":0,"enemies":"Gensokyo:2_Kodama","floor":5,"turns":1},{"damage":22,"enemies":"Gensokyo:Cirno","floor":6,"turns":2},{"damage":1,"enemies":"Gensokyo:3_Fairies","floor":12,"turns":5},{"damage":22,"enemies":"Gensokyo:Reimu","floor":16,"turns":8}],"seed_played":"2905692561961157817","potions_obtained":[{"floor":1,"key":"FearPotion"},{"floor":5,"key":"BlessingOfTheForge"},{"floor":12,"key":"Dexterity Potion"}],"is_trial":false,"path_per_floor":["M","COS","?","$","M","E","R","?","T","R","?","M","R","T","R","B"],"character_chosen":"Youkari","items_purchased":["Boundary_DreamRealityDamnation_purple"],"campfire_rested":0,"item_purchase_floors":[4],"current_hp_per_floor":[70,70,70,70,70,49,49,49,49,49,49,49,49,49,49,27,27],"gold":360,"neow_bonus":"THREE_ENEMY_KILL","is_daily":false,"chose_seed":false,"campfire_upgraded":3,"win_rate":0.0,"timestamp":1613310681,"path_taken":["M","COS","?","?","M","E","R","?","T","R","?","M","R","?","R","BOSS"],"items_purchased_type":["Card"],"build_version":"2020-12-22","purchased_purges":0,"victory":false,"max_hp_per_floor":[70,70,70,70,70,70,70,70,70,70,70,70,70,70,70,70,70],"card_choices":[{"not_picked":["Erosivefilter_purple","Extrememeaning_purpleEX"],"picked":"ExistenceContinue_purple","floor":1},{"not_picked":["OpenedBox_purple","Worldmountain_purple"],"picked":"Realm_recovery_purpleEX","floor":5},{"not_picked":["PurpleNeedle_purple","AdvanceAttack_purple"],"picked":"Mirror_TwoAndThreeElementRealm_purple","floor":6},{"not_picked":["Boundary_ObjectiveBoundary_purple","Boundary_DreamRealityDamnation_purple"],"picked":"PurpleNeedle_purple","floor":12}],"player_experience":240116,"relics_obtained":[{"floor":6,"key":"Orichalcum"},{"floor":14,"key":"Pen Nib"}],"event_choices":[],"is_beta":false,"boss_relics":[],"items_purged_floors":[],"is_endless":false,"potions_floor_spawned":[1,5,12],"killed_by":"Gensokyo:Reimu","ascension_level":0}}