{"host":"5y2vm16xfq9gfmb2","time":1613290274,"event":{"mods":["AchievementEnabler","BaseMod","Better Third Choice","Colored Map","Colored Powertips","DeckTracker","Friendly Minions","Marisa????????","Minty Spire (QoL Compilation)","Rare Cards Sparkle","Relic Stats","StSLib","The Alterego","The Animator","The Marked","The Servant 0.9.4","Yohane!"],"gold_per_floor":[116,191,291,308,322,355,355,21,21,47,47,78,78,109,109,254,254,284,284,294,41,84,127,154,154,154,188,188,211,238,252,252,381,381,393,409,436,483,483,483,483,483,532,549,581,581,58,77,77,105,105],"floor_reached":50,"language":"ENG","playtime":3200,"items_purged":[],"score":528,"play_id":"e1c4ee1e-ff6b-4f11-a9f0-89275941365f","local_time":"20210214031114","is_ascension_mode":false,"campfire_choices":[{"floor":7,"key":"RECALL"},{"data":"StarDustReverie","floor":13,"key":"SMITH"},{"data":"PulseMagic","floor":15,"key":"SMITH"},{"floor":25,"key":"REST"},{"floor":28,"key":"REST"},{"floor":32,"key":"REST"},{"floor":40,"key":"REST"},{"floor":49,"key":"REST"}],"circlet_count":0,"master_deck":["Strike_MRS","Strike_MRS","Strike_MRS","Strike_MRS","Defend_MRS","Defend_MRS","Defend_MRS","Defend_MRS","MasterSpark","UpSweep","DC","PropBag","DC","CollectingQuirk","Robbery","StarDustReverie+1","PulseMagic+1","MilkyWay","DC","OneTimeOff","GravityBeat","WitchOfGreed","WitchLeyline","FinalSpark","UnstableBomb","PropBag","LuminesStrike+1","GalacticHalo","ManaRampage","ManaConvection+1","WitchLeyline","MachineGunSpark","DeepEcoloBomb","GrandCross","MillisecondPulsars","CurseOfTheBell","DeepEcoloBomb+1","Singularity+1","StarlightTyphoon+1","6A+1","Wraith","Flash of Steel","Parasite","DarkMatter","EnergyFlow+1","Writhe","AlicesGift","Occultation+1"],"relics":["MiniHakkero","NeowsBlessing","FossilizedHelix","Bottled Lightning","Sundial","ExperimentalFamiliar","Pear","BreadOfAWashokuLover","White Beast Statue","Calling Bell","Happy Flower","HornCleat","Pocketwatch","Lizard Tail","Lantern","Strawberry","Frozen Eye","Omamori","Ornamental Fan"],"acts_visited":["Exordium","TheCity","TheBeyond"],"potions_floor_usage":[16,24,24,27,33,33,38,38,44,45,45,50],"damage_taken":[{"damage":0,"enemies":"2 Louse","floor":1,"turns":1},{"damage":0,"enemies":"Jaw Worm","floor":4,"turns":1},{"damage":0,"enemies":"Cultist","floor":5,"turns":1},{"damage":11,"enemies":"Gremlin Nob","floor":6,"turns":3},{"damage":3,"enemies":"Lagavulin","floor":10,"turns":5},{"damage":0,"enemies":"Looter","floor":12,"turns":2},{"damage":0,"enemies":"Blue Slaver","floor":14,"turns":3},{"damage":11,"enemies":"Slime Boss","floor":16,"turns":7},{"damage":0,"enemies":"Spheric Guardian","floor":18,"turns":3},{"damage":12,"enemies":"Shell Parasite","floor":20,"turns":3},{"damage":0,"enemies":"Centurion and Healer","floor":22,"turns":5},{"damage":12,"enemies":"Book of Stabbing","floor":23,"turns":4},{"damage":20,"enemies":"Sentry and Sphere","floor":24,"turns":4},{"damage":32,"enemies":"Snake Plant","floor":27,"turns":4},{"damage":7,"enemies":"Chosen and Byrds","floor":29,"turns":4},{"damage":15,"enemies":"Snecko","floor":30,"turns":5},{"damage":17,"enemies":"Centurion and Healer","floor":31,"turns":5},{"damage":74,"enemies":"Collector","floor":33,"turns":11},{"damage":0,"enemies":"3 Shapes","floor":35,"turns":3},{"damage":0,"enemies":"Orb Walker","floor":36,"turns":3},{"damage":51,"enemies":"Transient","floor":37,"turns":5},{"damage":23,"enemies":"2 Orb Walkers","floor":38,"turns":3},{"damage":15,"enemies":"Writhing Mass","floor":44,"turns":4},{"damage":62,"enemies":"Sphere and 2 Shapes","floor":45,"turns":4},{"damage":17,"enemies":"Spire Growth","floor":48,"turns":4},{"damage":78,"enemies":"Time Eater","floor":50,"turns":5}],"seed_played":"3504497341405676189","potions_obtained":[{"floor":4,"key":"GamblersBrew"},{"floor":10,"key":"SteroidPotion"},{"floor":12,"key":"BottledSpark"},{"floor":14,"key":"FearPotion"},{"floor":16,"key":"Energy Potion"},{"floor":16,"key":"BottledSpark"},{"floor":22,"key":"PowerPotion"},{"floor":24,"key":"Energy Potion"},{"floor":27,"key":"Explosive Potion"},{"floor":27,"key":"FearPotion"},{"floor":29,"key":"FairyPotion"},{"floor":30,"key":"PowerPotion"},{"floor":33,"key":"Block Potion"},{"floor":33,"key":"Ancient Potion"},{"floor":35,"key":"EssenceOfSteel"},{"floor":37,"key":"AttackPotion"},{"floor":38,"key":"Weak Potion"},{"floor":44,"key":"AttackPotion"},{"floor":45,"key":"PowerPotion"},{"floor":48,"key":"SpeedPotion"}],"is_trial":false,"path_per_floor":["M","?","?","M","M","E","R","$","T","E","?","M","R","M","R","B",null,"M","?","M","$","M","E","M","R","T","M","R","M","M","M","R","B",null,"M","M","M","?","?","R","?","?","T","M","M","?","$","M","R","B"],"character_chosen":"MARISA","items_purchased":["Bottled Lightning","Robbery","Pear","Strawberry","Frozen Eye","Omamori","AlicesGift"],"campfire_rested":5,"item_purchase_floors":[8,8,21,47,47,47,47],"current_hp_per_floor":[75,64,64,64,64,53,53,53,53,50,50,50,50,50,50,39,75,75,75,63,73,73,61,41,66,66,34,59,52,38,21,46,7,85,85,85,34,11,11,36,74,74,74,59,37,56,63,47,71,0,0],"gold":105,"neow_bonus":"THREE_ENEMY_KILL","is_daily":false,"chose_seed":false,"campfire_upgraded":2,"win_rate":0.0,"timestamp":1613290274,"path_taken":["M","?","?","?","M","E","R","$","T","E","?","M","R","M","R","BOSS","M","?","M","$","M","E","M","R","T","M","R","M","M","M","R","BOSS","M","M","M","?","?","R","?","?","T","M","M","?","$","?","R","BOSS"],"items_purchased_type":["Relic","Card","Relic","Relic","Relic","Relic","Card"],"build_version":"2020-12-22","purchased_purges":0,"victory":false,"max_hp_per_floor":[75,75,75,75,75,75,75,75,75,75,75,75,75,75,75,75,75,75,75,75,85,85,85,85,85,85,85,85,85,85,85,85,85,85,85,85,85,85,85,85,74,74,74,74,74,74,81,81,81,81,81],"relic_stats":{"Lizard Tail":37,"Happy Flower":[10],"counters":[26,102],"Sundial":[6],"Ornamental Fan":[52],"obtain_stats":[{"AmplifyWand":18,"Lantern":43,"Gremlin Horn":36,"Frozen Eye":47,"Lizard Tail":38,"HornCleat":34,"Sundial":10,"Mummified Hand":24,"Strawberry":47,"Kunai":6,"Pear":21,"NeowsBlessing":0,"Happy Flower":34,"Blue Candle":22,"BreadOfAWashokuLover":23,"Omamori":47,"Letter Opener":30,"White Beast Statue":26,"Mercury Hourglass":10,"Calling Bell":34,"ExperimentalFamiliar":17,"Shuriken":22,"Ornamental Fan":27,"MiniHakkero":0,"Bottled Lightning":8,"FossilizedHelix":6,"Meat on the Bone":16,"Pocketwatch":34},{"AmplifyWand":9,"Lantern":22,"Gremlin Horn":20,"Frozen Eye":24,"Lizard Tail":22,"HornCleat":18,"Sundial":5,"Mummified Hand":13,"Strawberry":24,"Kunai":4,"Pear":10,"NeowsBlessing":0,"Happy Flower":18,"Blue Candle":11,"BreadOfAWashokuLover":12,"Omamori":24,"Letter Opener":16,"White Beast Statue":13,"Mercury Hourglass":5,"Calling Bell":18,"ExperimentalFamiliar":8,"Shuriken":11,"Ornamental Fan":14,"MiniHakkero":0,"Bottled Lightning":4,"FossilizedHelix":4,"Meat on the Bone":8,"Pocketwatch":18},{"AmplifyWand":24,"Lantern":85,"Gremlin Horn":75,"Frozen Eye":93,"Lizard Tail":85,"HornCleat":71,"Sundial":11,"Mummified Hand":40,"Strawberry":93,"Kunai":4,"Pear":29,"NeowsBlessing":0,"Happy Flower":71,"Blue Candle":30,"BreadOfAWashokuLover":38,"Omamori":93,"Letter Opener":53,"White Beast Statue":42,"Mercury Hourglass":7,"Calling Bell":71,"ExperimentalFamiliar":23,"Shuriken":34,"Ornamental Fan":43,"MiniHakkero":0,"Bottled Lightning":6,"FossilizedHelix":6,"Meat on the Bone":17,"Pocketwatch":71}],"Pocketwatch":[3]},"card_choices":[{"not_picked":["MysteriousBeam","ShootingEcho"],"picked":"DC","floor":1},{"not_picked":["AsteroidBelt","ShootingEcho"],"picked":"PropBag","floor":4},{"not_picked":["LuminesStrike","EscapeVelocity"],"picked":"DC","floor":5},{"not_picked":["IllusionStar","DarkSpark"],"picked":"CollectingQuirk","floor":6},{"not_picked":["SuperPerseids","DragonMeteor"],"picked":"StarDustReverie","floor":10},{"not_picked":["DragonMeteor","NonDirectionalLaser"],"picked":"WitchOfGreed","floor":12},{"not_picked":["DC","UnstableBomb"],"picked":"WitchLeyline","floor":14},{"not_picked":["SatelliteIllusion","MaximisePower"],"picked":"FinalSpark","floor":16},{"not_picked":["WitchOfGreed","PowerUp"],"picked":"UnstableBomb","floor":18},{"not_picked":["OpenUniverse","Acceleration"],"picked":"LuminesStrike+1","floor":20},{"not_picked":["NonDirectionalLaser+1","PowerUp"],"picked":"GalacticHalo","floor":22},{"not_picked":["MilkyWay","PowerUp"],"picked":"ManaRampage","floor":23},{"not_picked":["StarlightTyphoon","SuperPerseids"],"picked":"ManaConvection+1","floor":24},{"not_picked":["MachineGunSpark","DarkSpark"],"picked":"WitchLeyline","floor":27},{"not_picked":["Acceleration","MeteoricShower"],"picked":"MachineGunSpark","floor":29},{"not_picked":["IllusionStar","MysteriousBeam+1"],"picked":"DeepEcoloBomb","floor":30},{"not_picked":["AlicesGift+1","IllusionStar"],"picked":"GrandCross","floor":31},{"not_picked":["UltimateShortwave","StarDustReverie"],"picked":"MillisecondPulsars","floor":33},{"not_picked":["WitchLeyline+1","MysteriousBeam+1"],"picked":"DeepEcoloBomb+1","floor":35},{"not_picked":["6A+1","MilkyWay"],"picked":"Singularity+1","floor":36},{"not_picked":["GalacticHalo+1","UnstableBomb+1"],"picked":"StarlightTyphoon+1","floor":37},{"not_picked":["SporeBomb+1","Occultation"],"picked":"6A+1","floor":38},{"not_picked":["Bandage Up","Sadistic Nature"],"picked":"Flash of Steel","floor":42},{"not_picked":["PulseMagic","MilkyWay+1"],"picked":"DarkMatter","floor":44},{"not_picked":["LuminesStrike+1","EnergyRecoil"],"picked":"EnergyFlow+1","floor":45},{"not_picked":["SprinkleStarSeal","GasGiant+1"],"picked":"Occultation+1","floor":48}],"player_experience":107147,"relics_obtained":[{"floor":6,"key":"FossilizedHelix"},{"floor":10,"key":"Sundial"},{"floor":23,"key":"BreadOfAWashokuLover"},{"floor":26,"key":"White Beast Statue"},{"floor":34,"key":"Happy Flower"},{"floor":34,"key":"HornCleat"},{"floor":34,"key":"Pocketwatch"},{"floor":38,"key":"Lizard Tail"},{"floor":43,"key":"Lantern"}],"event_choices":[{"damage_healed":0,"gold_gain":75,"player_choice":"Gold","damage_taken":11,"max_hp_gain":0,"max_hp_loss":0,"event_name":"betterThird:BetterGoop","floor":2,"gold_loss":0},{"damage_healed":0,"gold_gain":100,"player_choice":"Pray","damage_taken":0,"max_hp_gain":0,"max_hp_loss":0,"event_name":"Golden Shrine","floor":3,"gold_loss":0},{"damage_healed":0,"gold_gain":0,"player_choice":"Read","damage_taken":0,"max_hp_gain":0,"max_hp_loss":0,"event_name":"The Library","floor":19,"gold_loss":0,"cards_obtained":["PropBag"]},{"damage_healed":0,"gold_gain":0,"player_choice":"Fight","damage_taken":0,"max_hp_gain":0,"max_hp_loss":0,"event_name":"Mysterious Sphere","floor":38,"gold_loss":0},{"damage_healed":0,"gold_gain":0,"player_choice":"Ignored","damage_taken":0,"max_hp_gain":0,"max_hp_loss":0,"event_name":"OrinTheCat","floor":39,"gold_loss":0},{"damage_healed":74,"gold_gain":0,"player_choice":"Heal","damage_taken":0,"max_hp_gain":0,"max_hp_loss":11,"event_name":"The Moai Head","floor":41,"gold_loss":0},{"damage_healed":0,"gold_gain":0,"player_choice":"Memory 1","damage_taken":0,"max_hp_gain":0,"max_hp_loss":0,"event_name":"SensoryStone","floor":42,"gold_loss":0},{"damage_healed":19,"gold_gain":0,"player_choice":"Writhe","damage_taken":0,"max_hp_gain":0,"max_hp_loss":0,"event_name":"Winding Halls","floor":46,"gold_loss":0,"cards_obtained":["Writhe"]}],"is_beta":false,"boss_relics":[{"not_picked":["SacredBark","Snecko Eye"],"picked":"ExperimentalFamiliar"},{"not_picked":["Runic Pyramid","BewitchedHakkero"],"picked":"Calling Bell"}],"items_purged_floors":[],"is_endless":false,"potions_floor_spawned":[4,10,12,14,16,23,27,29,30,31,33,35,36,37,38,44,45,48],"killed_by":"Time Eater","ascension_level":0}}