{"host":"5m2js577gj4e7pak","time":1613314351,"event":{"mods":["AchievementEnabler","BaseMod","Better Match","Better Note","Better Third Choice","BetterRewards","Colored Map","Colored Powertips","Highlight Path","Infinite Spire","Lobotomy","LobotomyExtend","Minty Spire (QoL Compilation)","Quick Restart","Relic Filter","Relic Sorter","Remove Card Discount Mod","Shop Mod","Spicy Shops","StSLib"],"gold_per_floor":[114,126,124,134,134,167,167,222,222,222,222,247,247,266,266,397,397,397,397,397,417,410,410,410,410,492,525,525,568,583,622,622,743,743,759,772,271,295,310,310,330,355,380,418,441,485,541,541,541,541,541],"floor_reached":50,"language":"ENG","playtime":2403,"items_purged":["GreedKing"],"score":721,"play_id":"9f774442-6bd1-4ce0-96ef-5d5100b83406","local_time":"20210214155231","is_ascension_mode":true,"campfire_choices":[{"data":"CENSORED_ego","floor":32,"key":"SMITH"},{"data":"1","floor":49,"key":"LIFT"}],"circlet_count":0,"master_deck":["SpecialBullet","SpecialBullet","SpecialBullet","SpecialBullet","WelfareCode","SecurityCode","Gaze+1","ShyLook","RapturousDream+1","RedEyes+1","ScreamingWedge","BeautyBeast","PunishingBird","Hornet+1","BigBird","WallGazer","CENSORED_ego+1","TrainingCode","SingingMachine","Dramatic Entrance+1","Funeral","HereticApostle","BlackArmy"],"relics":["CogitoBucket","infinitespire:CursedDice","RabbitCall","LetterFromLob","Moonlight_r","Anchor","Molten Egg 2","infinitespire:Bottled Soul","Golden Idol","Busted Crown","Moonlight_r","Lee\u0027s Waffle","Coffee Dripper","WarpedTongs","Pear","infinitespire:ShieldingShard","Pen Nib","infinitespire:Lucky Rock","Happy Flower","Snecko Eye","Darkstone Periapt","PrismaticShard","infinitespire:Beetle Shell","Lantern","Bag of Marbles","Girya"],"acts_visited":["Exordium","TheCity","TheBeyond"],"potions_floor_usage":[14,30,30,38,38,42,50],"damage_taken":[{"damage":6,"enemies":"Cultist","floor":1,"turns":3},{"damage":5,"enemies":"2 Louse","floor":2,"turns":2},{"damage":11,"enemies":"Jaw Worm","floor":4,"turns":2},{"damage":18,"enemies":"Gremlin Nob","floor":6,"turns":5},{"damage":15,"enemies":"Gremlin Nob","floor":8,"turns":4},{"damage":18,"enemies":"Lagavulin","floor":12,"turns":3},{"damage":24,"enemies":"Looter","floor":14,"turns":8},{"damage":23,"enemies":"The Guardian","floor":16,"turns":6},{"damage":20,"enemies":"Spheric Guardian","floor":21,"turns":4},{"damage":19,"enemies":"2 Thieves","floor":22,"turns":4},{"damage":5,"enemies":"Gremlin Leader","floor":27,"turns":6},{"damage":36,"enemies":"Slavers","floor":29,"turns":8},{"damage":15,"enemies":"Cultist and Chosen","floor":30,"turns":6},{"damage":7,"enemies":"Book of Stabbing","floor":31,"turns":4},{"damage":130,"enemies":"Collector","floor":33,"turns":12},{"damage":0,"enemies":"Orb Walker","floor":35,"turns":2},{"damage":23,"enemies":"3 Darklings","floor":36,"turns":6},{"damage":125,"enemies":"Transient","floor":38,"turns":15},{"damage":52,"enemies":"4 Shapes","floor":39,"turns":4},{"damage":46,"enemies":"Spire Growth","floor":41,"turns":5},{"damage":0,"enemies":"Jaw Worm Horde","floor":42,"turns":3},{"damage":42,"enemies":"Nightmare","floor":44,"turns":6},{"damage":3,"enemies":"Sphere and 2 Shapes","floor":45,"turns":4},{"damage":22,"enemies":"Giant Head","floor":46,"turns":6},{"damage":6,"enemies":"2 Orb Walkers","floor":47,"turns":4},{"damage":157,"enemies":"FixerMidnight","floor":50,"turns":7}],"seed_played":"8726494424074466507","potions_obtained":[{"floor":2,"key":"SmokeBomb"},{"floor":8,"key":"Fire Potion"},{"floor":12,"key":"SmokeBomb"},{"floor":14,"key":"Ancient Potion"},{"floor":22,"key":"Explosive Potion"},{"floor":27,"key":"DuplicationPotion"},{"floor":29,"key":"AttackPotion"},{"floor":33,"key":"PowerPotion"},{"floor":36,"key":"Weak Potion"},{"floor":39,"key":"GamblersBrew"},{"floor":41,"key":"Explosive Potion"},{"floor":44,"key":"SmokeBomb"},{"floor":46,"key":"Fire Potion"}],"is_trial":false,"path_per_floor":["M","M","$","M","?","E","R","?","T","R","?","E","?","M","R","B",null,"M","AVR","?","M","M","R","?","?","T","E","R","E","M","E","R","B",null,"M","M","$","M","M","R","M","M","T","NM","M","E","?","?","R","B"],"character_chosen":"Angela","items_purchased":["Darkstone Periapt","Beak+1","PrismaticShard","Apotheosis","Dramatic Entrance+1"],"campfire_rested":0,"item_purchase_floors":[37,37,37,37,37],"current_hp_per_floor":[77,77,77,77,32,28,28,31,31,31,43,43,43,40,40,42,80,32,87,87,87,68,68,68,78,78,97,97,94,97,97,97,16,101,101,101,107,91,104,104,97,111,111,111,116,119,123,123,123,0,0],"gold":541,"neow_bonus":"TEN_PERCENT_HP_BONUS","is_daily":false,"chose_seed":false,"campfire_upgraded":1,"win_rate":0.0,"timestamp":1613314351,"path_taken":["M","?","$","M","?","E","R","?","T","R","?","E","?","M","R","BOSS","M","AVR","?","M","M","R","?","?","T","E","R","E","M","E","R","BOSS","M","M","$","M","M","R","M","M","T","NM","M","E","?","?","R","BOSS"],"items_purchased_type":["Relic","Card","Relic","Card","Card"],"build_version":"2020-12-22","purchased_purges":1,"victory":false,"max_hp_per_floor":[77,77,77,77,80,80,80,80,80,80,80,80,80,80,80,80,80,80,87,87,87,87,87,87,97,97,97,97,97,97,97,97,101,101,101,101,107,107,107,107,107,111,111,115,119,119,123,123,123,123,123],"card_choices":[{"not_picked":["Yin","Scorched"],"picked":"BeautyBeast","floor":1},{"not_picked":["Laetitia_ego"],"picked":"Gaze","floor":1},{"not_picked":["SpiderBud","Bloodbath"],"picked":"GreedKing","floor":2},{"not_picked":["Loneliness"],"picked":"WristCuter","floor":2},{"not_picked":["OldLady","CherryBlossoms"],"picked":"ShyLook","floor":4},{"not_picked":["CherryBlossom"],"picked":"RapturousDream","floor":4},{"not_picked":["Bloodbath","MHz"],"picked":"Wellcheers","floor":6},{"not_picked":["TodaysExpression"],"picked":"RedEyes","floor":6},{"not_picked":["Tough"],"picked":"ScreamingWedge","floor":8},{"not_picked":["Scarecrow","Scorched"],"picked":"BeautyBeast","floor":12},{"not_picked":["CherryBlossom","FourthMatchFlame+1"],"picked":"SKIP","floor":12},{"not_picked":["BlackArmy","VoidDream"],"picked":"PunishingBird","floor":14},{"not_picked":["Horn+1"],"picked":"Hornet+1","floor":14},{"not_picked":["Mimicry"],"picked":"Adoration","floor":16},{"not_picked":["NakedNest","WallGazer"],"picked":"BigBird","floor":21},{"not_picked":["Laetitia","Bloodbath"],"picked":"WallGazer","floor":22},{"not_picked":["MHz","SpiderBud"],"picked":"Woodsman","floor":29},{"not_picked":["Bloodbath","RedShoes"],"picked":"SingingMachine","floor":33},{"not_picked":["BodiesMountain","Mercenary"],"picked":"Funeral","floor":42},{"not_picked":["Scarecrow","RedShoes"],"picked":"WhiteNight","floor":44},{"not_picked":["LittleHelper","DreamingCurrent"],"picked":"BlackArmy","floor":45},{"not_picked":["VoidDream","BigBadWolf"],"picked":"DespairKnight","floor":47}],"player_experience":81012,"relics_obtained":[{"floor":1,"key":"LetterFromLob"},{"floor":6,"key":"infinitespire:CursedDice"},{"floor":8,"key":"Anchor"},{"floor":9,"key":"Molten Egg 2"},{"floor":12,"key":"infinitespire:Bottled Soul"},{"floor":26,"key":"infinitespire:ShieldingShard"},{"floor":27,"key":"Pen Nib"},{"floor":29,"key":"infinitespire:Lucky Rock"},{"floor":31,"key":"Happy Flower"},{"floor":43,"key":"infinitespire:Beetle Shell"},{"floor":44,"key":"Lantern"},{"floor":46,"key":"Bag of Marbles"},{"floor":47,"key":"Girya"}],"event_choices":[{"damage_healed":0,"gold_gain":30,"player_choice":"Searched \u00272\u0027 times","damage_taken":0,"max_hp_gain":0,"max_hp_loss":0,"event_name":"Dead Adventurer","floor":8,"gold_loss":0},{"damage_healed":0,"gold_gain":0,"player_choice":"Take Wound","damage_taken":0,"relics_obtained":["Golden Idol"],"max_hp_gain":0,"max_hp_loss":0,"event_name":"Golden Idol","floor":13,"gold_loss":0,"cards_obtained":["Injury"]},{"damage_healed":0,"gold_gain":0,"player_choice":"Rummage","damage_taken":0,"relics_obtained":["WarpedTongs"],"max_hp_gain":0,"max_hp_loss":0,"event_name":"Accursed Blacksmith","floor":20,"gold_loss":0,"cards_obtained":["Pain"]},{"cards_removed":["Adoration"],"damage_healed":0,"gold_gain":0,"player_choice":"Take \u0026 Give","damage_taken":0,"max_hp_gain":0,"max_hp_loss":0,"event_name":"betterNote:BetterNote","floor":24,"gold_loss":0,"cards_obtained":["CENSORED_ego"]},{"damage_healed":0,"gold_gain":0,"player_choice":"Gave Potion","damage_taken":0,"relics_obtained":["Pear"],"max_hp_gain":0,"max_hp_loss":0,"event_name":"WeMeetAgain","floor":25,"gold_loss":0},{"damage_healed":0,"gold_gain":0,"player_choice":"Fight","damage_taken":0,"max_hp_gain":0,"max_hp_loss":0,"event_name":"Mysterious Sphere","floor":47,"gold_loss":0},{"damage_healed":0,"gold_gain":0,"player_choice":"Memory 1","damage_taken":0,"max_hp_gain":0,"max_hp_loss":0,"event_name":"SensoryStone","floor":48,"gold_loss":0}],"is_beta":false,"boss_relics":[{"not_picked":["Ectoplasm","Astrolabe"],"picked":"Busted Crown"},{"not_picked":["SlaversCollar","Tiny House"],"picked":"Snecko Eye"}],"items_purged_floors":[3],"is_endless":true,"potions_floor_spawned":[2,8,12,14,22,27,29,33,36,39,41,44,46],"killed_by":"FixerMidnight","ascension_level":1}}