{"host":"nxma0dbhh74lxenq","time":1613313208,"event":{"mods":["Astrologer","BaseMod","Beaked The Cultist","CapriCore","Colored Map","DeckTracker","Gremlin Mod","Highlight Path","Koishi","Mad Scientist","Minty Spire (QoL Compilation)","StSLib","SuperFastMode","The Bladedancer","The Cursed","The Immortal","The Mystic","YoumuÅiç∞ÈÆódöÎÅj"],"gold_per_floor":[116,29,29,44,44,72,85,85,85,85,103,103,103],"floor_reached":12,"language":"JPN","playtime":295,"items_purged":[],"score":196,"play_id":"24b02dd4-d6a8-491d-bdc5-704d71939183","local_time":"20210214233328","is_ascension_mode":true,"campfire_choices":[{"data":"Koishi:HauntingSlash","floor":8,"key":"SMITH"},{"data":"Koishi:Catatonia","floor":10,"key":"SMITH"}],"circlet_count":0,"master_deck":["AscendersBane","Koishi:BasicStrike","Koishi:BasicStrike","Koishi:BasicStrike","Koishi:BasicDefend","Koishi:BasicDefend","Koishi:BasicDefend","Koishi:BasicDefend","Koishi:Provoke","Koishi:HauntingSlash+1","Koishi:SpiritedAway","Koishi:Catatonia+1","Koishi:PhantomBarrier","Koishi:Untouchable","Koishi:GeneticsOfTheUnconscious+1"],"relics":["Koishi:ImaginaryFriend","NeowsBlessing","Pear","Toxic Egg 2","Letter Opener"],"acts_visited":["Exordium"],"potions_floor_usage":[12],"damage_taken":[{"damage":0,"enemies":"Small Slimes","floor":1,"turns":1},{"damage":0,"enemies":"2 Louse","floor":4,"turns":1},{"damage":0,"enemies":"3 Sentries","floor":6,"turns":2},{"damage":1,"enemies":"Cultist","floor":7,"turns":5},{"damage":18,"enemies":"Large Slime","floor":11,"turns":7},{"damage":30,"enemies":"Gremlin Nob","floor":12,"turns":3}],"seed_played":"4339225123710917216","potions_obtained":[{"floor":1,"key":"GamblersBrew"},{"floor":6,"key":"GamblersBrew"},{"floor":11,"key":"SteroidPotion"}],"is_trial":false,"path_per_floor":["M","$","?","M","?","E","M","R","T","R","M","E"],"character_chosen":"KOISHI","items_purchased":["Koishi:Catatonia"],"campfire_rested":0,"item_purchase_floors":[2],"current_hp_per_floor":[51,51,43,43,36,36,38,38,38,38,20,0,0],"gold":103,"neow_bonus":"THREE_ENEMY_KILL","is_daily":false,"chose_seed":false,"campfire_upgraded":2,"win_rate":0.0,"timestamp":1613313208,"path_taken":["M","$","?","M","?","E","M","R","T","R","M","E"],"items_purchased_type":["Card"],"build_version":"2020-12-22","purchased_purges":0,"victory":false,"max_hp_per_floor":[57,57,67,67,67,67,67,67,67,67,67,67,67],"card_choices":[{"not_picked":["Koishi:Vanish","Koishi:ReflexRadar"],"picked":"Koishi:SpiritedAway","floor":1},{"not_picked":["Koishi:TraumaticStroke","Koishi:BloodcurdlingScream"],"picked":"Koishi:PhantomBarrier","floor":4},{"not_picked":["Koishi:Vanish+1","Koishi:FourthEye+1"],"picked":"Koishi:Untouchable","floor":6},{"not_picked":["Koishi:SpiritedAway","Koishi:UnconsciousUprising+1","Koishi:PhilosophyOfTheDespised+1"],"picked":"SKIP","floor":7},{"not_picked":["Koishi:HeartfeltFancy+1","Koishi:Catatonia"],"picked":"Koishi:GeneticsOfTheUnconscious+1","floor":11}],"player_experience":461859,"relics_obtained":[{"floor":6,"key":"Toxic Egg 2"},{"floor":9,"key":"Letter Opener"}],"event_choices":[{"damage_healed":0,"gold_gain":0,"player_choice":"Success","damage_taken":18,"relics_obtained":["Pear"],"max_hp_gain":0,"max_hp_loss":0,"event_name":"Scrap Ooze","floor":3,"gold_loss":0},{"cards_removed":["Koishi:BasicStrike"],"damage_healed":0,"gold_gain":0,"player_choice":"Card Removal","damage_taken":7,"max_hp_gain":0,"max_hp_loss":0,"event_name":"Golden Wing","floor":5,"gold_loss":0}],"is_beta":false,"boss_relics":[],"items_purged_floors":[],"is_endless":false,"potions_floor_spawned":[1,6,11],"killed_by":"Gremlin Nob","ascension_level":18}}