{"host":"Mercy","time":1613342046,"event":{"mods":["BaseMod","Downfall","Minty Spire (QoL Compilation)","Relic Stats","StSLib"],"gold_per_floor":[99,117,134,151,163,263,263,276,296,308,323,323,123,21,40,143,143,143,161,171,195,209,209,232,257,157,176,190,190,203,214,234,333,333,333,347,360,377,377,377,400,105,135,85,98,129,142,157,174,174,174,209,64,64,64,64],"floor_reached":57,"language":"ENG","playtime":2254,"items_purged":["bronze:BuggyMess"],"score":1672,"play_id":"7ed3f941-5d06-44f0-8977-a44c0777d0c9","local_time":"20210214143406","daily_mods":["SealedDeck","Vintage","Heirloom","Flight","DeadlyEvents"],"is_ascension_mode":true,"campfire_choices":[{"data":"bronze:Iterate","floor":1.0,"key":"SMITH"},{"floor":12,"key":"RECALL"},{"data":"bronze:Iterate","floor":13,"key":"SMITH"},{"data":"bronze:Iterate","floor":18,"key":"SMITH"},{"data":"1","floor":26,"key":"LIFT"},{"data":"2","floor":29,"key":"LIFT"},{"data":"3","floor":35,"key":"LIFT"},{"data":"bronze:Branch","floor":40,"key":"SMITH"},{"data":"bronze:Branch","floor":54,"key":"SMITH"}],"circlet_count":0,"master_deck":["bronze:Iterate+1","bronze:Repair+1","bronze:Branch+1","bronze:Iterate+1","bronze:FollowUp+1","bronze:Iterate+1","bronze:Branch+1","bronze:Iterate+1","bronze:Shield+1","bronze:Mutator+1","bronze:Branch+1","bronze:Shell+1"],"relics":["bronze:BronzeCore","Torii","Frozen Egg 2","HornCleat","Boot","Nunchaku","Pantograph","Girya","Akabeko","Smiling Mask","downfall:HeartBlessingRed","downfall:HeartBlessingBlue","StrikeDummy","Coffee Dripper","War Paint","bronze:BronzeIdol","bronze:CableSpool","MealTicket","PreservedInsect","StoneCalendar","downfall:HeartBlessingGreen","Slimebound:StickyStick","Turnip","champ:DuelingGlove","Centennial Puzzle","Coffee Dripper","TungstenRod","Bronze Scales","Lizard Tail","Oddly Smooth Stone","Thread and Needle","Strawberry","Kunai","Shuriken","Guardian:PocketSentry","Toxic Egg 2","Mercury Hourglass","bronze:ProtectiveGoggles","InkBottle","Shuriken","Whetstone"],"acts_visited":["Exordium","TheCity","TheBeyond","TheEnding"],"potions_floor_usage":[56,56],"damage_taken":[{"damage":0.0,"enemies":"2 Louse","floor":2.0,"turns":2.0},{"damage":0.0,"enemies":"Jaw Worm","floor":3.0,"turns":3.0},{"damage":0.0,"enemies":"Cultist","floor":4.0,"turns":2.0},{"damage":0.0,"enemies":"Gremlin Gang","floor":5.0,"turns":2.0},{"damage":1,"enemies":"downfall:Heads","floor":6,"turns":3},{"damage":0,"enemies":"Blue Slaver","floor":8,"turns":1},{"damage":0,"enemies":"Exordium Thugs","floor":9,"turns":2},{"damage":0,"enemies":"2 Fungi Beasts","floor":10,"turns":1},{"damage":0,"enemies":"Gremlin Gang","floor":11,"turns":1},{"damage":0,"enemies":"downfall:FleeingMerchant","floor":14,"turns":4},{"damage":0,"enemies":"Blue Slaver","floor":15,"turns":1},{"damage":0,"enemies":"DF_ARCHETYPE_STREAMLINE","floor":16,"turns":3},{"damage":0,"enemies":"3 Byrds","floor":19,"turns":2},{"damage":0,"enemies":"Shell Parasite","floor":20,"turns":1},{"damage":0,"enemies":"downfall:FleeingMerchant","floor":21,"turns":1},{"damage":0,"enemies":"Centurion and Healer","floor":22,"turns":2},{"damage":1,"enemies":"Slavers","floor":25,"turns":2},{"damage":0,"enemies":"Cultist and Chosen","floor":27,"turns":2},{"damage":0,"enemies":"Snecko","floor":28,"turns":2},{"damage":0,"enemies":"Shelled Parasite and Fungi","floor":30,"turns":2},{"damage":0,"enemies":"Snake Plant","floor":31,"turns":1},{"damage":0,"enemies":"Centurion and Healer","floor":32,"turns":2},{"damage":0,"enemies":"WA_ARCHETYPE_CALM","floor":33,"turns":3},{"damage":0,"enemies":"3 Darklings","floor":36,"turns":2},{"damage":4,"enemies":"3 Shapes","floor":37,"turns":1},{"damage":0,"enemies":"Transient","floor":38,"turns":5},{"damage":0,"enemies":"Nemesis","floor":43,"turns":1},{"damage":0,"enemies":"Writhing Mass","floor":45,"turns":1},{"damage":0,"enemies":"Reptomancer","floor":46,"turns":1},{"damage":0,"enemies":"3 Darklings","floor":47,"turns":1},{"damage":0,"enemies":"Spire Growth","floor":48,"turns":1},{"damage":0,"enemies":"Transient","floor":49,"turns":4},{"damage":0,"enemies":"IC_BLOCK_ARCHETYPE","floor":50,"turns":2},{"damage":0,"enemies":"downfall:CharBossMerchant","floor":52,"turns":2},{"damage":0,"enemies":"downfall:NeowBoss","floor":55,"turns":6},{"damage":0,"enemies":"downfall:NeowBossFinal","floor":56,"turns":3}],"seed_played":"2309834159991976483","potions_obtained":[{"floor":3.0,"key":"champ:CounterPotion"},{"floor":6,"key":"SteroidPotion"},{"floor":10,"key":"Weak Potion"},{"floor":11,"key":"Strength Potion"},{"floor":20,"key":"Strength Potion"}],"is_trial":true,"path_per_floor":["R","M","M","M","M","?","T","M","M","M","M","R","R","$","M","B",null,"R","M","M","$","M","?","T","E","R","M","M","R","M","M","M","B",null,"R","M","M","M","?","R","T","$","E","$","M","E","M","M","M","B",null,"E","$","R","B","B",null],"character_chosen":"THE_AUTOMATON","items_purchased":["bronze:ChildClass","bronze:Branch","bronze:BuggyMess","bronze:CableSpool","Thread and Needle","Whetstone"],"campfire_rested":0,"item_purchase_floors":[14,14,21,21,42,53],"current_hp_per_floor":[70,70,70,70,70,69,69,69,70,70,70,70,80,80,80,80,80,80,80,80,80,80,80,80,79,79,79,79,79,80,80,80,80,80,80,80,76,80,80,80,80,80,87,87,87,87,87,87,87,87,87,87,87,87,87,87],"gold":64,"neow_bonus":"","is_daily":false,"chose_seed":false,"campfire_upgraded":5,"win_rate":0.0,"timestamp":1613342046,"path_taken":["R","M","M","M","M","?","T","M","M","M","M","R","R","$","M","BOSS","R","M","M","$","M","?","T","E","R","M","M","R","M","M","M","BOSS","R","M","M","M","?","R","T","?","?","$","M","?","?","?","M","BOSS","E","$","R","BOSS","BOSS"],"items_purchased_type":["Card","Card","Card","Relic","Relic","Relic"],"build_version":"2020-12-18","purchased_purges":1,"victory":true,"max_hp_per_floor":[70,70,70,70,70,70,70,70,70,70,70,70,80,80,80,80,80,80,80,80,80,80,80,80,80,80,80,80,80,80,80,80,80,80,80,80,80,80,80,80,80,80,87,87,87,87,87,87,87,87,87,87,87,87,87,87],"relic_stats":{"Torii":3,"counters":[36,75],"StoneCalendar":[0],"PreservedInsect":246,"Whetstone":["bronze:FollowUp","bronze:Branch"],"War Paint":["bronze:Shield","bronze:Repair"],"Boot":[491],"Smiling Mask":25,"Mercury Hourglass":[36],"Nunchaku":[23],"Centennial Puzzle":[3],"Lizard Tail":0,"Shuriken":[27],"Pantograph":0,"Bronze Scales":[39],"MealTicket":0,"Turnip":[6],"Kunai":[20],"obtain_stats":[{"champ:DuelingGlove":31,"bronze:BronzeCore":0,"Torii":0,"StoneCalendar":25,"downfall:HeartBlessingGreen":26,"Whetstone":53,"Boot":4,"Smiling Mask":11,"bronze:CableSpool":21,"Nunchaku":5,"Centennial Puzzle":32,"Lizard Tail":38,"HornCleat":3,"downfall:HeartBlessingBlue":13,"Slimebound:StickyStick":27,"Pantograph":8,"Strawberry":43,"MealTicket":22,"Kunai":44,"Toxic Egg 2":46,"InkBottle":49,"Girya":9,"downfall:HeartBlessingRed":13,"Oddly Smooth Stone":41,"Thread and Needle":42,"PreservedInsect":24,"Guardian:PocketSentry":45,"Frozen Egg 2":2,"War Paint":19,"Akabeko":10,"bronze:BronzeIdol":20,"Mercury Hourglass":47,"bronze:ProtectiveGoggles":48,"Shuriken":44,"Bronze Scales":37,"Turnip":30,"Coffee Dripper":17,"StrikeDummy":15,"TungstenRod":36},{"champ:DuelingGlove":21,"bronze:BronzeCore":0,"Torii":0,"StoneCalendar":17,"downfall:HeartBlessingGreen":17,"Whetstone":34,"Boot":3,"Smiling Mask":9,"bronze:CableSpool":15,"Nunchaku":4,"Centennial Puzzle":22,"Lizard Tail":26,"HornCleat":2,"downfall:HeartBlessingBlue":9,"Slimebound:StickyStick":18,"Pantograph":6,"Strawberry":27,"MealTicket":16,"Kunai":27,"Toxic Egg 2":29,"InkBottle":32,"Girya":7,"downfall:HeartBlessingRed":9,"Oddly Smooth Stone":26,"Thread and Needle":26,"PreservedInsect":16,"Guardian:PocketSentry":28,"Frozen Egg 2":1,"War Paint":13,"Akabeko":8,"bronze:BronzeIdol":14,"Mercury Hourglass":30,"bronze:ProtectiveGoggles":31,"Shuriken":27,"Bronze Scales":25,"Turnip":20,"Coffee Dripper":12,"StrikeDummy":11,"TungstenRod":24},{"champ:DuelingGlove":40,"bronze:BronzeCore":0,"Torii":0,"StoneCalendar":33,"downfall:HeartBlessingGreen":33,"Whetstone":66,"Boot":7,"Smiling Mask":17,"bronze:CableSpool":29,"Nunchaku":9,"Centennial Puzzle":42,"Lizard Tail":53,"HornCleat":5,"downfall:HeartBlessingBlue":17,"Slimebound:StickyStick":35,"Pantograph":13,"Strawberry":54,"MealTicket":31,"Kunai":54,"Toxic Egg 2":56,"InkBottle":62,"Girya":15,"downfall:HeartBlessingRed":17,"Oddly Smooth Stone":53,"Thread and Needle":53,"PreservedInsect":31,"Guardian:PocketSentry":55,"Frozen Egg 2":2,"War Paint":27,"Akabeko":16,"bronze:BronzeIdol":28,"Mercury Hourglass":57,"bronze:ProtectiveGoggles":58,"Shuriken":54,"Bronze Scales":48,"Turnip":39,"Coffee Dripper":25,"StrikeDummy":22,"TungstenRod":47}],"TungstenRod":2,"InkBottle":[6]},"card_choices":[{"not_picked":["bronze:Backtrace","bronze:CutThrough"],"picked":"bronze:Mutator+1","floor":14},{"not_picked":["bronze:Overheat","bronze:Return","bronze:DelayedSlice"],"picked":"SKIP","floor":21},{"not_picked":["bronze:Invalidate","bronze:ForLoop","bronze:BugBarrage+1"],"picked":"SKIP","floor":25},{"not_picked":["bronze:Virus","bronze:Philosophize+1"],"picked":"bronze:Shell+1","floor":43},{"not_picked":["bronze:NullPointer+1","bronze:Iterate","bronze:Deprecate+1"],"picked":"SKIP","floor":46},{"not_picked":["bronze:Repair+1","bronze:Flail+1","bronze:NullPointer"],"picked":"SKIP","floor":52}],"player_experience":1498907,"relics_obtained":[{"floor":2.0,"key":"Frozen Egg 2"},{"floor":3.0,"key":"HornCleat"},{"floor":4.0,"key":"Boot"},{"floor":5.0,"key":"Nunchaku"},{"floor":8,"key":"Pantograph"},{"floor":9,"key":"Girya"},{"floor":10,"key":"Akabeko"},{"floor":11,"key":"Smiling Mask"},{"floor":15,"key":"StrikeDummy"},{"floor":19,"key":"War Paint"},{"floor":20,"key":"bronze:BronzeIdol"},{"floor":22,"key":"MealTicket"},{"floor":24,"key":"PreservedInsect"},{"floor":25,"key":"StoneCalendar"},{"floor":27,"key":"Slimebound:StickyStick"},{"floor":30,"key":"Turnip"},{"floor":31,"key":"champ:DuelingGlove"},{"floor":32,"key":"Centennial Puzzle"},{"floor":36,"key":"TungstenRod"},{"floor":37,"key":"Bronze Scales"},{"floor":38,"key":"Lizard Tail"},{"floor":41,"key":"Oddly Smooth Stone"},{"floor":43,"key":"Strawberry"},{"floor":45,"key":"Guardian:PocketSentry"},{"floor":46,"key":"Toxic Egg 2"},{"floor":47,"key":"Mercury Hourglass"},{"floor":48,"key":"bronze:ProtectiveGoggles"},{"floor":49,"key":"InkBottle"},{"floor":52,"key":"Shuriken"}],"event_choices":[{"cards_removed":["bronze:ChildClass"],"damage_healed":0,"gold_gain":0,"player_choice":"Removed Skill","damage_taken":0,"max_hp_gain":0,"max_hp_loss":0,"event_name":"Falling","floor":39,"gold_loss":0}],"is_beta":true,"boss_relics":[{"not_picked":["SlaversCollar","SacredBark","bronze:PlatinumCore"]},{"not_picked":["Runic Dome","expansioncontent:StudyCardRelic"],"picked":"Coffee Dripper"}],"items_purged_floors":[44],"is_endless":false,"potions_floor_spawned":[3,6,10,11,16,20,25,27,30,32,37,38,43,47],"ascension_level":1}}