{"host":"nsc6ozq3atyrdr3m","time":1613317071,"event":{"mods":["BaseMod","Colored Map","Minty Spire (QoL Compilation)"],"gold_per_floor":[112,112,130,150,79,79,112,187,210,242,242,12,12,12,12,113,113,128,148,164,164,84,84,84],"floor_reached":23,"language":"FRA","playtime":487,"items_purged":[],"score":236,"play_id":"eb6c5360-43dd-4899-9a73-9f278ae16d7a","local_time":"20210214163751","is_ascension_mode":true,"campfire_choices":[{"data":"Consume","floor":6,"key":"SMITH"},{"floor":11,"key":"REST"},{"floor":13,"key":"REST"},{"data":"Loop","floor":15,"key":"SMITH"}],"circlet_count":0,"master_deck":["Strike_B","Strike_B","Strike_B","Strike_B","Defend_B","Defend_B","Defend_B","Defend_B","Zap","Dualcast","Go for the Eyes","Leap","Chaos","Consume+1","Reboot","Thunder Strike","Loop+1","Buffer","Steam Power","Consume","Reinforced Body","Loop"],"relics":["Cracked Core","NeowsBlessing","Pen Nib","Akabeko","Pantograph","Runic Capacitor","Cursed Key"],"acts_visited":["Exordium","TheCity"],"potions_floor_usage":[19,20],"damage_taken":[{"damage":0,"enemies":"Jaw Worm","floor":1,"turns":1},{"damage":0,"enemies":"Cultist","floor":3,"turns":1},{"damage":0,"enemies":"Small Slimes","floor":4,"turns":1},{"damage":44,"enemies":"Gremlin Nob","floor":7,"turns":5},{"damage":14,"enemies":"Lagavulin","floor":10,"turns":8},{"damage":33,"enemies":"Slime Boss","floor":16,"turns":6},{"damage":23,"enemies":"Shell Parasite","floor":18,"turns":5},{"damage":6,"enemies":"3 Byrds","floor":19,"turns":4},{"damage":35,"enemies":"Shelled Parasite and Fungi","floor":20,"turns":6},{"damage":50,"enemies":"Slavers","floor":23,"turns":3}],"seed_played":"-4185209523372432189","potions_obtained":[{"floor":7,"key":"SkillPotion"},{"floor":10,"key":"Block Potion"},{"floor":16,"key":"FairyPotion"},{"floor":19,"key":"Block Potion"}],"is_trial":false,"path_per_floor":["M","?","M","M","$","R","E","?","T","E","R","$","R","$","R","B",null,"M","M","M","?","$","E"],"character_chosen":"DEFECT","items_purchased":["Consume","Loop","Runic Capacitor","Loop"],"campfire_rested":2,"item_purchase_floors":[5,12,12,22],"current_hp_per_floor":[75,75,75,75,75,75,31,20,20,6,28,28,50,50,50,42,75,52,46,11,11,11,0,0],"gold":84,"neow_bonus":"THREE_ENEMY_KILL","is_daily":false,"chose_seed":false,"campfire_upgraded":2,"win_rate":0.0,"timestamp":1613317071,"path_taken":["M","?","?","M","$","R","E","?","T","E","R","$","R","?","R","BOSS","M","M","M","?","$","E"],"items_purchased_type":["Card","Card","Relic","Card"],"build_version":"2020-12-22","purchased_purges":0,"victory":false,"max_hp_per_floor":[75,75,75,75,75,75,75,75,75,75,75,75,75,75,75,75,75,75,75,75,75,75,75,75],"card_choices":[{"not_picked":["Cold Snap","Stack"],"picked":"Go for the Eyes","floor":1},{"not_picked":["Rebound","Streamline"],"picked":"Leap","floor":3},{"not_picked":["Go for the Eyes","Gash"],"picked":"Chaos","floor":4},{"not_picked":["Rip and Tear","Sweeping Beam"],"picked":"Reboot","floor":7},{"not_picked":["Go for the Eyes","Stack"],"picked":"Thunder Strike","floor":10},{"not_picked":["Thunder Strike","Seek"],"picked":"Buffer","floor":16},{"not_picked":["Barrage","Stack"],"picked":"Steam Power","floor":18},{"not_picked":["Doom and Gloom","Gash+1"],"picked":"Consume","floor":19},{"not_picked":["Fusion","Stack"],"picked":"Reinforced Body","floor":20}],"player_experience":415076,"relics_obtained":[{"floor":7,"key":"Pen Nib"},{"floor":9,"key":"Akabeko"},{"floor":10,"key":"Pantograph"}],"event_choices":[{"damage_healed":0,"gold_gain":0,"player_choice":"Bought 0 Potions","damage_taken":0,"max_hp_gain":0,"max_hp_loss":0,"event_name":"The Woman in Blue","floor":2,"gold_loss":0},{"damage_healed":0,"gold_gain":75,"player_choice":"Gather Gold","damage_taken":11,"max_hp_gain":0,"max_hp_loss":0,"event_name":"World of Goop","floor":8,"gold_loss":0},{"damage_healed":0,"gold_gain":0,"player_choice":"Ignored","damage_taken":0,"max_hp_gain":0,"max_hp_loss":0,"event_name":"Ghosts","floor":21,"gold_loss":0}],"is_beta":false,"boss_relics":[{"not_picked":["Fusion Hammer","Coffee Dripper"],"picked":"Cursed Key"}],"items_purged_floors":[],"is_endless":false,"potions_floor_spawned":[7,10,16,19],"killed_by":"Slavers","ascension_level":4}}