{"host":"ydg0vn0pu4pubmdt","time":1613335961,"event":{"mods":["AchievementEnabler","BaseMod","Colored Map","Gold Saver","Minty Spire (QoL Compilation)","Quick Restart","SuperFastMode"],"gold_per_floor":[14,30,30,43,118,118,145,16,41,55,80,80,97,111,111,111,111],"floor_reached":16,"language":"KOR","playtime":381,"items_purged":["Strike_G"],"score":274,"play_id":"13642dcd-7402-4e01-8db3-4fe0b0cda072","local_time":"20210215055241","is_ascension_mode":true,"campfire_choices":[{"data":"Blade Dance","floor":6.0,"key":"SMITH"},{"floor":12.0,"key":"REST"},{"data":"Neutralize","floor":15.0,"key":"SMITH"}],"circlet_count":0,"master_deck":["AscendersBane","Strike_G","Strike_G","Strike_G","Strike_G","Defend_G","Defend_G","Defend_G","Defend_G","Defend_G","Survivor","Neutralize+1","A Thousand Cuts+1","Blade Dance+1","Prepared","Calculated Gamble","Die Die Die","Blade Dance","Eviscerate","Tactician"],"relics":["Ring of the Snake","Potion Belt","Centennial Puzzle","Nunchaku"],"acts_visited":["Exordium"],"potions_floor_usage":[16],"damage_taken":[{"damage":1.0,"enemies":"Cultist","floor":1.0,"turns":5.0},{"damage":2.0,"enemies":"2 Louse","floor":2.0,"turns":3.0},{"damage":4.0,"enemies":"Jaw Worm","floor":4.0,"turns":3.0},{"damage":17.0,"enemies":"Lagavulin","floor":7.0,"turns":6.0},{"damage":0.0,"enemies":"Looter","floor":10.0,"turns":2.0},{"damage":0.0,"enemies":"Gremlin Nob","floor":11.0,"turns":2.0},{"damage":9.0,"enemies":"Red Slaver","floor":13.0,"turns":2.0},{"damage":0.0,"enemies":"Blue Slaver","floor":14.0,"turns":3.0},{"damage":36,"enemies":"The Guardian","floor":16,"turns":10}],"seed_played":"-3658049577198582699","potions_obtained":[{"floor":1.0,"key":"PowerPotion"},{"floor":4.0,"key":"Fire Potion"},{"floor":7.0,"key":"DuplicationPotion"},{"floor":10.0,"key":"LiquidBronze"}],"is_trial":false,"path_per_floor":["M","M","?","M","?","R","E","$","T","M","E","R","M","M","R","B"],"character_chosen":"THE_SILENT","items_purchased":["Blade Dance"],"campfire_rested":1,"item_purchase_floors":[8],"current_hp_per_floor":[58,56,56,52,41,41,24,24,24,24,24,43,34,34,34,0,0],"gold":111,"neow_bonus":"THREE_RARE_CARDS","is_daily":false,"chose_seed":false,"campfire_upgraded":2,"win_rate":0.0,"timestamp":1613335961,"path_taken":["M","?","?","M","?","R","E","$","T","M","E","R","M","M","R","BOSS"],"items_purchased_type":["Card"],"build_version":"2020-12-22","purchased_purges":1,"victory":false,"max_hp_per_floor":[66,66,66,66,66,66,66,66,66,66,66,66,66,66,66,66,66],"card_choices":[{"not_picked":["Venomology","Burst"],"picked":"A Thousand Cuts","floor":0.0},{"not_picked":["Accuracy","Blur"],"picked":"Blade Dance","floor":1.0},{"not_picked":["Quick Slash","Caltrops"],"picked":"Prepared","floor":2.0},{"not_picked":["PiercingWail","Dagger Throw"],"picked":"Calculated Gamble","floor":4.0},{"not_picked":["Outmaneuver","Dash"],"picked":"Die Die Die","floor":7.0},{"not_picked":["Sucker Punch","Underhanded Strike"],"picked":"Eviscerate","floor":10.0},{"not_picked":["Setup","Bouncing Flask","Dodge and Roll"],"picked":"SKIP","floor":11.0},{"not_picked":["Backstab","Blade Dance"],"picked":"Tactician","floor":13.0},{"not_picked":["Dash","Catalyst","All Out Attack"],"picked":"SKIP","floor":14.0}],"player_experience":558258,"relics_obtained":[{"floor":7.0,"key":"Potion Belt"},{"floor":9.0,"key":"Centennial Puzzle"},{"floor":11.0,"key":"Nunchaku"}],"event_choices":[{"damage_healed":0.0,"max_hp_gain":0.0,"max_hp_loss":0.0,"gold_gain":0.0,"event_name":"Living Wall","player_choice":"Grow","floor":3.0,"gold_loss":0.0,"damage_taken":0.0,"cards_upgraded":["A Thousand Cuts"]},{"damage_healed":0.0,"max_hp_gain":0.0,"max_hp_loss":0.0,"gold_gain":75.0,"event_name":"World of Goop","player_choice":"Gather Gold","floor":5.0,"gold_loss":0.0,"damage_taken":11.0}],"is_beta":false,"boss_relics":[],"items_purged_floors":[8],"is_endless":false,"potions_floor_spawned":[1,4,7,10],"killed_by":"The Guardian","ascension_level":20}}