{"host":"cvi30shpqg1ukvbr","time":1613270671,"event":{"mods":["Act Like it!","BaseMod","Better Altar","Better Match","Better Note","Better Sensory Stone","Better Skull","Better Third Choice","Conspire","GifTheSpireLib","Hubris","Infinite Spire","Minty Spire (QoL Compilation)","Relic Stats","Replay The Spire","Shop Mod","Spicy Shops","StSLib","Stuff the Spire"],"gold_per_floor":[109,65,85,96,114,149,149,163,163,190,219,262,279,297,297,405,405,434,129,157,157,182,218,71,99,99,140,171,229,257,306,306,431,431,459,489,516,84,84,84,125,125,152,164,189,258,286,325,337,349],"floor_reached":51,"language":"ENG","playtime":3121,"items_purged":["Shame"],"score":1032,"play_id":"f2f29f61-9a31-402c-8a70-1e60bac3685e","local_time":"20210214114431","is_ascension_mode":true,"campfire_choices":[{"data":"Uppercut","floor":15.0,"key":"SMITH"},{"data":"Armaments","floor":32.0,"key":"SMITH"},{"data":"Double Tap","floor":32.0,"key":"SMITH"},{"data":"Berserk","floor":40.0,"key":"SMITH"},{"data":"Double Tap","floor":40.0,"key":"SMITH"},{"data":"Rampage","floor":42.0,"key":"SMITH"},{"data":"Rampage+1","floor":42.0,"key":"SMITH"},{"floor":49,"key":"REST"}],"circlet_count":0,"master_deck":["Strike_R","Strike_R","Strike_R","Strike_R","Defend_R","Defend_R","Defend_R","Defend_R","Bash","ReplayTheSpireMod:Uncanny Aura","Metallicize","Rampage+2","Wild Strike","Flex","Uppercut+1","StuffTheSpire:Slingshot","Hemokinesis","Ghostly Armor","Reckless Charge","Flame Barrier","Headbutt","Metallicize","Double Tap+1","Wild Strike","Reckless Charge","StuffTheSpire:Pyroclast","Armaments+1","Immolate+1","Iron Wave+1","Double Tap+1","StuffTheSpire:Incineration","Headbutt","Iron Wave","Bloodletting+1","Immolate","Berserk+1","Flex","Flex+1","Flex+1","Feel No Pain","StuffTheSpire:BloodClot+1","StuffTheSpire:BrainWave","Heavy Blade","ReplayTheSpireMod:Splinters","Wild Strike+1","Flame Barrier+1"],"relics":["Burning Blood","betterThird:SlimedRelic","infinitespire:Lucky Rock","Self Forming Clay","ReplayTheSpireMod:Ninjato","infinitespire:Burning Sword","conspire:GlowingRock","Replay:Arrowhead","MealTicket","Regal Pillow","King of Hearts","conspire:InfiniteJournal","ReplayFunnel","conspire:SpecialSausage","Replay:WaspNest","StuffTheSpire:OldFever","hubris:Metronome","MawBank","hubris:CuriousFeather"],"acts_visited":["Exordium","TheCity","TheBeyond"],"potions_floor_usage":[48,50,50],"damage_taken":[{"damage":1.0,"enemies":"conspire:RoseBush","floor":1.0,"turns":3.0},{"damage":5.0,"enemies":"Small Slimes","floor":3.0,"turns":5.0},{"damage":3.0,"enemies":"Cultist","floor":4.0,"turns":3.0},{"damage":7.0,"enemies":"3 Louse","floor":5.0,"turns":5.0},{"damage":30.0,"enemies":"Gremlin Nob","floor":6.0,"turns":6.0},{"damage":7.0,"enemies":"conspire:2 RoseBushes","floor":8.0,"turns":8.0},{"damage":2.0,"enemies":"3 Sentries","floor":10.0,"turns":9.0},{"damage":16.0,"enemies":"Exordium Thugs","floor":11.0,"turns":5.0},{"damage":8.0,"enemies":"Lagavulin","floor":12.0,"turns":7.0},{"damage":7.0,"enemies":"2 Fungi Beasts","floor":13.0,"turns":4.0},{"damage":3.0,"enemies":"Exordium Wildlife","floor":14.0,"turns":2.0},{"damage":31.0,"enemies":"Slime Boss","floor":16.0,"turns":15.0},{"damage":6.0,"enemies":"3 Byrds","floor":18.0,"turns":5.0},{"damage":23.0,"enemies":"conspire:FuzzyDice","floor":20.0,"turns":5.0},{"damage":2.0,"enemies":"conspire:HollyBat","floor":22.0,"turns":10.0},{"damage":14.0,"enemies":"Slavers","floor":23.0,"turns":2.0},{"damage":0.0,"enemies":"Chosen and Byrds","floor":25.0,"turns":3.0},{"damage":0.0,"enemies":"conspire:Head Lice","floor":27.0,"turns":8.0},{"damage":11.0,"enemies":"Shelled Parasite and Fungi","floor":28.0,"turns":4.0},{"damage":4.0,"enemies":"Gremlin Leader","floor":29.0,"turns":3.0},{"damage":6.0,"enemies":"Centurion and Healer","floor":30.0,"turns":2.0},{"damage":3.0,"enemies":"conspire:Head Lice","floor":31.0,"turns":2.0},{"damage":20.0,"enemies":"Collector","floor":33.0,"turns":9.0},{"damage":0.0,"enemies":"3 Darklings","floor":35.0,"turns":2.0},{"damage":5.0,"enemies":"Orb Walker","floor":36.0,"turns":2.0},{"damage":24.0,"enemies":"Maw","floor":37.0,"turns":8.0},{"damage":10.0,"enemies":"Giant Head","floor":41.0,"turns":6.0},{"damage":5.0,"enemies":"Spire Growth","floor":45.0,"turns":2.0},{"damage":9.0,"enemies":"4 Shapes","floor":47.0,"turns":7.0},{"damage":8,"enemies":"Nemesis","floor":48,"turns":3},{"damage":41,"enemies":"hubris:GrandSnecko","floor":50,"turns":11}],"seed_played":"8761871260108967754","potions_obtained":[{"floor":1.0,"key":"LiquidMemories"},{"floor":6.0,"key":"HeartOfIron"},{"floor":10.0,"key":"Flashbang"},{"floor":11.0,"key":"Elixir"},{"floor":12.0,"key":"Energy Potion"},{"floor":14.0,"key":"infinitespire:BlackPotion"},{"floor":23.0,"key":"SkillPotion"},{"floor":25.0,"key":"Explosive Potion"},{"floor":35.0,"key":"Elixir"},{"floor":41.0,"key":"infinitespire:BlackPotion"},{"floor":45.0,"key":"Explosive Potion"},{"floor":46.0,"key":"LiquidBronze"}],"is_trial":false,"path_per_floor":["M","?","M","M","M","E","?","M","T","E","M","E","M","M","R","B",null,"M","$","M","?","M","E","$","M","T","E","M","E","M","E","R","B",null,"M","M","M","$","?","R","E","R","T","?","M","?","M","E","R","B",null],"character_chosen":"IRONCLAD","items_purchased":["conspire:GlowingRock","Reckless Charge","StuffTheSpire:Pyroclast","MealTicket","Replay:WaspNest","Feel No Pain","StuffTheSpire:OldFever"],"campfire_rested":1,"item_purchase_floors":[19,19,19,24,38,38,38],"current_hp_per_floor":[80,69,70,73,72,48,48,47,47,51,41,39,38,41,41,16,80,80,80,63,63,67,59,59,65,65,71,66,68,68,71,71,57,80,80,80,62,77,57,57,53,53,53,53,54,54,51,49,80,45],"gold":361,"neow_bonus":"RANDOM_COLORLESS","is_daily":false,"chose_seed":false,"campfire_upgraded":7,"win_rate":0.0,"timestamp":1613270671,"path_taken":["M","?","M","M","M","E","?","M","T","E","?","E","M","M","R","BOSS","M","$","M","?","M","E","?","M","T","E","M","E","?","E","R","BOSS","M","M","M","$","?","R","E","R","T","?","M","?","M","E","R","BOSS"],"items_purchased_type":["Relic","Card","Card","Relic","Relic","Card","Relic"],"build_version":"2020-12-22","purchased_purges":1,"victory":true,"max_hp_per_floor":[80,80,80,80,80,80,80,80,80,80,80,80,80,80,80,80,80,80,80,80,80,80,80,80,80,80,80,80,80,80,80,80,80,80,80,80,80,80,80,80,80,80,80,80,80,80,80,80,80,80],"relic_stats":{"Regal Pillow":7,"counters":[31,166],"Self Forming Clay":[177],"MealTicket":15,"MawBank":96,"obtain_stats":[{"ReplayFunnel":31,"Regal Pillow":26,"hubris:Metronome":41,"ReplayTheSpireMod:Ninjato":12,"Self Forming Clay":9,"conspire:SpecialSausage":34,"King of Hearts":27,"Replay:WaspNest":38,"infinitespire:Lucky Rock":6,"MawBank":43,"Burning Blood":0,"Replay:Arrowhead":23,"conspire:InfiniteJournal":29,"Replay:Bandana":10,"conspire:GlowingRock":19,"betterThird:SlimedRelic":2,"MealTicket":24,"hubris:CuriousFeather":48,"infinitespire:Burning Sword":17,"StuffTheSpire:OldFever":38},{"ReplayFunnel":22,"Regal Pillow":17,"hubris:Metronome":27,"ReplayTheSpireMod:Ninjato":9,"Self Forming Clay":6,"conspire:SpecialSausage":23,"King of Hearts":18,"Replay:WaspNest":26,"infinitespire:Lucky Rock":5,"MawBank":27,"Burning Blood":0,"Replay:Arrowhead":16,"conspire:InfiniteJournal":20,"Replay:Bandana":7,"conspire:GlowingRock":13,"betterThird:SlimedRelic":1,"MealTicket":16,"hubris:CuriousFeather":30,"infinitespire:Burning Sword":12,"StuffTheSpire:OldFever":26},{"ReplayFunnel":116,"Regal Pillow":97,"hubris:Metronome":143,"ReplayTheSpireMod:Ninjato":51,"Self Forming Clay":30,"conspire:SpecialSausage":125,"King of Hearts":105,"Replay:WaspNest":137,"infinitespire:Lucky Rock":22,"MawBank":143,"Burning Blood":0,"Replay:Arrowhead":94,"conspire:InfiniteJournal":112,"Replay:Bandana":39,"conspire:GlowingRock":77,"betterThird:SlimedRelic":3,"MealTicket":94,"hubris:CuriousFeather":155,"infinitespire:Burning Sword":72,"StuffTheSpire:OldFever":137}],"Burning Blood":174},"card_choices":[{"not_picked":["Deep Breath","Replay:Sssssssssshield"],"picked":"ReplayTheSpireMod:Uncanny Aura","floor":0.0},{"not_picked":["Second Wind","Hemokinesis"],"picked":"Metallicize","floor":1.0},{"not_picked":["Sword Boomerang","hubris:CleavingFinish"],"picked":"Rampage","floor":3.0},{"not_picked":["Combust","StuffTheSpire:RagingBull"],"picked":"Wild Strike","floor":4.0},{"not_picked":["Havoc","Replay:Undeath\u0027s Touch"],"picked":"Flex","floor":5.0},{"not_picked":["StuffTheSpire:Incineration","ReplayTheSpireMod:Strike From Hell"],"picked":"Uppercut","floor":6.0},{"not_picked":["Pommel Strike","Cleave"],"picked":"Hemokinesis","floor":8.0},{"not_picked":["Thunderclap","Pummel"],"picked":"Ghostly Armor","floor":10.0},{"not_picked":["ReplayTheSpireMod:Strike From Hell","Twin Strike"],"picked":"Reckless Charge","floor":11.0},{"not_picked":["Havoc","Anger"],"picked":"Flame Barrier","floor":12.0},{"not_picked":["ReplayTheSpireMod:Muscle Training","Rampage"],"picked":"Headbutt","floor":13.0},{"not_picked":["Perfected Strike","Twin Strike"],"picked":"Metallicize","floor":14.0},{"not_picked":["conspire:HitWhereItHurts","hubris:StunningStrike"],"picked":"Double Tap","floor":16.0},{"not_picked":["ReplayTheSpireMod:Muscle Training","Replay:Undeath\u0027s Touch"],"picked":"Wild Strike","floor":18.0},{"not_picked":["Combust","hubris:ReadiedAction+1"],"picked":"Armaments","floor":20.0},{"not_picked":["Run Through","infinitespire:OneForAll"],"picked":"Iron Wave+1","floor":22.0},{"not_picked":["Clash","Thunderclap"],"picked":"Double Tap","floor":23.0},{"not_picked":["conspire:ExplosiveBarrier","hubris:ReadiedAction"],"picked":"StuffTheSpire:Incineration","floor":25.0},{"not_picked":["Wild Strike","Flex+1"],"picked":"Headbutt","floor":27.0},{"not_picked":["Twin Strike","Perfected Strike"],"picked":"Iron Wave","floor":28.0},{"not_picked":["Shrug It Off","Twin Strike+1"],"picked":"Bloodletting+1","floor":29.0},{"not_picked":["Thunderclap","Sword Boomerang","StuffTheSpire:Slingshot"],"picked":"SKIP","floor":30.0},{"not_picked":["Wild Strike+1","infinitespire:OneForAll"],"picked":"Immolate","floor":31.0},{"not_picked":["Reaper","Juggernaut"],"picked":"Berserk","floor":33.0},{"not_picked":["Clash","Havoc"],"picked":"Flex","floor":35.0},{"not_picked":["Sever Soul+1","StuffTheSpire:RockThrow"],"picked":"Flex+1","floor":36.0},{"not_picked":["Replay:Undeath\u0027s Touch+1","Thunderclap"],"picked":"Flex+1","floor":37.0},{"not_picked":["Offering","Clash+1"],"picked":"StuffTheSpire:BloodClot+1","floor":41.0},{"not_picked":["StuffTheSpire:Brawn","StuffTheSpire:Perfection"],"picked":"StuffTheSpire:BrainWave","floor":44.0},{"not_picked":["Sword Boomerang+1","ReplayTheSpireMod:Strike From Hell"],"picked":"Heavy Blade","floor":45.0},{"not_picked":["Run Through+1","StuffTheSpire:Slingshot+1"],"picked":"Wild Strike+1","floor":47.0},{"not_picked":["Infernal Blade","Thunderclap"],"picked":"Flame Barrier+1","floor":48}],"player_experience":1837244,"relics_obtained":[{"floor":6.0,"key":"infinitespire:Lucky Rock"},{"floor":9.0,"key":"Self Forming Clay"},{"floor":10.0,"key":"Replay:Bandana"},{"floor":12.0,"key":"ReplayTheSpireMod:Ninjato"},{"floor":23.0,"key":"Replay:Arrowhead"},{"floor":26.0,"key":"Regal Pillow"},{"floor":27.0,"key":"King of Hearts"},{"floor":29.0,"key":"conspire:InfiniteJournal"},{"floor":31.0,"key":"ReplayFunnel"},{"floor":41.0,"key":"hubris:Metronome"},{"floor":43.0,"key":"MawBank"},{"floor":48,"key":"hubris:CuriousFeather"}],"event_choices":[{"damage_healed":0.0,"max_hp_gain":0.0,"max_hp_loss":0.0,"gold_gain":0.0,"event_name":"betterThird:BetterGoop","player_choice":"Slimed","floor":2.0,"gold_loss":44.0,"damage_taken":11.0},{"damage_healed":0.0,"max_hp_gain":0.0,"max_hp_loss":0.0,"gold_gain":0.0,"cards_transformed":["Strike_R"],"event_name":"Transmorgrifier","player_choice":"Transformed","floor":7.0,"gold_loss":0.0,"damage_taken":0.0,"cards_obtained":["StuffTheSpire:Slingshot"]},{"cards_removed":["Uppercut"],"damage_healed":0.0,"max_hp_gain":0.0,"max_hp_loss":0.0,"gold_gain":0.0,"event_name":"betterNote:BetterNote","player_choice":"Take \u0026 Give","floor":21.0,"gold_loss":0.0,"damage_taken":0.0,"cards_obtained":["Immolate"]}],"is_beta":false,"boss_relics":[{"not_picked":["Kintsugi","Runic Cube"],"picked":"infinitespire:Burning Sword"},{"not_picked":["Replay:Drink Me","hubris:Stopwatch"],"picked":"conspire:SpecialSausage"}],"items_purged_floors":[19],"is_endless":false,"potions_floor_spawned":[1,6,10,11,12,14,16,20,23,25,35,41,45],"ascension_level":1}}