{"host":"ow66nzv2xecjoor3","time":1613334783,"event":{"mods":["BaseMod","Bestiary","Block Reminder","Colored Powertips","Curses Come First","Highlight Path","Keyboard Shortcuts","Minty Spire (QoL Compilation)","Permanent Neow","Relic Stats","StSLib","UnlockEverythingMod"],"gold_per_floor":[111,121,132,19,94,125,125,154,154,186,200,70,105,122,122,199,199,215,225,225,237,255,281,281,281],"floor_reached":24,"language":"ENG","playtime":1361,"items_purged":["Strike_R"],"score":496,"play_id":"e48dd1dd-7f6e-4b31-9b37-03441d612e04","local_time":"20210214143303","is_ascension_mode":true,"campfire_choices":[{"data":"Rupture","floor":7.0,"key":"SMITH"},{"data":"Double Tap","floor":15.0,"key":"SMITH"}],"circlet_count":0,"master_deck":["AscendersBane","Strike_R","Strike_R","Strike_R","Strike_R","Defend_R","Defend_R","Defend_R","Defend_R","Bash","Twin Strike","Clothesline","Brutality","Shrug It Off","Rupture+1","Reaper","Blood for Blood","Burning Pact","Double Tap+1","Bloodletting","Feed","Hemokinesis","Dual Wield","Shrug It Off","Flame Barrier"],"relics":["Velvet Choker","Ancient Tea Set","Matryoshka","Mercury Hourglass","Happy Flower","Juzu Bracelet","Runic Cube","Singing Bowl"],"acts_visited":["Exordium","TheCity"],"potions_floor_usage":[23,23],"damage_taken":[{"damage":1.0,"enemies":"Cultist","floor":1.0,"turns":3.0},{"damage":7.0,"enemies":"2 Louse","floor":2.0,"turns":3.0},{"damage":4.0,"enemies":"Jaw Worm","floor":3.0,"turns":3.0},{"damage":27.0,"enemies":"Gremlin Nob","floor":6.0,"turns":4.0},{"damage":10.0,"enemies":"3 Sentries","floor":8.0,"turns":6.0},{"damage":10.0,"enemies":"Lagavulin","floor":10.0,"turns":6.0},{"damage":7.0,"enemies":"3 Louse","floor":11.0,"turns":4.0},{"damage":17.0,"enemies":"3 Sentries","floor":13.0,"turns":7.0},{"damage":3.0,"enemies":"Looter","floor":14.0,"turns":3.0},{"damage":25.0,"enemies":"Hexaghost","floor":16.0,"turns":8.0},{"damage":16.0,"enemies":"3 Byrds","floor":18.0,"turns":4.0},{"damage":25.0,"enemies":"Shell Parasite","floor":19.0,"turns":3.0},{"damage":26,"enemies":"Centurion and Healer","floor":21,"turns":6},{"damage":29,"enemies":"Snake Plant","floor":22,"turns":4},{"damage":41,"enemies":"Book of Stabbing","floor":23,"turns":4},{"damage":36,"enemies":"Snecko","floor":24,"turns":5}],"seed_played":"-7255801529337276434","potions_obtained":[{"floor":2.0,"key":"HeartOfIron"},{"floor":3.0,"key":"Fire Potion"},{"floor":14.0,"key":"LiquidMemories"},{"floor":18.0,"key":"PowerPotion"},{"floor":21,"key":"AttackPotion"}],"is_trial":false,"path_per_floor":["M","M","M","$","?","E","R","E","T","E","M","$","E","M","R","B",null,"M","M","?","M","M","E","M"],"character_chosen":"IRONCLAD","items_purchased":["Shrug It Off","Rupture","BloodPotion"],"campfire_rested":0,"item_purchase_floors":[4,4,12],"current_hp_per_floor":[67,60,56,56,45,18,18,20,20,22,19,19,31,34,34,45,68,60,38,38,73,59,24,0,0],"gold":281,"neow_bonus":"BOSS_RELIC","is_daily":false,"chose_seed":false,"campfire_upgraded":2,"win_rate":0.0,"timestamp":1613334783,"path_taken":["M","?","?","$","?","E","R","E","T","E","M","$","E","M","R","BOSS","M","M","?","M","M","E","M"],"items_purchased_type":["Card","Card","Potion"],"build_version":"2020-12-22","purchased_purges":1,"victory":false,"max_hp_per_floor":[75,75,75,75,75,75,75,75,75,75,75,75,75,75,75,75,75,75,78,78,78,78,78,78,78],"relic_stats":{"Happy Flower":[16],"Singing Bowl":0,"counters":[16,72],"Juzu Bracelet":0,"obtain_stats":[{"Matryoshka":8,"Happy Flower":10,"Singing Bowl":23,"Velvet Choker":0,"Juzu Bracelet":13,"Ancient Tea Set":6,"Burning Blood":0,"Mercury Hourglass":9,"Runic Cube":17},{"Matryoshka":5,"Happy Flower":6,"Singing Bowl":15,"Velvet Choker":0,"Juzu Bracelet":8,"Ancient Tea Set":4,"Burning Blood":0,"Mercury Hourglass":5,"Runic Cube":10},{"Matryoshka":19,"Happy Flower":25,"Singing Bowl":67,"Velvet Choker":0,"Juzu Bracelet":35,"Ancient Tea Set":13,"Burning Blood":0,"Mercury Hourglass":19,"Runic Cube":46}],"Mercury Hourglass":[199],"Runic Cube":[39]},"card_choices":[{"not_picked":["Sword Boomerang","Thunderclap"],"picked":"Twin Strike","floor":1.0},{"not_picked":["Flex","Hemokinesis"],"picked":"Clothesline","floor":2.0},{"not_picked":["Anger","Thunderclap"],"picked":"Brutality","floor":3.0},{"not_picked":["True Grit","Wild Strike"],"picked":"Reaper","floor":6.0},{"not_picked":["Entrench","Body Slam"],"picked":"Blood for Blood","floor":8.0},{"not_picked":["Clash","Armaments","Sentinel"],"picked":"SKIP","floor":10.0},{"not_picked":["Pommel Strike","Seeing Red"],"picked":"Burning Pact","floor":11.0},{"not_picked":["Exhume","Iron Wave"],"picked":"Double Tap","floor":13.0},{"not_picked":["Clash","Wild Strike"],"picked":"Bloodletting","floor":14.0},{"not_picked":["Juggernaut","Reaper"],"picked":"Feed","floor":16.0},{"not_picked":["Iron Wave+1","Twin Strike"],"picked":"Hemokinesis","floor":18.0},{"not_picked":["Headbutt","Cleave","Perfected Strike+1"],"picked":"SKIP","floor":19.0},{"not_picked":["Body Slam","Havoc+1","Dropkick"],"picked":"SKIP","floor":21},{"not_picked":["Sword Boomerang","Perfected Strike"],"picked":"Shrug It Off","floor":22},{"not_picked":["Shrug It Off","Juggernaut"],"picked":"Flame Barrier","floor":23}],"player_experience":2862877,"relics_obtained":[{"floor":6.0,"key":"Ancient Tea Set"},{"floor":8.0,"key":"Matryoshka"},{"floor":9.0,"key":"Mercury Hourglass"},{"floor":10.0,"key":"Happy Flower"},{"floor":13.0,"key":"Juzu Bracelet"},{"floor":23,"key":"Singing Bowl"}],"event_choices":[{"damage_healed":0.0,"max_hp_gain":0.0,"max_hp_loss":0.0,"gold_gain":75.0,"event_name":"World of Goop","player_choice":"Gather Gold","floor":5.0,"gold_loss":0.0,"damage_taken":11.0},{"damage_healed":0.0,"max_hp_gain":0.0,"max_hp_loss":0.0,"gold_gain":0.0,"event_name":"The Library","player_choice":"Read","floor":20.0,"gold_loss":0.0,"damage_taken":0.0,"cards_obtained":["Dual Wield"]}],"is_beta":false,"boss_relics":[{"not_picked":["Coffee Dripper","Runic Dome"],"picked":"Runic Cube"}],"items_purged_floors":[12],"is_endless":false,"potions_floor_spawned":[2,3,6,14,18,21,22],"killed_by":"Snecko","ascension_level":20}}