{"host":"cfqfeqi6u2qx5u0e","time":1613266199,"event":{"mods":["AchievementEnabler","BaseMod","Minty Spire (QoL Compilation)","Quick Restart","StSLib"],"gold_per_floor":[116,128,128,78,90,90,137,36,36,36,62,79,79,98,98,200,200,214,230,230,230,240,266,266,295,319,348,367,367,367],"floor_reached":29,"language":"ENG","playtime":2451,"items_purged":[],"score":287,"play_id":"45bcb416-9a3b-45dd-b220-2f7f29d5121f","local_time":"20210213172959","is_ascension_mode":true,"campfire_choices":[{"data":"Buffer","floor":10,"key":"SMITH"},{"floor":13,"key":"REST"},{"floor":15,"key":"REST"},{"data":"Consume","floor":24,"key":"SMITH"}],"circlet_count":0,"master_deck":["Strike_B","Strike_B","Strike_B","Defend_B","Defend_B","Defend_B","Defend_B","Zap","Dualcast","CurseOfTheBell","Ball Lightning","Self Repair","Hello World","Buffer+1","Chill","Capacitor","Ball Lightning","Auto Shields","Consume+1","Electrodynamics","Conserve Battery","Rebound+1","Self Repair","Fission+1","Fusion+1","Tempest+1","Coolheaded+1"],"relics":["Calling Bell","MealTicket","Pantograph","Peace Pipe","Eternal Feather","MawBank","Centennial Puzzle","Lizard Tail","Inserter","Toxic Egg 2","Smiling Mask","Potion Belt","Boot","Red Mask"],"acts_visited":["Exordium","TheCity"],"potions_floor_usage":[7,7,14,16,22,23,23,27],"damage_taken":[{"damage":11,"enemies":"Jaw Worm","floor":1,"turns":4},{"damage":8,"enemies":"2 Louse","floor":2,"turns":3},{"damage":5,"enemies":"Small Slimes","floor":5,"turns":4},{"damage":26,"enemies":"Lagavulin","floor":7,"turns":5},{"damage":36,"enemies":"Gremlin Nob","floor":11,"turns":6},{"damage":10,"enemies":"Looter","floor":12,"turns":3},{"damage":18,"enemies":"3 Louse","floor":14,"turns":4},{"damage":46,"enemies":"The Guardian","floor":16,"turns":11},{"damage":10,"enemies":"Chosen","floor":18,"turns":5},{"damage":35,"enemies":"2 Thieves","floor":19,"turns":4},{"damage":1,"enemies":"3 Cultists","floor":22,"turns":3},{"damage":63,"enemies":"Slavers","floor":23,"turns":7},{"damage":55,"enemies":"Gremlin Leader","floor":25,"turns":7},{"damage":7,"enemies":"Masked Bandits","floor":27,"turns":3},{"damage":12,"enemies":"Snecko","floor":28,"turns":7},{"damage":30,"enemies":"Slavers","floor":29,"turns":2}],"seed_played":"-7338734163496971667","potions_obtained":[{"floor":2,"key":"AttackPotion"},{"floor":5,"key":"Fruit Juice"},{"floor":11,"key":"CultistPotion"},{"floor":12,"key":"Fruit Juice"},{"floor":16,"key":"LiquidBronze"},{"floor":18,"key":"ColorlessPotion"},{"floor":19,"key":"PowerPotion"},{"floor":25,"key":"FocusPotion"},{"floor":27,"key":"Explosive Potion"}],"is_trial":false,"path_per_floor":["M","M","?","?","M","?","E","$","T","R","E","M","R","M","R","B",null,"M","M","?","?","M","E","R","E","T","?","M","E"],"character_chosen":"DEFECT","items_purchased":["Chill","Capacitor"],"campfire_rested":2,"item_purchase_floors":[8,8],"current_hp_per_floor":[64,56,56,56,58,40,26,41,41,50,21,18,51,45,82,39,85,82,54,54,54,60,56,68,27,27,27,29,0,0],"gold":367,"neow_bonus":"BOSS_RELIC","is_daily":false,"chose_seed":false,"campfire_upgraded":2,"win_rate":0.0,"timestamp":1613266199,"path_taken":["M","M","?","?","M","?","E","$","T","R","E","M","R","M","R","BOSS","M","M","?","?","M","E","R","E","T","?","M","E"],"items_purchased_type":["Card","Card"],"build_version":"2020-12-22","purchased_purges":0,"victory":false,"max_hp_per_floor":[75,75,75,75,75,75,80,80,80,80,80,80,80,85,85,85,85,85,85,85,85,85,85,85,85,85,85,85,85,85],"card_choices":[{"not_picked":["Beam Cell","Rebound"],"picked":"Ball Lightning","floor":1},{"not_picked":["Double Energy","Tempest"],"picked":"Self Repair","floor":2},{"not_picked":["Coolheaded","Beam Cell"],"picked":"Hello World","floor":5},{"not_picked":["Barrage","Loop"],"picked":"Buffer","floor":7},{"not_picked":["Barrage","Sweeping Beam"],"picked":"Ball Lightning","floor":11},{"not_picked":["Redo","Streamline"],"picked":"Auto Shields","floor":12},{"not_picked":["Hologram","Beam Cell"],"picked":"Consume","floor":14},{"not_picked":["Multi-Cast","Fission"],"picked":"Electrodynamics","floor":16},{"not_picked":["Compile Driver","Gash"],"picked":"Conserve Battery","floor":18},{"not_picked":["Redo","Sweeping Beam"],"picked":"Rebound+1","floor":19},{"not_picked":["Compile Driver","Sweeping Beam"],"picked":"Self Repair","floor":22},{"not_picked":["Steam Power+1","Ball Lightning"],"picked":"Fission+1","floor":23},{"not_picked":["Heatsinks+1","Blizzard"],"picked":"Fusion+1","floor":25},{"not_picked":["Force Field+1","FTL"],"picked":"Tempest+1","floor":27},{"not_picked":["Barrage","Sweeping Beam"],"picked":"Coolheaded+1","floor":28}],"player_experience":60768,"relics_obtained":[{"floor":0,"key":"MealTicket"},{"floor":0,"key":"Pantograph"},{"floor":0,"key":"Peace Pipe"},{"floor":7,"key":"Centennial Puzzle"},{"floor":11,"key":"Lizard Tail"},{"floor":23,"key":"Smiling Mask"},{"floor":25,"key":"Potion Belt"},{"floor":26,"key":"Boot"},{"floor":27,"key":"Red Mask"}],"event_choices":[{"damage_healed":0,"gold_gain":0,"player_choice":"Box","damage_taken":0,"relics_obtained":["Eternal Feather"],"max_hp_gain":0,"max_hp_loss":0,"event_name":"Big Fish","floor":3,"gold_loss":0,"cards_obtained":["Regret"]},{"cards_removed":["Regret"],"damage_healed":0,"gold_gain":0,"player_choice":"Card Removal","damage_taken":0,"max_hp_gain":0,"max_hp_loss":0,"event_name":"The Cleric","floor":4,"gold_loss":50},{"damage_healed":0,"gold_gain":0,"player_choice":"Success","damage_taken":18,"relics_obtained":["MawBank"],"max_hp_gain":0,"max_hp_loss":0,"event_name":"Scrap Ooze","floor":6,"gold_loss":0},{"damage_healed":0,"gold_gain":0,"player_choice":"Opened","damage_taken":0,"relics_obtained":["Toxic Egg 2"],"max_hp_gain":0,"max_hp_loss":0,"event_name":"The Mausoleum","floor":20,"gold_loss":0},{"cards_removed":["Strike_B"],"damage_healed":0,"gold_gain":0,"player_choice":"Elegance","damage_taken":0,"max_hp_gain":0,"max_hp_loss":0,"event_name":"Back to Basics","floor":21,"gold_loss":0},{"damage_healed":0,"gold_gain":0,"player_choice":"Fought Bandits","damage_taken":0,"max_hp_gain":0,"max_hp_loss":0,"event_name":"Masked Bandits","floor":27,"gold_loss":0}],"is_beta":false,"boss_relics":[{"not_picked":["SacredBark","Velvet Choker"],"picked":"Inserter"}],"items_purged_floors":[],"is_endless":false,"potions_floor_spawned":[2,5,11,12,16,18,19,25,27],"killed_by":"Slavers","ascension_level":1}}