{"host":"xobdcpbm4ckypiai","time":1613288053,"event":{"mods":["BaseMod","Downfall","Minty Spire (QoL Compilation)","StSLib"],"gold_per_floor":[99,118,138,138,152,152,220,120,134,159,177,177,77,94,106,205,205,205,218,236,236,336,26,51,51,71,91,102,113,138,73,92,191,191,191,204,214,214,233,262,289,106,6,26,37,7,7,57,68,68,68,101,8,8,8,8],"floor_reached":57,"language":"ZHS","playtime":5102,"items_purged":["downfall:Bewildered","Slimebound:Strike_Slimebound","Slimebound:Strike_Slimebound"],"score":1385,"play_id":"c59cfa88-ce70-454d-9b92-59f143944f5a","local_time":"20210214153413","is_ascension_mode":false,"campfire_choices":[{"data":"Jack Of All Trades","floor":1.0,"key":"SMITH"},{"floor":6.0,"key":"RECALL"},{"data":"Slimebound:Dissolve","floor":8.0,"key":"SMITH"},{"data":"Slimebound:GrowthPunch","floor":13.0,"key":"SMITH"},{"data":"Slimebound:MassFeed","floor":18.0,"key":"SMITH"},{"data":"Slimebound:Grow","floor":25.0,"key":"SMITH"},{"data":"Slimebound:OozeBath","floor":35.0,"key":"SMITH"},{"data":"expansioncontent:YouAreMine","floor":43,"key":"SMITH"},{"data":"Slimebound:SpikyOuterGoop","floor":47,"key":"SMITH"},{"data":"expansioncontent:Chronoboost","floor":54,"key":"SMITH"}],"circlet_count":0,"master_deck":["Slimebound:Tackle","Slimebound:Defend_Slimebound","Slimebound:Defend_Slimebound","Slimebound:Defend_Slimebound","Slimebound:Defend_Slimebound","Slimebound:Split","Slimebound:CorrosiveSpit","Jack Of All Trades+1","Slimebound:AcidTongue","Slimebound:HauntingLick","Slimebound:Dissolve+1","Slimebound:Schlurp","Slimebound:Gluttony","Slimebound:GrowthPunch+1","Slimebound:Dissolve","Slimebound:MassFeed+1","Slimebound:GoopSpray+1","Slimebound:LivingWall+1","Slimebound:MegaLick+1","Slimebound:Schlurp+1","Slimebound:Grow+1","Slimebound:Equalize+1","Slimebound:ItLooksTasty+1","Slimebound:HauntingLick+1","Slimebound:GrowthPunch+1","Slimebound:TongueLash","Slimebound:OozeBath+1","Slimebound:SamplingLick+1","expansioncontent:Chronoboost+1","expansioncontent:YouAreMine+1","expansioncontent:Chronoboost","Slimebound:ComboTackle+1","Slimebound:FormOfPuddle+1","Slimebound:Gluttony+1","Slimebound:Nibble+1","Slimebound:ComboTackle+1","Slimebound:SpikyOuterGoop+1","Slimebound:Repurpose","Slimebound:Schlurp+1","expansioncontent:InvincibleStrength"],"relics":["Slimebound:AbsorbEndCombat","Oddly Smooth Stone","The Courier","downfall:HeartBlessingRed","Happy Flower","downfall:HeartBlessingGreen","Slimebound:TarBlob","sneckomod:BabySnecko","Potion Belt","Membership Card","Omamori","Vajra","MealTicket","Mercury Hourglass","Sozu","Incense Burner","Medical Kit","Mummified Hand","Centennial Puzzle","Slimebound:MaxSlimesRelic","Ice Cream","downfall:HeartBlessingBlue","Prayer Wheel","Akabeko","Toolbox"],"acts_visited":["Exordium","TheCity","TheBeyond","TheEnding"],"potions_floor_usage":[],"damage_taken":[{"damage":0.0,"enemies":"2 Louse","floor":2.0,"turns":3.0},{"damage":18.0,"enemies":"Small Slimes","floor":3.0,"turns":4.0},{"damage":0.0,"enemies":"Cultist","floor":5.0,"turns":3.0},{"damage":4.0,"enemies":"downfall:LooterAlt","floor":9.0,"turns":3.0},{"damage":35.0,"enemies":"3 Sentries","floor":10.0,"turns":7.0},{"damage":6.0,"enemies":"Exordium Thugs","floor":11.0,"turns":4.0},{"damage":5.0,"enemies":"Gremlin Gang","floor":14.0,"turns":3.0},{"damage":0.0,"enemies":"Lots of Slimes","floor":15.0,"turns":2.0},{"damage":13.0,"enemies":"WA_ARCHETYPE_RETAIN","floor":16.0,"turns":6.0},{"damage":21.0,"enemies":"downfall:LooterAlt2","floor":19.0,"turns":5.0},{"damage":0.0,"enemies":"Chosen","floor":20.0,"turns":3.0},{"damage":11.0,"enemies":"downfall:LadyInBlue","floor":22.0,"turns":7.0},{"damage":0.0,"enemies":"downfall:FleeingMerchant","floor":23.0,"turns":4.0},{"damage":8.0,"enemies":"Snake Plant","floor":26.0,"turns":3.0},{"damage":0.0,"enemies":"Shelled Parasite and Fungi","floor":27.0,"turns":3.0},{"damage":5.0,"enemies":"Centurion and Healer","floor":28.0,"turns":4.0},{"damage":11.0,"enemies":"Snecko","floor":29.0,"turns":3.0},{"damage":21.0,"enemies":"Slavers","floor":30.0,"turns":5.0},{"damage":0.0,"enemies":"downfall:FleeingMerchant","floor":31.0,"turns":4.0},{"damage":4.0,"enemies":"Chosen and Byrds","floor":32.0,"turns":3.0},{"damage":28.0,"enemies":"DF_ARCHETYPE_CLAW","floor":33.0,"turns":8.0},{"damage":0.0,"enemies":"Orb Walker","floor":36.0,"turns":2.0},{"damage":2.0,"enemies":"3 Darklings","floor":37.0,"turns":4.0},{"damage":10.0,"enemies":"4 Shapes","floor":39.0,"turns":4.0},{"damage":3,"enemies":"Reptomancer","floor":40,"turns":5},{"damage":18,"enemies":"downfall:FleeingMerchant","floor":42,"turns":4},{"damage":0,"enemies":"Jaw Worm Horde","floor":44,"turns":3},{"damage":0,"enemies":"Transient","floor":45,"turns":5},{"damage":4,"enemies":"Transient","floor":48,"turns":4},{"damage":0,"enemies":"Spire Growth","floor":49,"turns":5},{"damage":3,"enemies":"SI_POISON_ARCHETYPE","floor":50,"turns":7},{"damage":46,"enemies":"downfall:CharBossMerchant","floor":52,"turns":8},{"damage":0,"enemies":"downfall:NeowBoss","floor":55,"turns":10},{"damage":52,"enemies":"downfall:NeowBossFinal","floor":56,"turns":12}],"seed_played":"2295757629454436776","potions_obtained":[{"floor":2.0,"key":"Fire Potion"},{"floor":5.0,"key":"Fire Potion"},{"floor":10.0,"key":"LiquidMemories"},{"floor":15.0,"key":"Dexterity Potion"},{"floor":19.0,"key":"AttackPotion"},{"floor":20.0,"key":"AttackPotion"},{"floor":22.0,"key":"Ancient Potion"},{"floor":22.0,"key":"Swift Potion"}],"is_trial":false,"path_per_floor":["R","M","M","?","M","R","T","R","M","E","M","?","R","M","M","B",null,"R","M","M","?","?","$","T","R","M","M","M","M","E","$","M","B",null,"R","M","M","?","M","E","T","$","R","M","M","$","R","?","M","B",null,"E","$","R","B","B",null],"character_chosen":"SLIMEBOUND","items_purchased":["Membership Card","Omamori","Vajra","Slimebound:Grow","Medical Kit","Mummified Hand","Centennial Puzzle","Slimebound:MaxSlimesRelic","Ice Cream","Slimebound:SpikyOuterGoop","Toolbox","expansioncontent:InvincibleStrength"],"campfire_rested":0,"item_purchase_floors":[23,23,23,23,42,42,42,42,42,46,53,53],"current_hp_per_floor":[65,65,49,46,52,52,52,52,52,25,27,27,27,28,30,25,65,65,60,72,72,69,77,77,77,77,89,93,93,94,97,99,82,105,105,109,109,99,103,112,112,108,118,123,123,123,123,125,127,124,127,83,98,98,118,86],"gold":8,"neow_bonus":"RANDOM_COLORLESS","is_daily":false,"chose_seed":false,"campfire_upgraded":9,"win_rate":0.0,"timestamp":1613288053,"path_taken":["R","M","M","?","M","R","T","R","M","E","M","?","R","M","M","BOSS","R","M","M","?","?","$","T","R","?","?","M","?","E","$","M","BOSS","R","M","M","?","M","E","T","$","R","M","M","$","R","?","M","BOSS","E","$","R","BOSS","BOSS"],"items_purchased_type":["Relic","Relic","Relic","Card","Relic","Relic","Relic","Relic","Relic","Card","Relic","Card"],"build_version":"2020-12-22","purchased_purges":3,"victory":true,"max_hp_per_floor":[65,65,65,65,65,65,65,65,65,65,65,65,65,65,65,65,65,65,73,77,77,77,77,77,77,81,89,93,93,97,97,101,105,105,105,109,109,109,109,113,113,113,123,123,123,123,123,127,127,127,127,127,127,127,127,127],"card_choices":[{"not_picked":["Panacea","Blind"],"picked":"Jack Of All Trades","floor":0.0},{"not_picked":["Slimebound:Schlurp","Slimebound:FinishingTackle"],"picked":"Slimebound:AcidTongue","floor":2.0},{"not_picked":["Slimebound:GoopSpray","Slimebound:PressTheAttack"],"picked":"Slimebound:HauntingLick","floor":3.0},{"not_picked":["Slimebound:DisruptingSlam","Slimebound:Chomp"],"picked":"Slimebound:Dissolve","floor":5.0},{"not_picked":["Slimebound:SplitMire","Slimebound:LivingWall"],"picked":"Slimebound:Schlurp","floor":9.0},{"not_picked":["Slimebound:FlameTackle","Slimebound:SplitMire"],"picked":"Slimebound:Gluttony","floor":10.0},{"not_picked":["Slimebound:Repurpose","Slimebound:LeechingTouch"],"picked":"Slimebound:GrowthPunch","floor":11.0},{"not_picked":["Slimebound:SplitLeeching","Slimebound:Prepare"],"picked":"Slimebound:Dissolve","floor":14.0},{"not_picked":["Slimebound:GoopTackle","Slimebound:ItLooksTasty","Slimebound:Chomp"],"picked":"SKIP","floor":15.0},{"not_picked":["Slimebound:MassRepurpose","Slimebound:DouseInSlime"],"picked":"Slimebound:MassFeed","floor":16.0},{"not_picked":["Slimebound:Replication","Slimebound:LevelUp"],"picked":"Slimebound:GoopSpray+1","floor":19.0},{"not_picked":["Slimebound:SplitBruiser","Slimebound:Repurpose"],"picked":"Slimebound:LivingWall+1","floor":20.0},{"not_picked":["Slimebound:Grow","Slimebound:Schlurp"],"picked":"Slimebound:MegaLick+1","floor":22.0},{"not_picked":["Slimebound:RejuvenatingLick","Slimebound:SplitBruiser+1"],"picked":"Slimebound:Schlurp+1","floor":23.0},{"not_picked":["Slimebound:GoopTackle","Slimebound:SlimeSpikes"],"picked":"Slimebound:Equalize+1","floor":26.0},{"not_picked":["Slimebound:SplitLeeching+1","Slimebound:PressTheAttack"],"picked":"Slimebound:ItLooksTasty+1","floor":27.0},{"not_picked":["Slimebound:Overexert","Slimebound:SlimeSpikes"],"picked":"Slimebound:HauntingLick+1","floor":28.0},{"not_picked":["Slimebound:ForwardTackle","Slimebound:FormOfPuddle"],"picked":"Slimebound:GrowthPunch+1","floor":29.0},{"not_picked":["Slimebound:ItLooksTasty","Slimebound:SlimeSpikes+1"],"picked":"Slimebound:TongueLash","floor":30.0},{"not_picked":["Slimebound:Prepare","Slimebound:Dissolve","Slimebound:GoopTackle"],"picked":"SKIP","floor":31.0},{"not_picked":["Slimebound:SplitAcid+1","Slimebound:ComboTackle","Slimebound:FirmFortitude"],"picked":"SKIP","floor":32.0},{"not_picked":["Slimebound:SlimeSlap","Slimebound:Overexert"],"picked":"Slimebound:OozeBath","floor":33.0},{"not_picked":["Slimebound:PressTheAttack","Slimebound:SamplingLick","Slimebound:FlameTackle"],"picked":"SKIP","floor":36.0},{"not_picked":["Slimebound:GoopTackle+1","Slimebound:TongueLash+1"],"picked":"Slimebound:SamplingLick+1","floor":37.0},{"not_picked":["expansioncontent:PolyBeam","expansioncontent:YouAreMine"],"picked":"expansioncontent:Chronoboost","floor":38.0},{"not_picked":["expansioncontent:Chronoboost","expansioncontent:HyperBeam"],"picked":"expansioncontent:YouAreMine","floor":38.0},{"not_picked":["expansioncontent:AwakenDeath","expansioncontent:Hexaburn"],"picked":"expansioncontent:Chronoboost","floor":38.0},{"not_picked":["Slimebound:SlimeSpikes+1","Slimebound:Schlurp"],"picked":"Slimebound:ComboTackle+1","floor":39.0},{"not_picked":["Slimebound:SlimeSpikes+1","Slimebound:OneTwoCombo"],"picked":"Slimebound:FormOfPuddle+1","floor":40},{"not_picked":["Slimebound:FlameTackle+1","Slimebound:SplitMire+1"],"picked":"Slimebound:Gluttony+1","floor":42},{"not_picked":["Slimebound:GoopSpray+1","Slimebound:FinishingTackle+1"],"picked":"Slimebound:Nibble+1","floor":44},{"not_picked":["Slimebound:LeechEnergy","Slimebound:LivingWall"],"picked":"Slimebound:ComboTackle+1","floor":45},{"not_picked":["Slimebound:SplitMire","Slimebound:SlimeSpikes"],"picked":"Slimebound:Repurpose","floor":48},{"not_picked":["Slimebound:SplitBruiser+1","Slimebound:BestDefense"],"picked":"Slimebound:Schlurp+1","floor":49},{"not_picked":["Slimebound:Dissolve","Slimebound:SlimeBarrage+1","Slimebound:GoopSpray"],"picked":"SKIP","floor":49},{"not_picked":["Slimebound:BestDefense","Slimebound:SplitBruiser","Slimebound:FinishingTackle"],"picked":"SKIP","floor":52}],"player_experience":109104,"relics_obtained":[{"floor":7.0,"key":"The Courier"},{"floor":10.0,"key":"Happy Flower"},{"floor":22.0,"key":"Potion Belt"},{"floor":24.0,"key":"MealTicket"},{"floor":30.0,"key":"Mercury Hourglass"},{"floor":40,"key":"Incense Burner"},{"floor":48,"key":"Prayer Wheel"},{"floor":52,"key":"Akabeko"}],"event_choices":[{"damage_healed":0.0,"max_hp_gain":0.0,"max_hp_loss":0.0,"gold_gain":0.0,"event_name":"Scrap Ooze","player_choice":"Success","floor":4.0,"gold_loss":0.0,"damage_taken":3.0,"relics_obtained":["Oddly Smooth Stone"]}],"is_beta":false,"boss_relics":[{"not_picked":["Tiny House","bronze:MakeshiftBattery"],"picked":"Slimebound:TarBlob"},{"not_picked":["Fusion Hammer","Cursed Key"],"picked":"Sozu"}],"items_purged_floors":[23,31,42],"is_endless":false,"potions_floor_spawned":[2,5,10,15,19,20,27,28,32,33,36,37,40,44],"ascension_level":0}}