{"host":"phy652c7lim9lcu2","time":1613312496,"event":{"mods":["BaseMod","Colored Powertips","Googly Eyes","Minty Spire (QoL Compilation)","Relic Stats","Spicy Shops","StSLib","everything is the same but u backflip on backflip"],"gold_per_floor":[118,131,148,165,183,212,212,212,212,212,212,212,73,89,89,186,186,205,221,239,250,95,95,123,123,173,173,192,224,247,23,23,23,23],"floor_reached":33,"language":"ENG","playtime":1143,"items_purged":["Strike_B"],"score":484,"play_id":"da211fd1-bfcb-4705-b958-2c664383e4b9","local_time":"20210215002136","is_ascension_mode":true,"campfire_choices":[{"data":"Zap","floor":7.0,"key":"SMITH"},{"floor":11.0,"key":"REST"},{"data":"Beam Cell","floor":15.0,"key":"SMITH"},{"floor":23.0,"key":"REST"},{"floor":25.0,"key":"REST"},{"floor":32,"key":"REST"}],"circlet_count":0,"master_deck":["AscendersBane","Strike_B","Strike_B","Defend_B+1","Defend_B","Defend_B","Zap+1","Dualcast","Cold Snap","FTL","Barrage","Beam Cell+1","Ball Lightning+1","Steam","Consume","Cold Snap","Gash","Buffer","White Noise","Gash","Coolheaded","Cold Snap","Blizzard","Gash","Skim+1","Gash","Gash","Hologram","Go for the Eyes"],"relics":["FrozenCore","Blood Vial","Anchor","Question Card","Calipers","Orrery","HornCleat","Potion Belt","StrikeDummy","Lantern","Dead Branch"],"acts_visited":["Exordium","TheCity"],"potions_floor_usage":[29,33],"damage_taken":[{"damage":7.0,"enemies":"Jaw Worm","floor":1.0,"turns":3.0},{"damage":3.0,"enemies":"Small Slimes","floor":2.0,"turns":3.0},{"damage":0.0,"enemies":"Cultist","floor":3.0,"turns":3.0},{"damage":5.0,"enemies":"Exordium Wildlife","floor":4.0,"turns":4.0},{"damage":11.0,"enemies":"Blue Slaver","floor":5.0,"turns":3.0},{"damage":38.0,"enemies":"3 Sentries","floor":6.0,"turns":11.0},{"damage":0.0,"enemies":"Gremlin Gang","floor":14.0,"turns":2.0},{"damage":18.0,"enemies":"The Guardian","floor":16.0,"turns":10.0},{"damage":0.0,"enemies":"Shell Parasite","floor":18.0,"turns":5.0},{"damage":8.0,"enemies":"Chosen","floor":19.0,"turns":6.0},{"damage":12.0,"enemies":"Centurion and Healer","floor":20.0,"turns":7.0},{"damage":32.0,"enemies":"Snecko","floor":21.0,"turns":8.0},{"damage":57.0,"enemies":"Book of Stabbing","floor":24.0,"turns":6.0},{"damage":12,"enemies":"Snake Plant","floor":28,"turns":5},{"damage":10,"enemies":"Gremlin Leader","floor":29,"turns":6},{"damage":45,"enemies":"Champ","floor":33,"turns":9}],"seed_played":"-7237025479961272762","potions_obtained":[{"floor":5.0,"key":"Energy Potion"},{"floor":6.0,"key":"Explosive Potion"},{"floor":14.0,"key":"Block Potion"},{"floor":16.0,"key":"FairyPotion"},{"floor":28,"key":"DuplicationPotion"},{"floor":29,"key":"AttackPotion"}],"is_trial":false,"path_per_floor":["M","M","M","M","M","E","R","?","T","?","R","?","$","M","R","B",null,"M","M","M","M","$","R","E","R","T","?","M","E","T","$","R","B"],"character_chosen":"DEFECT","items_purchased":["Calipers","Cold Snap","Orrery","Dead Branch"],"campfire_rested":4,"item_purchase_floors":[13,13,22,31],"current_hp_per_floor":[63,62,64,61,52,16,16,16,16,1,23,23,23,25,25,9,59,61,55,45,15,15,37,8,30,30,30,20,12,12,12,34,0,0],"gold":23,"neow_bonus":"RANDOM_COMMON_RELIC","is_daily":false,"chose_seed":false,"campfire_upgraded":2,"win_rate":0.0,"timestamp":1613312496,"path_taken":["M","M","M","M","M","E","R","?","T","?","R","?","$","M","R","BOSS","M","M","M","M","$","R","E","R","T","?","M","E","?","$","R","BOSS"],"items_purchased_type":["Relic","Card","Relic","Relic"],"build_version":"2020-12-22","purchased_purges":1,"victory":false,"max_hp_per_floor":[75,75,75,75,75,75,75,75,75,75,75,75,75,75,75,75,75,75,75,75,75,75,75,75,75,75,75,75,75,75,75,75,75,75],"relic_stats":{"Blood Vial":32,"counters":[16,91],"Dead Branch":[4],"Question Card":14,"obtain_stats":[{"Blood Vial":0,"Potion Belt":26,"Anchor":6,"Lantern":30,"Calipers":13,"HornCleat":24,"Dead Branch":31,"Orrery":22,"Cracked Core":0,"Question Card":9,"StrikeDummy":29,"FrozenCore":17},{"Blood Vial":0,"Potion Belt":13,"Anchor":6,"Lantern":15,"Calipers":6,"HornCleat":13,"Dead Branch":15,"Orrery":12,"Cracked Core":0,"Question Card":6,"StrikeDummy":15,"FrozenCore":8},{"Blood Vial":0,"Potion Belt":71,"Anchor":27,"Lantern":82,"Calipers":27,"HornCleat":71,"Dead Branch":82,"Orrery":65,"Cracked Core":0,"Question Card":27,"StrikeDummy":82,"FrozenCore":39}],"FrozenCore":[15]},"card_choices":[{"not_picked":["Leap","Redo","Stack"],"picked":"SKIP","floor":1.0},{"not_picked":["Redo","Beam Cell"],"picked":"Cold Snap","floor":2.0},{"not_picked":["Stack","Capacitor"],"picked":"FTL","floor":3.0},{"not_picked":["Sweeping Beam","Aggregate"],"picked":"Barrage","floor":4.0},{"not_picked":["Undo","Conserve Battery"],"picked":"Beam Cell","floor":5.0},{"not_picked":["Amplify","Doom and Gloom"],"picked":"Ball Lightning","floor":6.0},{"not_picked":["Steam Power","Turbo","Leap"],"picked":"Gash","floor":14.0},{"not_picked":["Fission","Biased Cognition","Reboot"],"picked":"Buffer","floor":16.0},{"not_picked":["Consume","Steam","Chill"],"picked":"White Noise","floor":18.0},{"not_picked":["BootSequence","Sweeping Beam","Turbo+1"],"picked":"Gash","floor":19.0},{"not_picked":["Rebound","Compile Driver","Static Discharge"],"picked":"Coolheaded","floor":20.0},{"not_picked":["Lockon","Sweeping Beam","Redo"],"picked":"Cold Snap","floor":21.0},{"not_picked":["Turbo+1","Hologram","Conserve Battery"],"picked":"Blizzard","floor":22.0},{"not_picked":["Cold Snap","Static Discharge","Thunder Strike"],"picked":"Gash","floor":22.0},{"not_picked":["Go for the Eyes","Rebound","Sunder"],"picked":"Skim+1","floor":22.0},{"not_picked":["Sweeping Beam","Redo","Static Discharge"],"picked":"Gash","floor":22.0},{"not_picked":["Leap","Core Surge","Steam"],"picked":"Gash","floor":22.0},{"not_picked":["Sweeping Beam","Go for the Eyes","Biased Cognition"],"picked":"Hologram","floor":24.0},{"not_picked":["Beam Cell","Streamline","Sweeping Beam","Compile Driver"],"picked":"SKIP","floor":28},{"not_picked":["Beam Cell","Compile Driver","Heatsinks"],"picked":"Go for the Eyes","floor":29}],"player_experience":327079,"relics_obtained":[{"floor":6.0,"key":"Anchor"},{"floor":9.0,"key":"Question Card"},{"floor":24.0,"key":"HornCleat"},{"floor":26.0,"key":"Potion Belt"},{"floor":29,"key":"StrikeDummy"},{"floor":30,"key":"Lantern"}],"event_choices":[{"damage_healed":0.0,"max_hp_gain":0.0,"max_hp_loss":0.0,"gold_gain":0.0,"cards_transformed":["Strike_B"],"event_name":"Living Wall","player_choice":"Change","floor":8.0,"gold_loss":0.0,"damage_taken":0.0,"cards_obtained":["Steam"]},{"damage_healed":0.0,"max_hp_gain":0.0,"max_hp_loss":0.0,"gold_gain":0.0,"event_name":"Shining Light","player_choice":"Entered Light","floor":10.0,"gold_loss":0.0,"damage_taken":15.0,"cards_upgraded":["Ball Lightning","Defend_B"]},{"damage_healed":0.0,"max_hp_gain":0.0,"max_hp_loss":0.0,"gold_gain":0.0,"cards_transformed":["Defend_B"],"event_name":"Transmorgrifier","player_choice":"Transformed","floor":12.0,"gold_loss":0.0,"damage_taken":0.0,"cards_obtained":["Consume"]},{"damage_healed":0,"gold_gain":0,"player_choice":"Ignored","damage_taken":0,"max_hp_gain":0,"max_hp_loss":0,"event_name":"The Mausoleum","floor":27,"gold_loss":0}],"is_beta":false,"boss_relics":[{"not_picked":["SacredBark","Ectoplasm"],"picked":"FrozenCore"}],"items_purged_floors":[31],"is_endless":false,"potions_floor_spawned":[5,6,14,16,19,21,28,29],"killed_by":"Champ","ascension_level":12}}