{"host":"xp5rvh2jwe2ejyfm","time":1613333407,"event":{"mods":["2.2 Compatiblity","Aspiration","BaseMod","Better Altar","Better Match","Better Note","Better Sensory Stone","Better Skull","BetterRewards","Colored Powertips","Conspire","Downfall","GifTheSpireLib","Gremlin Mod","GungeonMod","Hermit","Hubris","Jorbs\u0027s Wanderer Trilogy","Minty Spire (QoL Compilation)","Potionbrewer","Quick Restart","Replay The Spire","Robot Space Explorer","Shade Mod","Somnambulant","StSLib","The Bug Knight","The Clintock","The Construct","The Cursed","The Disciple","The Forsaken","The Hierophant","The Necromancer","The Runesmith","The Servant 0.9.4","The Valiant","The Witch","TheFirefly","thorton"],"gold_per_floor":[115,125,136,154,154,154,154,196,249,290,319,319,348,371,371,485,485,513,535,561,561,561],"floor_reached":21,"language":"ENG","playtime":827,"items_purged":[],"score":195,"play_id":"042b1d43-e806-4193-9a93-fe7e1dae4743","local_time":"20210214151007","is_ascension_mode":false,"campfire_choices":[{"floor":6,"key":"RECALL"},{"floor":12,"key":"REST"},{"floor":15,"key":"REST"}],"circlet_count":0,"master_deck":["Shade:Strike_Shade","Shade:Strike_Shade","Shade:Strike_Shade","Shade:Strike_Shade","Shade:Defend_Shade","Shade:Defend_Shade","Shade:Defend_Shade","Shade:Defend_Shade","Shade:AnimateDead+1","Shade:CarefulCut","Shade:FreshBones","Shade:WallOfFlesh","Shade:ExtraLimbs","Shade:SpectralStrikes","Shade:FreshBones","Shade:UnbarTheGrave","Shade:SpectralStrikes","Shade:FleshToFlesh","Shade:Bonestorm","Shade:OfferingToTheBeyond","Shade:FreshBones","Shade:DangerousRitual","Shade:WallOfFlesh"],"relics":["Shade:YorickSkull","NeowsBlessing","Replay:Baseball","CeramicFish","conspire:TopHat","hubris:HollowSoul"],"acts_visited":["Exordium","TheCity"],"potions_floor_usage":[8,13,18,19,20],"damage_taken":[{"damage":0,"enemies":"Jaw Worm","floor":1,"turns":1},{"damage":0,"enemies":"Cultist","floor":2,"turns":1},{"damage":0,"enemies":"Small Slimes","floor":3,"turns":1},{"damage":0,"enemies":"conspire:2 RoseBushes","floor":4,"turns":5},{"damage":7,"enemies":"Replay:BlueRogue","floor":8,"turns":5},{"damage":19,"enemies":"3 Sentries","floor":10,"turns":8},{"damage":5,"enemies":"2 Fungi Beasts","floor":11,"turns":3},{"damage":15,"enemies":"Gremlin Gang","floor":13,"turns":4},{"damage":0,"enemies":"Exordium Wildlife","floor":14,"turns":3},{"damage":19,"enemies":"Hexaghost","floor":16,"turns":11},{"damage":23,"enemies":"conspire:FuzzyDice","floor":18,"turns":5},{"damage":4,"enemies":"2 Thieves","floor":19,"turns":4},{"damage":19,"enemies":"Centurion and Healer","floor":20,"turns":12},{"damage":17,"enemies":"Shelled Parasite and Fungi","floor":21,"turns":2}],"seed_played":"-7003994155959374423","potions_obtained":[{"floor":1,"key":"SpeedPotion"},{"floor":4,"key":"EssenceOfSteel"},{"floor":11,"key":"Energy Potion"},{"floor":16,"key":"ColorlessPotion"},{"floor":18,"key":"Explosive Potion"}],"is_trial":false,"path_per_floor":["M","M","M","M","?","R","?","E","T","E","M","R","M","M","R","B",null,"M","M","M","M"],"character_chosen":"SHADE","items_purchased":[],"campfire_rested":2,"item_purchase_floors":[],"current_hp_per_floor":[65,65,65,65,65,65,51,44,44,25,20,39,24,24,43,24,65,42,38,19,0,0],"gold":561,"neow_bonus":"THREE_ENEMY_KILL","is_daily":false,"chose_seed":false,"campfire_upgraded":0,"win_rate":0.0,"timestamp":1613333407,"path_taken":["M","M","M","M","?","R","?","E","T","E","M","R","M","M","R","BOSS","M","M","M","M"],"items_purchased_type":[],"build_version":"2020-12-22","purchased_purges":0,"victory":false,"max_hp_per_floor":[65,65,65,65,65,65,65,65,65,65,65,65,65,65,65,65,65,65,65,65,65,65],"card_choices":[{"not_picked":["Shade:SkeletonHug","Shade:AblativeArmor"],"picked":"Shade:FreshBones","floor":1},{"not_picked":["Shade:LastGasp","Shade:ClawBack"],"picked":"Shade:WallOfFlesh","floor":2},{"not_picked":["Shade:Premonition","Shade:FleshOffering"],"picked":"Shade:ExtraLimbs","floor":3},{"not_picked":["Shade:SoulToxin","Shade:PotionOfRestlessness"],"picked":"Shade:SpectralStrikes","floor":4},{"not_picked":["Shade:StitchTogether","Shade:DangerousRitual"],"picked":"Shade:FreshBones","floor":8},{"not_picked":["Shade:CoffinDance","Shade:StitchTogether"],"picked":"Shade:UnbarTheGrave","floor":10},{"not_picked":["Shade:Frenzy","Shade:FeralStrike"],"picked":"Shade:SpectralStrikes","floor":11},{"not_picked":["Shade:GoDigging","Shade:Frenzy"],"picked":"Shade:FleshToFlesh","floor":13},{"not_picked":["Shade:Asphyxiate","Shade:Frenzy"],"picked":"Shade:Bonestorm","floor":14},{"not_picked":["Shade:DarkOfNight","Shade:LastGasp"],"picked":"Shade:OfferingToTheBeyond","floor":16},{"not_picked":["Shade:CoffinDance+1","Shade:AuraOfUnlife"],"picked":"Shade:FreshBones","floor":18},{"not_picked":["Shade:AncientSpear","Shade:CoffinDance"],"picked":"Shade:DangerousRitual","floor":19},{"not_picked":["Shade:Brains","Shade:SoulToxin"],"picked":"Shade:WallOfFlesh","floor":20}],"player_experience":510587,"relics_obtained":[{"floor":8,"key":"CeramicFish"},{"floor":10,"key":"conspire:TopHat"}],"event_choices":[{"damage_healed":0,"gold_gain":0,"player_choice":"Grow","damage_taken":0,"max_hp_gain":0,"max_hp_loss":0,"event_name":"Living Wall","floor":5,"gold_loss":0,"cards_upgraded":["Shade:AnimateDead"]},{"damage_healed":0,"gold_gain":0,"player_choice":"RE ","damage_taken":16,"relics_obtained":["Replay:Baseball"],"max_hp_gain":0,"max_hp_loss":0,"event_name":"betterSkull:BetterSkull","floor":7,"gold_loss":0,"cards_upgraded":[]}],"is_beta":false,"boss_relics":[{"not_picked":["Sozu","Runesmith:UraniumAnvil"],"picked":"hubris:HollowSoul"}],"items_purged_floors":[],"is_endless":false,"potions_floor_spawned":[1,4,11,16,18],"killed_by":"Shelled Parasite and Fungi","ascension_level":0}}