{"host":"tod","time":1613292645,"event":{"mods":["Act Like it!","BaseMod","CapriCore","Highlight Path","Lobotomy","Luminous","Marisa£®ÏF”Í°°ƒß¿Ì…≥£©","Minty Spire (QoL Compilation)","Quick Restart","Reimu£®≤©¿ˆ¡È√Œ£©","Remilia£®¿Ÿ√◊¿Ú—«£©","Shop Mod","StSLib","The Cursed","The Immortal","Yakumo Yukari mod","Youmu£®ªÍ∆«—˝√Œ£©"],"gold_per_floor":[117,67,86,86,102,134,134,149,149,149,161,161,161,194,194,290,290,290,290],"floor_reached":18,"language":"ZHS","playtime":1293,"items_purged":[],"score":170,"play_id":"a492376a-216c-4769-a8fb-e8d3682e3a2f","local_time":"20210214165045","is_ascension_mode":false,"campfire_choices":[{"data":"EternalNight","floor":7.0,"key":"SMITH"},{"data":"StarOfDavid","floor":10.0,"key":"SMITH"},{"data":"EternalNight","floor":12.0,"key":"SMITH"},{"floor":15.0,"key":"REST"}],"circlet_count":0,"master_deck":["Strike_RM","Strike_RM","Strike_RM","Strike_RM","Defend_RM","Defend_RM","Defend_RM","RedMoon","ScarletShoot","MeatLantern","VampireKiss","SnowQueen","EternalNight+1","Alriune","EndlessAdversity","DreamingCurrent","StarOfDavid+1","LittleHelper","EternalNight+1","DespairKnight","Scorched","CurseOfVladTepes"],"relics":["ScarletHat","CogitoBucket","MealTicket","Boot","Meat on the Bone","SlaversCollar"],"acts_visited":["Exordium","TheCity"],"potions_floor_usage":[],"damage_taken":[{"damage":1.0,"enemies":"Jaw Worm","floor":1.0,"turns":4.0},{"damage":0.0,"enemies":"Small Slimes","floor":3.0,"turns":5.0},{"damage":0.0,"enemies":"Cultist","floor":5.0,"turns":4.0},{"damage":18.0,"enemies":"Lagavulin","floor":6.0,"turns":11.0},{"damage":24.0,"enemies":"Red Slaver","floor":8.0,"turns":4.0},{"damage":26.0,"enemies":"3 Louse","floor":11.0,"turns":4.0},{"damage":39.0,"enemies":"Gremlin Nob","floor":14.0,"turns":4.0},{"damage":98.0,"enemies":"The Guardian","floor":16.0,"turns":18.0},{"damage":95,"enemies":"Shell Parasite","floor":18,"turns":7}],"seed_played":"5759200070415163210","potions_obtained":[{"floor":1.0,"key":"EssenceOfSteel"},{"floor":5.0,"key":"Ancient Potion"},{"floor":6.0,"key":"ColorlessPotion"},{"floor":11.0,"key":"GrandPatriotsElixir:ReiMu"},{"floor":16.0,"key":"BlessingOfTheForge"}],"is_trial":false,"path_per_floor":["M","?","M","?","M","E","R","M","T","R","M","R","$","E","R","B",null,"M"],"character_chosen":"REMILIA","items_purchased":[],"campfire_rested":1,"item_purchase_floors":[],"current_hp_per_floor":[75,75,75,75,75,60,60,37,37,37,36,36,51,16,38,61,75,10,10],"gold":290,"neow_bonus":"","is_daily":false,"chose_seed":false,"campfire_upgraded":3,"win_rate":0.0,"timestamp":1613292645,"path_taken":["M","?","M","?","M","E","R","M","T","R","M","R","$","E","R","BOSS","M"],"items_purchased_type":[],"build_version":"2020-12-18","purchased_purges":0,"victory":false,"max_hp_per_floor":[75,75,75,75,75,75,75,75,75,75,75,75,75,75,75,75,75,75,75],"card_choices":[{"not_picked":["VoidDream","Murderer"],"picked":"MeatLantern","floor":1.0},{"not_picked":["BloodyTrap","VampireClaw"],"picked":"VampireKiss","floor":1.0},{"not_picked":["UniverseFragment","PunishingBird"],"picked":"SnowQueen","floor":3.0},{"not_picked":["BlasphemousPunishment","BloodHunter"],"picked":"EternalNight","floor":3.0},{"not_picked":["MHz","SpiderBud"],"picked":"Alriune","floor":5.0},{"not_picked":["UnstableMagic","BombardNight"],"picked":"EndlessAdversity","floor":5.0},{"not_picked":["PunishingBird","ShyLook"],"picked":"DreamingCurrent","floor":6.0},{"not_picked":["VampireKiss","ScarletGensokyo"],"picked":"StarOfDavid","floor":6.0},{"not_picked":["Scarecrow","CherryBlossoms"],"picked":"LittleHelper","floor":8.0},{"not_picked":["CharismaGuard","ReincarnationDial","ScarletDevil"],"picked":"SKIP","floor":8.0},{"not_picked":["CharismaGuard","ReincarnationDial","ScarletDevil"],"picked":"SKIP","floor":8.0},{"not_picked":["UltimateOffering","CeilingFear"],"picked":"EternalNight","floor":11.0},{"not_picked":["Laetitia","Woodsman"],"picked":"DespairKnight","floor":14.0},{"not_picked":["VampireFantasy","ChainGang","BombardNight"],"picked":"SKIP","floor":14.0},{"not_picked":["BigBird","OSAHOGD"],"picked":"Scorched","floor":16.0},{"not_picked":["BloodyCatastrophe","HeartBreak"],"picked":"CurseOfVladTepes","floor":16.0}],"player_experience":370218,"relics_obtained":[{"floor":6.0,"key":"MealTicket"},{"floor":9.0,"key":"Boot"},{"floor":14.0,"key":"Meat on the Bone"}],"event_choices":[{"cards_removed":["Defend_RM"],"damage_healed":0.0,"max_hp_gain":0.0,"max_hp_loss":0.0,"gold_gain":0.0,"event_name":"The Cleric","player_choice":"Card Removal","floor":2.0,"gold_loss":50.0,"damage_taken":0.0},{"damage_healed":0.0,"max_hp_gain":0.0,"max_hp_loss":0.0,"gold_gain":0.0,"event_name":"NoteForYourself","player_choice":"Ignored","floor":4.0,"gold_loss":0.0,"damage_taken":0.0}],"is_beta":true,"boss_relics":[{"not_picked":["SacredBark","Tiny House"],"picked":"SlaversCollar"}],"items_purged_floors":[],"is_endless":false,"potions_floor_spawned":[1,5,6,11,16],"killed_by":"Shell Parasite","ascension_level":0}}