{"host":"sav7uxregyirlf69","time":1613292176,"event":{"mods":["AchievementEnabler","BaseMod","Colored Map","DeckTracker","Keyboard Shortcuts","Minty Spire (QoL Compilation)","READ ME - Guardian Mod","StSLib","SuperFastMode"],"gold_per_floor":[115,10,10,10,24,24,24,24,24,40,74,74,99,119,119,193,193,212,230,155,155,55,55,71,103,103,115,115,115,127,162,162,162,162],"floor_reached":33,"language":"KOR","playtime":552,"items_purged":["Strike_G","Dagger Spray"],"score":636,"play_id":"91c59fd2-1412-4764-b233-1571ae2b1b7e","local_time":"20210214174256","is_ascension_mode":true,"campfire_choices":[{"data":"Noxious Fumes","floor":6.0,"key":"SMITH"},{"data":"Crippling Poison","floor":8.0,"key":"SMITH"},{"floor":12.0,"key":"REST"},{"floor":15.0,"key":"REST"},{"data":"Glass Knife","floor":23.0,"key":"SMITH"},{"data":"Ghostly","floor":29.0,"key":"SMITH"},{"data":"Catalyst","floor":32.0,"key":"SMITH"}],"circlet_count":0,"master_deck":["AscendersBane","Strike_G+1","Defend_G","Defend_G","Defend_G","Defend_G","Survivor","Neutralize+1","Crippling Poison+1","Noxious Fumes+1","Calculated Gamble","Glass Knife+1","Adrenaline","PiercingWail+1","Bouncing Flask+1","Endless Agony+1","Backflip","Ghostly+1","Ghostly","Ghostly","Catalyst+1"],"relics":["Ring of the Snake","Art of War","StrikeDummy","Mercury Hourglass","Anchor","Astrolabe","Oddly Smooth Stone","Gambling Chip","TungstenRod"],"acts_visited":["Exordium","TheCity"],"potions_floor_usage":[33],"damage_taken":[{"damage":2.0,"enemies":"2 Louse","floor":1.0,"turns":3.0},{"damage":1.0,"enemies":"Jaw Worm","floor":5.0,"turns":4.0},{"damage":8.0,"enemies":"Small Slimes","floor":10.0,"turns":3.0},{"damage":26.0,"enemies":"3 Sentries","floor":11.0,"turns":6.0},{"damage":0.0,"enemies":"Lagavulin","floor":13.0,"turns":5.0},{"damage":10.0,"enemies":"Exordium Thugs","floor":14.0,"turns":3.0},{"damage":21.0,"enemies":"Slime Boss","floor":16.0,"turns":7.0},{"damage":0.0,"enemies":"3 Byrds","floor":18.0,"turns":3.0},{"damage":19.0,"enemies":"Shell Parasite","floor":19.0,"turns":5.0},{"damage":8.0,"enemies":"Snake Plant","floor":24.0,"turns":3.0},{"damage":8.0,"enemies":"Gremlin Leader","floor":25.0,"turns":5.0},{"damage":1.0,"enemies":"Snecko","floor":27.0,"turns":4.0},{"damage":1.0,"enemies":"Sentry and Sphere","floor":30.0,"turns":3.0},{"damage":5.0,"enemies":"Book of Stabbing","floor":31.0,"turns":5.0},{"damage":10,"enemies":"Champ","floor":33,"turns":11}],"seed_played":"87031198130476566","potions_obtained":[{"floor":11.0,"key":"ColorlessPotion"},{"floor":16.0,"key":"SkillPotion"},{"floor":19.0,"key":"Strength Potion"},{"floor":27.0,"key":"Weak Potion"},{"floor":30.0,"key":"SkillPotion"}],"is_trial":false,"path_per_floor":["M","$","?","?","M","R","$","R","T","M","E","R","E","M","R","B",null,"M","M","$","?","$","R","M","E","T","M","?","R","M","E","R","B"],"character_chosen":"THE_SILENT","items_purchased":["Noxious Fumes","Dagger Spray"],"campfire_rested":2,"item_purchase_floors":[2,2],"current_hp_per_floor":[57,57,57,37,36,36,36,36,36,28,2,21,21,11,30,9,52,52,33,33,33,33,33,25,17,17,16,16,16,15,10,10,0,0],"gold":162,"neow_bonus":"RANDOM_COMMON_RELIC","is_daily":false,"chose_seed":false,"campfire_upgraded":5,"win_rate":0.0,"timestamp":1613292176,"path_taken":["M","$","?","?","M","R","?","R","T","M","E","R","E","M","R","BOSS","M","M","$","?","?","R","M","E","T","M","?","R","M","E","R","BOSS"],"items_purchased_type":["Card","Card"],"build_version":"2020-12-22","purchased_purges":2,"victory":false,"max_hp_per_floor":[66,66,66,66,66,66,66,66,66,66,66,66,66,66,66,66,66,66,66,66,66,66,66,66,66,66,66,33,33,33,33,33,33,33],"card_choices":[{"not_picked":["Deflect","Cloak And Dagger"],"picked":"Crippling Poison","floor":1.0},{"not_picked":["Slice","Dodge and Roll","Distraction"],"picked":"SKIP","floor":5.0},{"not_picked":["Acrobatics","Terror"],"picked":"Masterful Stab","floor":10.0},{"not_picked":["Terror","Deflect","Heel Hook"],"picked":"SKIP","floor":11.0},{"not_picked":["Noxious Fumes","Malaise"],"picked":"Glass Knife","floor":13.0},{"not_picked":["Skewer","Dagger Spray","Sucker Punch"],"picked":"SKIP","floor":14.0},{"not_picked":["Wraith Form v2","Storm of Steel"],"picked":"Adrenaline","floor":16.0},{"not_picked":["Blade Dance","Crippling Poison","Acrobatics"],"picked":"SKIP","floor":18.0},{"not_picked":["Slice","Predator+1"],"picked":"Backflip","floor":19.0},{"not_picked":["Poisoned Stab","Deflect","Bane"],"picked":"SKIP","floor":24.0},{"not_picked":["Doppelganger","Noxious Fumes","Accuracy"],"picked":"SKIP","floor":25.0},{"not_picked":["Dash","Slice","PiercingWail"],"picked":"SKIP","floor":27.0},{"not_picked":["Poisoned Stab","Deadly Poison+1","Dodge and Roll"],"picked":"SKIP","floor":30.0},{"not_picked":["PiercingWail","Flechettes"],"picked":"Catalyst","floor":31.0}],"player_experience":1567788,"relics_obtained":[{"floor":9.0,"key":"StrikeDummy"},{"floor":11.0,"key":"Mercury Hourglass"},{"floor":13.0,"key":"Anchor"},{"floor":25.0,"key":"Oddly Smooth Stone"},{"floor":26.0,"key":"Gambling Chip"},{"floor":31.0,"key":"TungstenRod"}],"event_choices":[{"damage_healed":0.0,"max_hp_gain":0.0,"max_hp_loss":0.0,"gold_gain":0.0,"cards_transformed":["Strike_G"],"event_name":"Living Wall","player_choice":"Change","floor":3.0,"gold_loss":0.0,"damage_taken":0.0,"cards_obtained":["Calculated Gamble"]},{"damage_healed":0.0,"max_hp_gain":0.0,"max_hp_loss":0.0,"gold_gain":0.0,"event_name":"Shining Light","player_choice":"Entered Light","floor":4.0,"gold_loss":0.0,"damage_taken":20.0,"cards_upgraded":["Neutralize","Strike_G"]},{"cards_removed":["Masterful Stab"],"damage_healed":0.0,"max_hp_gain":0.0,"max_hp_loss":0.0,"gold_gain":0.0,"event_name":"Purifier","player_choice":"Purged","floor":21.0,"gold_loss":0.0,"damage_taken":0.0},{"damage_healed":0.0,"max_hp_gain":0.0,"max_hp_loss":33.0,"gold_gain":0.0,"event_name":"Ghosts","player_choice":"Became a Ghost","floor":28.0,"gold_loss":0.0,"damage_taken":0.0,"cards_obtained":["Ghostly","Ghostly","Ghostly"]}],"is_beta":false,"boss_relics":[{"not_picked":["Tiny House","Busted Crown"],"picked":"Astrolabe"}],"items_purged_floors":[20,22],"is_endless":false,"potions_floor_spawned":[11,16,19,27,30],"killed_by":"Champ","ascension_level":20}}