{"host":"19r1ww88x2tc73i0","time":1613287906,"event":{"mods":["BaseMod","BetterRewards","Colored Map","Minty Spire (QoL Compilation)","Relic Stats","StSLib","SuperFastMode","slay the spire mod where everything is the same but ironclad has a cowboy hat"],"gold_per_floor":[99,99,99,79,79,79,79,59,59,59,59,59,59,59,59],"floor_reached":14,"language":"ENG","playtime":348,"items_purged":[],"score":208,"play_id":"a711031e-3dbe-4ceb-8568-01ab31a35c4a","local_time":"25640214143146","is_ascension_mode":true,"campfire_choices":[{"data":"Predator","floor":6,"key":"SMITH"},{"data":"Terror","floor":13,"key":"SMITH"}],"circlet_count":0,"master_deck":["AscendersBane","Strike_G","Strike_G+1","Strike_G","Strike_G","Strike_G","Defend_G","Defend_G","Defend_G","Defend_G","Defend_G","Survivor","Neutralize","Dagger Throw","Terror+1","Predator+1","Concentrate+1","Backstab","Crippling Poison","Blade Dance","Blade Dance","Storm of Steel"],"relics":["Ectoplasm","Meat on the Bone","Singing Bowl","Darkstone Periapt"],"acts_visited":["Exordium"],"potions_floor_usage":[7,10,11],"damage_taken":[{"damage":3,"enemies":"Cultist","floor":1,"turns":4},{"damage":1,"enemies":"Small Slimes","floor":2,"turns":3},{"damage":1,"enemies":"2 Louse","floor":3,"turns":3},{"damage":22,"enemies":"Exordium Thugs","floor":4,"turns":4},{"damage":0,"enemies":"2 Fungi Beasts","floor":5,"turns":3},{"damage":12,"enemies":"3 Sentries","floor":7,"turns":9},{"damage":3,"enemies":"Looter","floor":8,"turns":2},{"damage":8,"enemies":"Blue Slaver","floor":10,"turns":2},{"damage":10,"enemies":"Lagavulin","floor":11,"turns":5},{"damage":7,"enemies":"Gremlin Nob","floor":14,"turns":3}],"seed_played":"6757069079017596460","potions_obtained":[{"floor":3,"key":"Block Potion"},{"floor":5,"key":"Fruit Juice"},{"floor":7,"key":"SkillPotion"},{"floor":10,"key":"Weak Potion"}],"is_trial":false,"path_per_floor":["M","M","M","M","M","R","E","M","T","M","E","?","R","E"],"character_chosen":"THE_SILENT","items_purchased":[],"campfire_rested":0,"item_purchase_floors":[],"current_hp_per_floor":[56,55,54,32,32,32,20,29,29,38,40,19,19,12,12],"gold":59,"neow_bonus":"BOSS_RELIC","is_daily":false,"chose_seed":false,"campfire_upgraded":2,"win_rate":0.0,"timestamp":1613287906,"path_taken":["M","M","M","M","?","R","E","M","T","M","E","?","R","E"],"items_purchased_type":[],"build_version":"2020-12-22","purchased_purges":0,"victory":false,"max_hp_per_floor":[66,66,66,66,66,66,66,66,66,71,71,71,71,71,71],"relic_stats":{"Darkstone Periapt":0,"Singing Bowl":0,"counters":[10,38],"Ectoplasm":282,"obtain_stats":[{"Darkstone Periapt":11,"Singing Bowl":9,"Ectoplasm":0,"Ring of the Snake":0,"Meat on the Bone":7},{"Darkstone Periapt":9,"Singing Bowl":7,"Ectoplasm":0,"Ring of the Snake":0,"Meat on the Bone":6},{"Darkstone Periapt":35,"Singing Bowl":28,"Ectoplasm":0,"Ring of the Snake":0,"Meat on the Bone":26}],"Meat on the Bone":36},"card_choices":[{"not_picked":["Eviscerate","Cloak And Dagger"],"picked":"Dagger Throw","floor":1},{"not_picked":["Calculated Gamble","Prepared"],"picked":"Terror","floor":2},{"not_picked":["All Out Attack","Backflip"],"picked":"Predator","floor":3},{"not_picked":["Deflect","Riddle With Holes"],"picked":"Concentrate","floor":4},{"not_picked":["Escape Plan","Blur"],"picked":"Backstab","floor":5},{"not_picked":["Flying Knee","PiercingWail"],"picked":"Crippling Poison","floor":7},{"not_picked":["A Thousand Cuts","Deadly Poison"],"picked":"Blade Dance","floor":8},{"not_picked":["Slice","Backflip"],"picked":"Blade Dance","floor":10},{"not_picked":["Dagger Spray","Masterful Stab"],"picked":"Storm of Steel","floor":11}],"player_experience":1082541,"relics_obtained":[{"floor":7,"key":"Meat on the Bone"},{"floor":9,"key":"Singing Bowl"},{"floor":11,"key":"Darkstone Periapt"}],"event_choices":[{"damage_healed":0,"gold_gain":0,"player_choice":"Entered Light","damage_taken":21,"max_hp_gain":0,"max_hp_loss":0,"event_name":"Shining Light","floor":12,"gold_loss":0,"cards_upgraded":["Strike_G","Concentrate"]}],"is_beta":false,"boss_relics":[],"items_purged_floors":[],"is_endless":false,"potions_floor_spawned":[3,5,7,10],"killed_by":"Gremlin Nob","ascension_level":20}}