{"host":"kp5m5tbwfn2imaek","time":1613310982,"event":{"mods":["AchievementEnabler","BaseMod","Bestiary","Minty Spire (QoL Compilation)","Relic Stats"],"gold_per_floor":[119,133,6,26,40,75,145,175,175,175,175,203,214,243,243,243,243],"floor_reached":16,"language":"ENG","playtime":919,"items_purged":["Strike_G"],"score":192,"play_id":"c694ff4a-3659-4106-9346-14e412db981f","local_time":"20210214085622","is_ascension_mode":true,"campfire_choices":[{"floor":11,"key":"REST"},{"floor":15,"key":"REST"}],"circlet_count":0,"master_deck":["AscendersBane","Strike_G","Strike_G","Strike_G","Strike_G","Defend_G","Defend_G","Defend_G","Defend_G","Defend_G","Survivor","Neutralize","Dagger Throw","Sucker Punch","Underhanded Strike","Wraith Form v2","Blade Dance","Infinite Blades","Underhanded Strike","Footwork"],"relics":["Ring of the Snake","Peace Pipe","Calipers","Bag of Marbles","Matryoshka","Bottled Flame","Odd Mushroom"],"acts_visited":["Exordium"],"potions_floor_usage":[8,14,14],"damage_taken":[{"damage":0,"enemies":"Cultist","floor":1,"turns":4},{"damage":0,"enemies":"2 Louse","floor":2,"turns":3},{"damage":2,"enemies":"Jaw Worm","floor":4,"turns":5},{"damage":2,"enemies":"Large Slime","floor":5,"turns":7},{"damage":34,"enemies":"3 Sentries","floor":6,"turns":13},{"damage":5,"enemies":"Gremlin Nob","floor":8,"turns":3},{"damage":34,"enemies":"Lagavulin","floor":12,"turns":8},{"damage":0,"enemies":"2 Fungi Beasts","floor":13,"turns":4},{"damage":1,"enemies":"The Mushroom Lair","floor":14,"turns":4},{"damage":24,"enemies":"Slime Boss","floor":16,"turns":6}],"seed_played":"7417956120471300628","potions_obtained":[{"floor":2,"key":"Swift Potion"},{"floor":8,"key":"Swift Potion"},{"floor":13,"key":"FearPotion"}],"is_trial":false,"path_per_floor":["M","M","$","M","M","E","?","E","T","?","R","E","M","?","R","B"],"character_chosen":"THE_SILENT","items_purchased":["FearPotion"],"campfire_rested":2,"item_purchase_floors":[3],"current_hp_per_floor":[63,63,63,61,59,25,25,20,20,20,38,4,4,3,21,0,0],"gold":243,"neow_bonus":"ONE_RARE_RELIC","is_daily":false,"chose_seed":false,"campfire_upgraded":0,"win_rate":0.0,"timestamp":1613310982,"path_taken":["M","M","?","M","M","E","?","E","T","?","R","E","M","?","R","BOSS"],"items_purchased_type":["Potion"],"build_version":"2020-12-22","purchased_purges":1,"victory":false,"max_hp_per_floor":[63,63,63,63,63,63,63,63,63,63,63,63,63,63,63,63,63],"relic_stats":{"Peace Pipe":0,"counters":[10,57],"obtain_stats":[{"Peace Pipe":0,"Bottled Flame":12,"Calipers":6,"Matryoshka":9,"Bag of Marbles":8,"Odd Mushroom":14,"Ring of the Snake":0},{"Peace Pipe":0,"Bottled Flame":7,"Calipers":5,"Matryoshka":6,"Bag of Marbles":6,"Odd Mushroom":9,"Ring of the Snake":0},{"Peace Pipe":0,"Bottled Flame":43,"Calipers":32,"Matryoshka":35,"Bag of Marbles":35,"Odd Mushroom":51,"Ring of the Snake":0}],"Ring of the Snake":[20]},"card_choices":[{"not_picked":["Underhanded Strike","Cloak And Dagger"],"picked":"Dagger Throw","floor":1},{"not_picked":["Caltrops","Accuracy","Dodge and Roll"],"picked":"SKIP","floor":2},{"not_picked":["Outmaneuver","Dagger Spray"],"picked":"Sucker Punch","floor":4},{"not_picked":["Outmaneuver","Escape Plan"],"picked":"Underhanded Strike","floor":5},{"not_picked":["Eviscerate","Sucker Punch"],"picked":"Wraith Form v2","floor":6},{"not_picked":["Heel Hook","Flying Knee"],"picked":"Blade Dance","floor":8},{"not_picked":["Riddle With Holes","Outmaneuver"],"picked":"Infinite Blades","floor":12},{"not_picked":["Quick Slash","Sucker Punch"],"picked":"Underhanded Strike","floor":13},{"not_picked":["Bane","Infinite Blades"],"picked":"Footwork","floor":14}],"player_experience":730834,"relics_obtained":[{"floor":6,"key":"Calipers"},{"floor":8,"key":"Bag of Marbles"},{"floor":9,"key":"Matryoshka"},{"floor":12,"key":"Bottled Flame"},{"floor":14,"key":"Odd Mushroom"}],"event_choices":[{"damage_healed":0,"gold_gain":70,"player_choice":"Gained Gold","damage_taken":0,"max_hp_gain":0,"max_hp_loss":0,"event_name":"Golden Wing","floor":7,"gold_loss":0},{"damage_healed":0,"gold_gain":0,"player_choice":"Ignored","damage_taken":0,"max_hp_gain":0,"max_hp_loss":0,"event_name":"Liars Game","floor":10,"gold_loss":0},{"damage_healed":0,"gold_gain":0,"player_choice":"Fought Mushrooms","damage_taken":0,"max_hp_gain":0,"max_hp_loss":0,"event_name":"Mushrooms","floor":14,"gold_loss":0}],"is_beta":false,"boss_relics":[],"items_purged_floors":[3],"is_endless":false,"potions_floor_spawned":[2,5,8,13],"killed_by":"Slime Boss","ascension_level":12}}