{"host":"36mulxq349byzoa2","time":1613333671,"event":{"mods":["AchievementEnabler","BaseMod","Block Reminder","Colored Map","Colored Powertips","Minty Spire (QoL Compilation)","Rare Cards Sparkle","StSLib","SuperFastMode"],"gold_per_floor":[118,43,43,57,76,103,103,136,161,161,187,22,52,70,70,70,70],"floor_reached":16,"language":"ENG","playtime":448,"items_purged":["Strike_B"],"score":250,"play_id":"1bd8ac75-3710-4fb8-a2e1-5aed791c76e2","local_time":"20210214151431","is_ascension_mode":true,"campfire_choices":[{"data":"Streamline","floor":7,"key":"SMITH"},{"floor":10,"key":"REST"},{"floor":15,"key":"REST"}],"circlet_count":0,"master_deck":["AscendersBane","Strike_B","Strike_B","Strike_B","Defend_B","Defend_B","Defend_B","Defend_B","Zap","Dualcast","Ball Lightning","Streamline+1","Beam Cell","Sweeping Beam","Rebound","Conserve Battery"],"relics":["Sozu","Bag of Preparation","Happy Flower","Anchor","Mango","Membership Card","Dead Branch"],"acts_visited":["Exordium"],"potions_floor_usage":[],"damage_taken":[{"damage":2,"enemies":"Cultist","floor":1,"turns":4},{"damage":0,"enemies":"Small Slimes","floor":4,"turns":3},{"damage":2,"enemies":"Jaw Worm","floor":5,"turns":2},{"damage":20,"enemies":"Lagavulin","floor":6,"turns":6},{"damage":30,"enemies":"3 Sentries","floor":8,"turns":7},{"damage":8,"enemies":"Gremlin Nob","floor":11,"turns":3},{"damage":8,"enemies":"3 Sentries","floor":13,"turns":6},{"damage":1,"enemies":"3 Louse","floor":14,"turns":3},{"damage":53,"enemies":"Slime Boss","floor":16,"turns":7}],"seed_played":"6908918533147912989","potions_obtained":[],"is_trial":false,"path_per_floor":["M","$","?","M","M","E","R","E","T","R","E","$","E","M","R","B"],"character_chosen":"DEFECT","items_purchased":["Membership Card"],"campfire_rested":2,"item_purchase_floors":[12],"current_hp_per_floor":[62,62,62,62,60,40,40,10,10,31,37,37,29,28,53,0,0],"gold":70,"neow_bonus":"BOSS_RELIC","is_daily":false,"chose_seed":false,"campfire_upgraded":1,"win_rate":0.0,"timestamp":1613333671,"path_taken":["M","$","?","M","M","E","R","E","T","R","E","?","E","M","R","BOSS"],"items_purchased_type":["Relic"],"build_version":"2020-12-22","purchased_purges":1,"victory":false,"max_hp_per_floor":[71,71,71,71,71,71,71,71,71,71,85,85,85,85,85,85,85],"card_choices":[{"not_picked":["Steam","Turbo"],"picked":"Ball Lightning","floor":1},{"not_picked":["Barrage","Double Energy"],"picked":"Streamline","floor":4},{"not_picked":["Cold Snap","Compile Driver"],"picked":"Beam Cell","floor":5},{"not_picked":["Capacitor","Self Repair"],"picked":"Sweeping Beam","floor":6},{"not_picked":["Multi-Cast","Hologram"],"picked":"Rebound","floor":8},{"not_picked":["Turbo","Scrape"],"picked":"Conserve Battery","floor":11},{"not_picked":["Gash","Darkness","Turbo"],"picked":"SKIP","floor":13},{"not_picked":["Go for the Eyes","Redo","Turbo"],"picked":"SKIP","floor":14}],"player_experience":1046269,"relics_obtained":[{"floor":6,"key":"Bag of Preparation"},{"floor":8,"key":"Happy Flower"},{"floor":9,"key":"Anchor"},{"floor":11,"key":"Mango"},{"floor":13,"key":"Dead Branch"}],"event_choices":[{"damage_healed":0,"gold_gain":0,"player_choice":"Got Potions","damage_taken":0,"max_hp_gain":0,"max_hp_loss":0,"event_name":"Lab","floor":3,"gold_loss":0}],"is_beta":false,"boss_relics":[],"items_purged_floors":[2],"is_endless":false,"potions_floor_spawned":[6,11,14],"killed_by":"Slime Boss","ascension_level":19}}