{"host":"cnq91ghfhf6lz0gv","time":1613344744,"event":{"mods":["BaseMod","Clockwork Mod","Colored Map","Colored Powertips","Conspire","Downfall","Googly Eyes","Highlight Path","Minty Spire (QoL Compilation)","Morshu Shopkeeper - ENHANCED","Reliquary","Replay The Spire","StSLib","SuperFastMode","The IronCluck","The Showman","slay the spire mod where everything is the same but ironclad has a cowboy hat"],"gold_per_floor":[115,10,27,27,46,71,86,111,134,134,134,147,147,179,179,181,181],"floor_reached":16,"language":"ENG","playtime":973,"items_purged":[],"score":187,"play_id":"60a14d67-def2-4373-a8cc-c66411a3943b","local_time":"20210214181904","is_ascension_mode":true,"campfire_choices":[{"data":"Eruption","floor":10,"key":"SMITH"},{"data":"Blasphemy","floor":13,"key":"SMITH"},{"floor":15,"key":"DIG"}],"circlet_count":0,"master_deck":["Strike_P+1","Strike_P","Strike_P","Defend_P","Defend_P","Defend_P","Eruption+1","Vigilance+1","FlyingSleeves","LikeWater","BowlingBash","Replay:BluntJabs","ForeignInfluence","Steam","Consecrate","SandsOfTime","Sanctity","Blasphemy+1","Sanctity"],"relics":["bronze:MakeshiftBattery","reliquary:TridentHead","Dream Catcher","Anchor","Oddly Smooth Stone","reliquary:IvoryTrinket"],"acts_visited":["Exordium"],"potions_floor_usage":[],"damage_taken":[{"damage":2,"enemies":"Jaw Worm","floor":1,"turns":5},{"damage":0,"enemies":"Small Slimes","floor":3,"turns":2},{"damage":0,"enemies":"Cultist","floor":5,"turns":2},{"damage":25,"enemies":"Lagavulin","floor":6,"turns":5},{"damage":0,"enemies":"3 Louse","floor":7,"turns":2},{"damage":0,"enemies":"Replay:BlueRogue","floor":8,"turns":5},{"damage":2,"enemies":"Large Slime","floor":12,"turns":5},{"damage":0,"enemies":"3 Sentries","floor":14,"turns":3},{"damage":33,"enemies":"The Guardian","floor":16,"turns":4}],"seed_played":"-7055924671603758661","potions_obtained":[{"floor":1,"key":"SteroidPotion"},{"floor":5,"key":"sneckomod:MuddlingPotion"},{"floor":8,"key":"BottledMiracle"}],"is_trial":false,"path_per_floor":["M","$","M","?","M","E","M","E","T","R","?","M","R","E","R_BF","B"],"character_chosen":"WATCHER","items_purchased":["LikeWater","BowlingBash"],"campfire_rested":0,"item_purchase_floors":[2,2],"current_hp_per_floor":[70,70,70,70,70,45,45,45,45,45,31,29,29,29,29,0,0],"gold":181,"neow_bonus":"BOSS_RELIC","is_daily":false,"chose_seed":false,"campfire_upgraded":2,"win_rate":0.0,"timestamp":1613344744,"path_taken":["M","$","M","?","M","E","M","E","T","R","?","M","R","E","R_BF","BOSS"],"items_purchased_type":["Card","Card"],"build_version":"2020-12-22","purchased_purges":0,"victory":false,"max_hp_per_floor":[72,72,72,72,72,72,72,72,72,72,72,72,72,72,72,72,72],"card_choices":[{"not_picked":["Replay:Battleflow","Pray"],"picked":"FlyingSleeves","floor":1},{"not_picked":["JustLucky","Replay:Cycle"],"picked":"Replay:BluntJabs","floor":3},{"not_picked":["Halt","Replay:ManipulateFuture"],"picked":"Consecrate","floor":5},{"not_picked":["CrushJoints","FlurryOfBlows"],"picked":"SandsOfTime","floor":6},{"not_picked":["ReachHeaven","Prostrate"],"picked":"Sanctity","floor":7},{"not_picked":["Replay:BluntJabs","Replay:AtTheReady","WindmillStrike"],"picked":"SKIP","floor":8},{"not_picked":["Replay:AtTheReady","Sanctity"],"picked":"Blasphemy","floor":12},{"not_picked":["MentalFortress","FlyingSleeves"],"picked":"Sanctity","floor":14}],"player_experience":237057,"relics_obtained":[{"floor":6,"key":"reliquary:TridentHead"},{"floor":8,"key":"Dream Catcher"},{"floor":9,"key":"Anchor"},{"floor":14,"key":"Oddly Smooth Stone"},{"floor":15,"key":"reliquary:IvoryTrinket"}],"event_choices":[{"damage_healed":0,"gold_gain":0,"player_choice":"Entered Light","damage_taken":14,"max_hp_gain":0,"max_hp_loss":0,"event_name":"Shining Light","floor":11,"gold_loss":0,"cards_upgraded":["Strike_P","Vigilance"]}],"is_beta":false,"boss_relics":[],"items_purged_floors":[],"is_endless":false,"potions_floor_spawned":[1,5,8],"killed_by":"The Guardian","ascension_level":2}}