{"host":"q2j4ef1ti78v4imq","time":1613298013,"event":{"mods":["AchievementEnabler","BaseMod","Better Altar","Better Match","Better Note","Better Sensory Stone","Better Skull","Better Third Choice","Block Reminder","Hermit","Minty Spire (QoL Compilation)","Relic Stats","Replay The Spire","Shade Mod","StSLib"],"gold_per_floor":[109,109,121,121,101,101,129,147,171,186,186,373,406,426,426,500,550,562,574,574,586,602,602,632,122,122,122,122,122,133,133,133],"floor_reached":31,"language":"ENG","playtime":1410,"items_purged":["Defend_B"],"score":464,"play_id":"8ad26939-233c-44b0-9989-25e35d30c2d4","local_time":"20210214102013","is_ascension_mode":true,"campfire_choices":[{"floor":6,"key":"REST"},{"floor":11,"key":"REST"},{"floor":15,"key":"REST"},{"data":"Zap","floor":23,"key":"SMITH"},{"data":"Mayhem","floor":27,"key":"SMITH"},{"data":"Panacea","floor":29,"key":"SMITH"}],"circlet_count":0,"master_deck":["AscendersBane","Strike_B","Strike_B","Strike_B","Defend_B","Defend_B","Defend_B","Zap+1","Dualcast","Sweeping Beam+1","ReplayTheSpireMod:Calculation Training+1","Stack","Electrodynamics","Stack","Consume","Self Repair","Redo","Steam","Echo Form","Conserve Battery","BasicCrystalCard","Leap","Conserve Battery","Buffer","Coolheaded","Mayhem+1","Panacea+1","Blind"],"relics":["Cracked Core","Replay:Rubber Ducky","Omamori","Replay:Mystery Machine","ReplayTheSpireMod:TigerMarble","InkBottle","Tiny House","TungstenRod","ReplayTheSpireMod:ShopPack","Emotion Chip","Singing Bowl","Blue Candle"],"acts_visited":["Exordium","TheCity"],"potions_floor_usage":[7,10,16,19,24,24,31],"damage_taken":[{"damage":5,"enemies":"Small Slimes","floor":1,"turns":4},{"damage":8,"enemies":"Jaw Worm","floor":3,"turns":4},{"damage":20,"enemies":"3 Sentries","floor":7,"turns":8},{"damage":0,"enemies":"Cultist","floor":8,"turns":3},{"damage":0,"enemies":"Large Slime","floor":10,"turns":5},{"damage":36,"enemies":"Lagavulin","floor":13,"turns":7},{"damage":1,"enemies":"Blue Slaver","floor":14,"turns":3},{"damage":27,"enemies":"Slime Boss","floor":16,"turns":8},{"damage":15,"enemies":"2 Thieves","floor":18,"turns":4},{"damage":24,"enemies":"Shell Parasite","floor":19,"turns":9},{"damage":16,"enemies":"Centurion and Healer","floor":21,"turns":5},{"damage":0,"enemies":"Chosen and Byrds","floor":22,"turns":4},{"damage":11,"enemies":"Book of Stabbing","floor":24,"turns":6},{"damage":8,"enemies":"Snecko","floor":30,"turns":5},{"damage":41,"enemies":"Cultist and Chosen","floor":31,"turns":5}],"seed_played":"-753934147033986478","potions_obtained":[{"floor":3,"key":"SkillPotion"},{"floor":5,"key":"ColorlessPotion"},{"floor":7,"key":"Elixir"},{"floor":16,"key":"SkillPotion"},{"floor":17,"key":"Flashbang"},{"floor":22,"key":"PowerPotion"},{"floor":24,"key":"PowerPotion"},{"floor":30,"key":"BlessingOfTheForge"}],"is_trial":false,"path_per_floor":["M","?","M","?","?","R","E","M","T","M","R","?","E","M","R","B",null,"M","M","?","M","M","R","E","$","T","R","T","R","M","M"],"character_chosen":"DEFECT","items_purchased":["Coolheaded","ReplayTheSpireMod:ShopPack","Emotion Chip"],"campfire_rested":3,"item_purchase_floors":[25,25,25],"current_hp_per_floor":[59,59,51,16,16,37,17,17,17,17,38,38,9,15,36,16,62,54,37,37,28,35,35,31,31,31,31,31,31,32,0,0],"gold":133,"neow_bonus":"RANDOM_COMMON_RELIC","is_daily":false,"chose_seed":false,"campfire_upgraded":3,"win_rate":0.0,"timestamp":1613298013,"path_taken":["M","?","M","?","?","R","E","M","T","?","R","?","E","M","R","BOSS","M","M","?","M","M","R","E","$","T","R","?","R","M","M"],"items_purchased_type":["Card","Relic","Relic"],"build_version":"2020-12-22","purchased_purges":1,"victory":false,"max_hp_per_floor":[71,71,71,71,71,71,71,71,71,71,71,71,71,71,71,71,76,76,76,76,76,76,76,76,76,76,76,76,76,78,78,78],"relic_stats":{"Emotion Chip":[5,4,1,0,0],"Singing Bowl":2,"counters":[15,80],"Blue Candle":[0],"obtain_stats":[{"Emotion Chip":25,"Tiny House":17,"Singing Bowl":26,"Blue Candle":28,"Omamori":4,"ReplayTheSpireMod:TigerMarble":9,"Replay:Mystery Machine":7,"Cracked Core":0,"InkBottle":13,"TungstenRod":24,"Replay:Rubber Ducky":0,"ReplayTheSpireMod:ShopPack":25},{"Emotion Chip":13,"Tiny House":8,"Singing Bowl":13,"Blue Candle":13,"Omamori":2,"ReplayTheSpireMod:TigerMarble":4,"Replay:Mystery Machine":3,"Cracked Core":0,"InkBottle":6,"TungstenRod":13,"Replay:Rubber Ducky":0,"ReplayTheSpireMod:ShopPack":13},{"Emotion Chip":70,"Tiny House":42,"Singing Bowl":70,"Blue Candle":70,"Omamori":8,"ReplayTheSpireMod:TigerMarble":19,"Replay:Mystery Machine":16,"Cracked Core":0,"InkBottle":31,"TungstenRod":70,"Replay:Rubber Ducky":0,"ReplayTheSpireMod:ShopPack":70}],"InkBottle":[16],"TungstenRod":4},"card_choices":[{"not_picked":["Time Bomb","Sunder"],"picked":"Sweeping Beam","floor":1},{"not_picked":["Sweeping Beam","Compile Driver"],"picked":"Stack","floor":3},{"not_picked":["Steam","Rip and Tear"],"picked":"Electrodynamics","floor":7},{"not_picked":["Blizzard","ReplayTheSpireMod:GoodbyeWorld"],"picked":"Stack","floor":8},{"not_picked":["Hello World","ReplayTheSpireMod:Reroute Power"],"picked":"Consume","floor":10},{"not_picked":["Sweeping Beam","Turbo"],"picked":"Self Repair","floor":12},{"not_picked":["Streamline","Stack"],"picked":"Redo","floor":13},{"not_picked":["Ball Lightning","Panic Button"],"picked":"Steam","floor":14},{"not_picked":["All For One","Mirror Shield"],"picked":"Echo Form","floor":16},{"not_picked":["Redo","Coolheaded"],"picked":"Conserve Battery","floor":17},{"not_picked":["Streamline","Compile Driver","Tempest"],"picked":"SKIP","floor":18},{"not_picked":["Beam Cell","Compile Driver"],"picked":"BasicCrystalCard","floor":19},{"not_picked":["ReplayTheSpireMod:System Scan","Sweeping Beam"],"picked":"Leap","floor":21},{"not_picked":["Reprogram","Ball Lightning"],"picked":"Conserve Battery","floor":22},{"not_picked":["Reinforced Body","Crystallizer"],"picked":"Buffer","floor":24},{"not_picked":["Secret Weapon","The Bomb"],"picked":"Mayhem","floor":25},{"not_picked":["Impatience","Survey Options"],"picked":"Panacea","floor":25},{"not_picked":["ReplayTheSpireMod:Trickstab","ReplayTheSpireMod:Private Reserves"],"picked":"Blind","floor":25},{"not_picked":["Rainbow","Go for the Eyes+1","Leap"],"picked":"Singing Bowl","floor":30}],"player_experience":874110,"relics_obtained":[{"floor":7,"key":"Replay:Mystery Machine"},{"floor":9,"key":"ReplayTheSpireMod:TigerMarble"},{"floor":13,"key":"InkBottle"},{"floor":24,"key":"TungstenRod"},{"floor":26,"key":"Singing Bowl"},{"floor":28,"key":"Blue Candle"}],"event_choices":[{"damage_healed":0,"gold_gain":0,"player_choice":"Relic ","damage_taken":35,"max_hp_gain":0,"max_hp_loss":0,"event_name":"betterThird:BetterScrap","floor":4,"gold_loss":0,"cards_obtained":["ReplayTheSpireMod:Exploit Weakness"]},{"damage_healed":0,"gold_gain":0,"player_choice":"Bought 1 Potion","damage_taken":0,"max_hp_gain":0,"max_hp_loss":0,"event_name":"The Woman in Blue","floor":5,"gold_loss":0},{"damage_healed":0,"gold_gain":0,"player_choice":"Ignored","damage_taken":0,"max_hp_gain":0,"max_hp_loss":0,"event_name":"Ghosts","floor":20,"gold_loss":0}],"is_beta":false,"boss_relics":[{"not_picked":["ChewingGum","Empty Cage"],"picked":"Tiny House"}],"items_purged_floors":[25],"is_endless":false,"potions_floor_spawned":[3,7,16,22,24,30],"killed_by":"Cultist and Chosen","ascension_level":15}}