{"host":"xw709scqdmsx7obr","time":1613314641,"event":{"mods":["BaseMod","Colored Map","Downfall","Minty Spire (QoL Compilation)","Replay The Spire","StSLib"],"gold_per_floor":[117,136,154,8,25,25,35,35,35,35,35,35,35,61,61,61,61],"floor_reached":16,"language":"ENG","playtime":1075,"items_purged":["Strike_G"],"score":105,"play_id":"9d6dbf9e-778a-4682-a864-ac57ce4aeddc","local_time":"20210214095721","is_ascension_mode":true,"campfire_choices":[{"data":"Deflect","floor":6,"key":"SMITH"},{"data":"Blur","floor":8,"key":"SMITH"},{"data":"Sucker Punch","floor":13,"key":"SMITH"},{"data":"Survivor","floor":15,"key":"SMITH"}],"circlet_count":0,"master_deck":["Strike_G","Strike_G","Strike_G","Defend_G","Defend_G","Defend_G","Defend_G","Defend_G","Survivor+1","Neutralize","Blur+1","ReplayTheSpireMod:Exploit Weakness","ReplayTheSpireMod:Exploit Weakness","Sucker Punch+1","Blade Dance+1","Deflect+1"],"relics":["Ring of the Snake","NeowsBlessing","Orichalcum","Potion Belt"],"acts_visited":["Exordium"],"potions_floor_usage":[14,16,16],"damage_taken":[{"damage":0,"enemies":"2 Louse","floor":1,"turns":1},{"damage":0,"enemies":"Cultist","floor":2,"turns":1},{"damage":0,"enemies":"Jaw Worm","floor":3,"turns":1},{"damage":5,"enemies":"Red Slaver","floor":5,"turns":4},{"damage":3,"enemies":"Lots of Slimes","floor":7,"turns":5},{"damage":17,"enemies":"Lagavulin","floor":14,"turns":10},{"damage":64,"enemies":"Fading Forest","floor":16,"turns":8}],"seed_played":"4270981295459166540","potions_obtained":[{"floor":1,"key":"Energy Potion"},{"floor":3,"key":"Weak Potion"},{"floor":7,"key":"Dexterity Potion"}],"is_trial":false,"path_per_floor":["M","M","M","$","M","R","M","R","T","?","?","$","R","E","R","B"],"character_chosen":"THE_SILENT","items_purchased":["Sucker Punch","Blade Dance"],"campfire_rested":0,"item_purchase_floors":[4,4],"current_hp_per_floor":[70,70,70,70,65,65,62,62,62,62,62,62,62,45,45,0,0],"gold":61,"neow_bonus":"THREE_ENEMY_KILL","is_daily":false,"chose_seed":false,"campfire_upgraded":4,"win_rate":0.0,"timestamp":1613314641,"path_taken":["M","M","M","$","M","R","M","R","T","?","?","$","R","E","R","BOSS"],"items_purchased_type":["Card","Card"],"build_version":"2020-12-22","purchased_purges":1,"victory":false,"max_hp_per_floor":[70,70,70,70,70,70,70,70,70,70,70,70,70,70,70,70,70],"card_choices":[{"not_picked":["Sucker Punch","Skewer"],"picked":"Blur","floor":1},{"not_picked":["Bane","Footwork"],"picked":"ReplayTheSpireMod:Exploit Weakness","floor":2},{"not_picked":["Deadly Poison","Underhanded Strike"],"picked":"ReplayTheSpireMod:Exploit Weakness","floor":3},{"not_picked":["Noxious Fumes","Slice"],"picked":"Deflect","floor":5},{"not_picked":["ReplayTheSpireMod:The Works","Deadly Poison","Crippling Poison"],"picked":"SKIP","floor":7},{"not_picked":["Sneak Up","Reflex","Acrobatics"],"picked":"SKIP","floor":14}],"player_experience":109290,"relics_obtained":[{"floor":9,"key":"Orichalcum"},{"floor":14,"key":"Potion Belt"}],"event_choices":[{"damage_healed":0,"gold_gain":0,"player_choice":"Grow","damage_taken":0,"max_hp_gain":0,"max_hp_loss":0,"event_name":"Living Wall","floor":10,"gold_loss":0,"cards_upgraded":["Blade Dance"]},{"cards_removed":["Strike_G"],"damage_healed":0,"gold_gain":0,"player_choice":"Offered Basic","damage_taken":0,"max_hp_gain":0,"max_hp_loss":0,"event_name":"Bonfire Elementals","floor":11,"gold_loss":0}],"is_beta":false,"boss_relics":[],"items_purged_floors":[4],"is_endless":false,"potions_floor_spawned":[1,3,7],"killed_by":"Fading Forest","ascension_level":1}}