{"host":"ige0qftuunv5zgmq","time":1613325760,"event":{"mods":["AchievementEnabler","BaseMod","BetterRewards","Colored Map","Colored Powertips","Hermit","Minty Spire (QoL Compilation)","Shop Mod","StSLib","The Cursed","The Disciple"],"gold_per_floor":[116,116,116,116,132,162,162,162,162,176,209,227,227,240,240,240,240],"floor_reached":16,"language":"ENG","playtime":989,"items_purged":[],"score":110,"play_id":"0bb5dde7-cfd9-4538-b91d-9702e1e318b6","local_time":"20210214130240","is_ascension_mode":false,"campfire_choices":[{"floor":8,"key":"REST"},{"floor":13,"key":"REST"},{"floor":15,"key":"REST"}],"circlet_count":0,"master_deck":["TheCursedMod:Strike_TheCursed","TheCursedMod:Strike_TheCursed","TheCursedMod:Strike_TheCursed","TheCursedMod:Strike_TheCursed","TheCursedMod:Defend_TheCursed","TheCursedMod:Defend_TheCursed","TheCursedMod:Defend_TheCursed","TheCursedMod:Defend_TheCursed","TheCursedMod:CursedWand","TheCursedMod:CleanUpWorkshop","TheCursedMod:Dregs","TheCursedMod:CursedBlade","TheCursedMod:SurpriseAttack+1","TheCursedMod:SoulReap","TheCursedMod:NeowsMight","TheCursedMod:Obscuration","TheCursedMod:CursedAmulet","TheCursedMod:Stretching","TheCursedMod:Torture"],"relics":["TheCursedMod:BlackMagic101","Orichalcum","TheCursedMod:BloodyHarpoon","Meat on the Bone","Bottled Lightning"],"acts_visited":["Exordium"],"potions_floor_usage":[6,11,16,16],"damage_taken":[{"damage":2,"enemies":"Small Slimes","floor":1,"turns":3},{"damage":6,"enemies":"Jaw Worm","floor":5,"turns":4},{"damage":32,"enemies":"Lagavulin","floor":6,"turns":6},{"damage":0,"enemies":"2 Louse","floor":10,"turns":2},{"damage":19,"enemies":"3 Sentries","floor":11,"turns":6},{"damage":12,"enemies":"2 Fungi Beasts","floor":12,"turns":4},{"damage":2,"enemies":"Blue Slaver","floor":14,"turns":4},{"damage":81,"enemies":"Slime Boss","floor":16,"turns":10}],"seed_played":"2782724837958507804","potions_obtained":[{"floor":1,"key":"AttackPotion"},{"floor":10,"key":"LiquidBronze"},{"floor":11,"key":"BlessingOfTheForge"},{"floor":14,"key":"SteroidPotion"}],"is_trial":false,"path_per_floor":["M","?","?","?","M","E","?","R","T","M","E","M","R","M","R","B"],"character_chosen":"THE_CURSED","items_purchased":[],"campfire_rested":3,"item_purchase_floors":[],"current_hp_per_floor":[73,73,78,71,65,38,38,62,62,62,48,41,65,68,80,0,0],"gold":240,"neow_bonus":"THREE_CARDS","is_daily":false,"chose_seed":false,"campfire_upgraded":0,"win_rate":0.0,"timestamp":1613325760,"path_taken":["M","?","?","?","M","E","?","R","T","M","E","M","R","M","R","BOSS"],"items_purchased_type":[],"build_version":"2020-12-22","purchased_purges":0,"victory":false,"max_hp_per_floor":[75,75,80,80,80,80,80,80,80,80,80,80,80,80,80,80,80],"card_choices":[{"not_picked":["TheCursedMod:SoulCrush","TheCursedMod:Stigma"],"picked":"TheCursedMod:CursedBlade","floor":0},{"not_picked":["TheCursedMod:ReleasedKnowledge","TheCursedMod:SmokeScreen"],"picked":"TheCursedMod:SurpriseAttack","floor":1},{"not_picked":["TheCursedMod:FleshFromBone","TheCursedMod:Evocation"],"picked":"TheCursedMod:SoulReap","floor":5},{"not_picked":["TheCursedMod:CircleOfFlame","TheCursedMod:Obscuration"],"picked":"TheCursedMod:NeowsMight","floor":6},{"not_picked":["TheCursedMod:SurpriseAttack","TheCursedMod:CursedBoomerang"],"picked":"TheCursedMod:Obscuration","floor":10},{"not_picked":["TheCursedMod:FleshFromBone","TheCursedMod:ManaBullet"],"picked":"TheCursedMod:CursedAmulet","floor":11},{"not_picked":["TheCursedMod:VitalStrike","TheCursedMod:CursedBlade"],"picked":"TheCursedMod:Stretching","floor":12},{"not_picked":["TheCursedMod:CircleOfFlame","TheCursedMod:FuryStrike"],"picked":"TheCursedMod:Torture","floor":14}],"player_experience":29552,"relics_obtained":[{"floor":6,"key":"TheCursedMod:BloodyHarpoon"},{"floor":9,"key":"Meat on the Bone"},{"floor":11,"key":"Bottled Lightning"}],"event_choices":[{"damage_healed":0,"gold_gain":0,"player_choice":"Grow","damage_taken":0,"max_hp_gain":0,"max_hp_loss":0,"event_name":"Living Wall","floor":2,"gold_loss":0,"cards_upgraded":["TheCursedMod:SurpriseAttack"]},{"damage_healed":0,"gold_gain":0,"player_choice":"Donut","damage_taken":0,"max_hp_gain":5,"max_hp_loss":0,"event_name":"Big Fish","floor":3,"gold_loss":0},{"damage_healed":0,"gold_gain":0,"player_choice":"Success","damage_taken":7,"relics_obtained":["Orichalcum"],"max_hp_gain":0,"max_hp_loss":0,"event_name":"Scrap Ooze","floor":4,"gold_loss":0},{"damage_healed":0,"gold_gain":0,"player_choice":"Searched \u00271\u0027 times","damage_taken":0,"max_hp_gain":0,"max_hp_loss":0,"event_name":"Dead Adventurer","floor":7,"gold_loss":0}],"is_beta":false,"boss_relics":[],"items_purged_floors":[],"is_endless":false,"potions_floor_spawned":[1,10,11,14],"killed_by":"Slime Boss","ascension_level":0}}