{"host":"Krakhan","time":1613335016,"event":{"mods":["AchievementEnabler","BaseMod","Colored Map","Colored Powertips","Faster Ascension Climbing","Highlight Path","Minty Spire (QoL Compilation)","Rare Cards Sparkle","Relic Stats","StSLib"],"gold_per_floor":[111,125,275,294,47,77,77,77,102,114,114,146,146,158,158,229,229,241,25,25,25,25,25,25,57,57,57,75,75,89,122,122,194,194,205,217,80,92,92,92],"floor_reached":39,"language":"ENG","playtime":2900,"items_purged":["Doubt","Steam"],"score":954,"play_id":"db3b7d23-971a-4476-b1fb-c0401bd17b3d","local_time":"20210214153656","is_ascension_mode":true,"campfire_choices":[{"data":"Meteor Strike","floor":13,"key":"SMITH"},{"floor":15,"key":"REST"},{"data":"Defragment","floor":23,"key":"SMITH"},{"data":"Ghostly","floor":27,"key":"SMITH"},{"data":"Ghostly","floor":29,"key":"SMITH"},{"data":"Ghostly","floor":32,"key":"SMITH"}],"circlet_count":0,"master_deck":["AscendersBane","Dualcast","Streamline","Beam Cell","Conserve Battery","Ball Lightning","Go for the Eyes","Glacier","Meteor Strike+1","Chaos","Hyperbeam","Undo","Force Field","Glacier","Leap","Sweeping Beam","Machine Learning","Defragment+1","Aggregate","Necronomicurse","Ball Lightning","Ghostly+1","Ghostly+1","Ghostly+1","Turbo","Core Surge","Conserve Battery","Multi-Cast","White Noise","Coolheaded+1","Fusion","Hologram"],"relics":["Velvet Choker","Pen Nib","Strawberry","Lantern","Pandora\u0027s Box","Lee\u0027s Waffle","Necronomicon","Vajra","Thread and Needle","Meat on the Bone","Inserter"],"acts_visited":["Exordium","TheCity","TheBeyond"],"potions_floor_usage":[6,12,12,30,31,33],"damage_taken":[{"damage":2.0,"enemies":"Small Slimes","floor":1.0,"turns":5.0},{"damage":2.0,"enemies":"2 Louse","floor":2.0,"turns":3.0},{"damage":7.0,"enemies":"Jaw Worm","floor":4.0,"turns":3.0},{"damage":35,"enemies":"3 Sentries","floor":6,"turns":8},{"damage":6,"enemies":"Looter","floor":10,"turns":3},{"damage":0,"enemies":"Gremlin Nob","floor":12,"turns":3},{"damage":8,"enemies":"Blue Slaver","floor":14,"turns":2},{"damage":31,"enemies":"Slime Boss","floor":16,"turns":11},{"damage":0,"enemies":"Shell Parasite","floor":18,"turns":6},{"damage":2,"enemies":"Slavers","floor":25,"turns":5},{"damage":0,"enemies":"Spheric Guardian","floor":28,"turns":1},{"damage":0,"enemies":"Cultist and Chosen","floor":30,"turns":7},{"damage":0,"enemies":"Gremlin Leader","floor":31,"turns":5},{"damage":24,"enemies":"Champ","floor":33,"turns":20},{"damage":11,"enemies":"3 Darklings","floor":35,"turns":7},{"damage":0,"enemies":"Orb Walker","floor":36,"turns":3},{"damage":1,"enemies":"4 Shapes","floor":38,"turns":3},{"damage":25,"enemies":"Jaw Worm Horde","floor":39,"turns":1}],"seed_played":"-2308917475152796228","potions_obtained":[{"floor":1.0,"key":"Ancient Potion"},{"floor":6,"key":"DuplicationPotion"},{"floor":30,"key":"SteroidPotion"},{"floor":31,"key":"Dexterity Potion"},{"floor":33,"key":"SpeedPotion"}],"is_trial":false,"path_per_floor":["M","M","?","M","$","E","?","?","T","M","?","E","R","M","R","B",null,"M","$","?","?","?","R","?","E","T","R","M","R","M","E","R","B",null,"M","M","$","M","M"],"character_chosen":"DEFECT","items_purchased":["Ball Lightning","Go for the Eyes","BlessingOfTheForge","Lee\u0027s Waffle","Swift Potion","Fusion"],"campfire_rested":1,"item_purchase_floors":[5,5,5,19,19,37],"current_hp_per_floor":[62,60,60,53,53,18,18,18,25,19,45,45,45,37,60,29,66,66,85,64,64,42,42,30,28,28,28,28,28,28,28,28,16,36,25,25,25,24,0,0],"gold":92,"neow_bonus":"BOSS_RELIC","is_daily":false,"chose_seed":false,"campfire_upgraded":5,"win_rate":0.0,"timestamp":1613335016,"path_taken":["M","M","?","M","$","E","?","?","T","?","?","E","R","M","R","BOSS","M","$","?","?","?","R","?","E","T","R","M","R","M","E","R","BOSS","M","?","?","M","M"],"items_purchased_type":["Card","Card","Potion","Relic","Potion","Card"],"build_version":"2020-12-18","purchased_purges":2,"victory":false,"max_hp_per_floor":[71,71,71,71,71,71,71,71,78,78,78,78,78,78,78,78,78,78,85,85,85,42,42,42,42,42,42,42,42,42,42,42,42,42,42,42,42,42,42,42],"relic_stats":{"Lee\u0027s Waffle":19,"Inserter":[7],"counters":[18,96],"Pandora\u0027s Box":["Undo","Force Field","Glacier","Leap","Sweeping Beam","Machine Learning","Defragment"],"Pen Nib":[12],"Necronomicon":[18],"obtain_stats":[{"Lantern":12,"Lee\u0027s Waffle":19,"Inserter":34,"Strawberry":9,"Velvet Choker":0,"Vajra":25,"Pandora\u0027s Box":17,"Thread and Needle":26,"Pen Nib":6,"Necronomicon":20,"Cracked Core":0,"Meat on the Bone":31},{"Lantern":6,"Lee\u0027s Waffle":9,"Inserter":14,"Strawberry":4,"Velvet Choker":0,"Vajra":10,"Pandora\u0027s Box":8,"Thread and Needle":10,"Pen Nib":4,"Necronomicon":9,"Cracked Core":0,"Meat on the Bone":13},{"Lantern":25,"Lee\u0027s Waffle":44,"Inserter":82,"Strawberry":19,"Velvet Choker":0,"Vajra":49,"Pandora\u0027s Box":38,"Thread and Needle":49,"Pen Nib":19,"Necronomicon":44,"Cracked Core":0,"Meat on the Bone":62}],"Meat on the Bone":12},"card_choices":[{"not_picked":["FTL","Redo"],"picked":"Streamline","floor":1.0},{"not_picked":["Steam Power","Hologram"],"picked":"Beam Cell","floor":2.0},{"not_picked":["Storm","Steam Power"],"picked":"Conserve Battery","floor":4.0},{"not_picked":["Heatsinks","Go for the Eyes"],"picked":"Leap","floor":6},{"not_picked":["Gash","Leap"],"picked":"Glacier","floor":10},{"not_picked":["Machine Learning","Streamline"],"picked":"Meteor Strike","floor":12},{"not_picked":["Streamline","Rebound"],"picked":"Chaos","floor":14},{"not_picked":["Amplify","Machine Learning"],"picked":"Hyperbeam","floor":16},{"not_picked":["Steam","Recycle"],"picked":"Aggregate","floor":18},{"not_picked":["Heatsinks","FTL","Redo"],"picked":"SKIP","floor":25},{"not_picked":["Static Discharge","Cold Snap"],"picked":"Turbo","floor":28},{"not_picked":["Undo+1","Conserve Battery"],"picked":"Core Surge","floor":30},{"not_picked":["Static Discharge","Sweeping Beam"],"picked":"Conserve Battery","floor":31},{"not_picked":["Machine Learning","Fission"],"picked":"Multi-Cast","floor":33},{"not_picked":["Ball Lightning","Melter+1"],"picked":"White Noise","floor":35},{"not_picked":["Genetic Algorithm","Steam Power"],"picked":"Coolheaded+1","floor":36},{"not_picked":["Go for the Eyes","All For One"],"picked":"Hologram","floor":38}],"player_experience":1394659,"relics_obtained":[{"floor":6,"key":"Pen Nib"},{"floor":9,"key":"Strawberry"},{"floor":12,"key":"Lantern"},{"floor":20,"key":"Necronomicon"},{"floor":25,"key":"Vajra"},{"floor":26,"key":"Thread and Needle"},{"floor":31,"key":"Meat on the Bone"}],"event_choices":[{"damage_healed":0.0,"max_hp_gain":0.0,"max_hp_loss":0.0,"gold_gain":150.0,"event_name":"Liars Game","player_choice":"AGREE","floor":3.0,"gold_loss":0.0,"damage_taken":0.0,"cards_obtained":["Doubt"]},{"cards_removed":["Strike_B"],"damage_healed":0,"gold_gain":0,"player_choice":"Forget","damage_taken":0,"max_hp_gain":0,"max_hp_loss":0,"event_name":"Living Wall","floor":7,"gold_loss":0},{"damage_healed":0,"gold_gain":0,"player_choice":"Ignored","damage_taken":0,"max_hp_gain":0,"max_hp_loss":0,"event_name":"Shining Light","floor":8,"gold_loss":0},{"damage_healed":26,"gold_gain":0,"player_choice":"Banana","damage_taken":0,"max_hp_gain":0,"max_hp_loss":0,"event_name":"Big Fish","floor":11,"gold_loss":0},{"damage_healed":0,"gold_gain":0,"player_choice":"Obtained Book","damage_taken":21,"max_hp_gain":0,"max_hp_loss":0,"event_name":"Cursed Tome","floor":20,"gold_loss":0},{"damage_healed":0,"gold_gain":0,"cards_transformed":["Zap","Leap"],"player_choice":"Became Test Subject","damage_taken":0,"max_hp_gain":0,"max_hp_loss":0,"event_name":"Drug Dealer","floor":21,"gold_loss":0,"cards_obtained":["Ball Lightning","Steam"]},{"damage_healed":0,"gold_gain":0,"player_choice":"Became a Ghost","damage_taken":0,"max_hp_gain":0,"max_hp_loss":43,"event_name":"Ghosts","floor":22,"gold_loss":0,"cards_obtained":["Ghostly","Ghostly","Ghostly"]},{"damage_healed":0,"gold_gain":0,"player_choice":"POTION ","damage_taken":12,"max_hp_gain":0,"max_hp_loss":0,"event_name":"Knowing Skull","floor":24,"potions_obtained":["Block Potion"],"gold_loss":0,"cards_obtained":[]}],"is_beta":true,"boss_relics":[{"not_picked":["Coffee Dripper","SlaversCollar"],"picked":"Pandora\u0027s Box"},{"not_picked":["Runic Dome","Sozu"],"picked":"Inserter"}],"items_purged_floors":[5,37],"is_endless":false,"potions_floor_spawned":[1,6,10,30,31,33,35],"killed_by":"Jaw Worm Horde","ascension_level":20}}