{"host":"dr01x95rw3kaiuk5","time":1613290060,"event":{"mods":["ATMod(°¢èªMod)","Act Like it!","Arknights","BaseMod","Colored Powertips","Conspire","Energized Spire","Friendly Minions","Gensokyo","GifTheSpireLib","Minty Spire (QoL Compilation)","MostiFishMod","Reliquary","Remilia£¨ÀÙÃ×ÀòÑÇ£©","Replay The Spire","Shop Mod","Spicy Shops","StSLib","TestMod","UnlockEverythingMod","[IsaacMod]ÒÔÈö¼âËþ","¡¾ÒÅÎï¿¨ÅÆ¡¿REMEMod"],"gold_per_floor":[112,387,399,410,410,444,444,229,229,256,356,371,113,512,512,585,585,600,313,313,6,21,21,39,39,39,82,107,107,136,136,136,206,206,220,236,61,79,93,125,125,176,199,216,216,16,115,115,115,115,115],"floor_reached":52,"language":"ZHS","playtime":2315,"items_purged":["Strike_G","Strike_G","Strike_G","Strike_G","Defend_G","Defend_G"],"score":2477,"play_id":"becd9d18-5c4f-42df-831f-3d9d15b68e23","local_time":"20210214160740","is_ascension_mode":true,"campfire_choices":[{"data":"HalloweenModCandy","floor":7.0,"key":"SMITH"},{"floor":15.0,"key":"DIG"},{"data":"AT_FamilyPortrait","floor":23.0,"key":"SMITH"},{"data":"HalloweenModCandy","floor":32.0,"key":"SMITH"},{"data":"MostiFishMod:NightSea","floor":41.0,"key":"SMITH"},{"data":"MostiFishMod:SparklingWater","floor":45.0,"key":"SMITH"}],"circlet_count":0,"master_deck":["AscendersBane","Defend_G","Defend_G","Defend_G","Survivor","Neutralize","AT_FamilyPortrait+1","MostiFishMod:Neptune","MostiFishMod:TheEndOfMoonlight","MostiFishMod:SparklingWater+1","MostiFishMod:FantasySummer+1","MostiFishMod:NightSea+1","EpicFetus","HalloweenModCandy+1","Regret","HalloweenModGhostCostume","HalloweenModTrick","HalloweenModGhostCostume","Choke+1","HalloweenModGhostCostume","HalloweenModGhostCostume","HalloweenModTrick+1","HalloweenModCandy+1"],"relics":["Ring of the Snake","testmod-TestBox","AT_ATBox","DaveBox","REME_ComplimentaryCards","HalloweenModHalloween","Blue Candle","Leech","MoonlightInvasionPlan","NeowsBlessing","SynthV:TestCard","testmod-Hope","AT_BellDemon","SynthV:C4","reliquary:RoseTintedGlasses","testmod-Charity","reliquary:RadioactivePellet","RhineCircuit","Akabeko","Nilry\u0027s Codex","Chaos","DataDisk","BirthdayGift-Icosahedron","Ring of the Serpent","reliquary:WritOfMandamus","Snecko Scales","BookofShadows","Bag of Preparation"],"acts_visited":["Exordium","TheCity","TheBeyond"],"potions_floor_usage":[],"damage_taken":[{"damage":0.0,"enemies":"Small Slimes","floor":1.0,"turns":1.0},{"damage":2.0,"enemies":"Cultist","floor":3.0,"turns":1.0},{"damage":0.0,"enemies":"2 Louse","floor":4.0,"turns":1.0},{"damage":7.0,"enemies":"3 Sentries","floor":6.0,"turns":3.0},{"damage":1.0,"enemies":"Replay:BlueRogue","floor":10.0,"turns":1.0},{"damage":1.0,"enemies":"Looter","floor":12.0,"turns":1.0},{"damage":13.0,"enemies":"Hexaghost","floor":16.0,"turns":3.0},{"damage":2.0,"enemies":"Spheric Guardian","floor":18.0,"turns":1.0},{"damage":2.0,"enemies":"Chosen","floor":22.0,"turns":1.0},{"damage":0.0,"enemies":"Snecko","floor":24.0,"turns":2.0},{"damage":10.0,"enemies":"Snake Plant","floor":27.0,"turns":2.0},{"damage":10.0,"enemies":"REME_1_Revenger","floor":28.0,"turns":4.0},{"damage":1.0,"enemies":"Book of Stabbing","floor":30.0,"turns":2.0},{"damage":1.0,"enemies":"Automaton","floor":33.0,"turns":2.0},{"damage":0.0,"enemies":"Orb Walker","floor":35.0,"turns":1.0},{"damage":0.0,"enemies":"3 Darklings","floor":36.0,"turns":2.0},{"damage":14.0,"enemies":"Sphere and 2 Shapes","floor":38.0,"turns":1.0},{"damage":0.0,"enemies":"Spire Growth","floor":39.0,"turns":2.0},{"damage":1.0,"enemies":"Reptomancer","floor":40.0,"turns":1.0},{"damage":1.0,"enemies":"Maw","floor":44.0,"turns":2.0},{"damage":1,"enemies":"Time Eater","floor":50,"turns":3},{"damage":1,"enemies":"Donu and Deca","floor":51,"turns":2}],"seed_played":"-9126708150694304666","potions_obtained":[{"floor":1.0,"key":"Swift Potion"},{"floor":6.0,"key":"Flashbang"},{"floor":12.0,"key":"Block Potion"},{"floor":28.0,"key":"Poison Potion"},{"floor":40.0,"key":"Milkshake"}],"is_trial":false,"path_per_floor":["M","?","M","M","?","E","R","$","T","E","?","M","$","?","R","B",null,"M","$","?","$","M","R","M","$","T","M","E","?","E","?","R","B",null,"M","M","$","M","M","E","R","?","T","M","R","$","?","$","R","B","B",null],"character_chosen":"THE_SILENT","items_purchased":["AT_BellDemon","Choke+1","testmod-Charity","Akabeko","Chaos"],"campfire_rested":0,"item_purchase_floors":[8,8,13,19,21],"current_hp_per_floor":[59,59,61,65,58,57,57,57,57,56,56,55,55,56,56,51,64,67,67,46,46,49,49,52,52,52,45,47,47,61,57,57,71,75,77,78,78,67,78,79,79,54,55,65,65,65,66,66,85,85,85],"gold":115,"neow_bonus":"THREE_ENEMY_KILL","is_daily":false,"chose_seed":false,"campfire_upgraded":5,"win_rate":0.0,"timestamp":1613290060,"path_taken":["M","?","M","M","?","E","R","$","T","E","?","M","?","?","R","BOSS","M","$","?","?","M","R","?","$","T","M","E","?","E","?","R","BOSS","M","?","$","M","M","E","R","?","T","M","R","?","?","$","R","BOSS","BOSS"],"items_purchased_type":["Relic","Card","Relic","Relic","Card"],"build_version":"2020-12-22","purchased_purges":6,"victory":true,"max_hp_per_floor":[66,66,66,66,66,66,66,66,66,66,66,66,66,67,67,68,68,69,69,69,69,70,70,71,71,71,73,74,74,75,75,75,76,76,77,78,78,79,80,81,81,82,83,84,84,84,85,85,85,85,85],"card_choices":[{"not_picked":[],"picked":"EpicFetus","floor":0.0},{"not_picked":["HalloweenModTrick","HalloweenModGhostCostume"],"picked":"HalloweenModCandy","floor":1.0},{"not_picked":["HalloweenModGhostCostume","HalloweenModTrick","HalloweenModCandy","HalloweenModCandy"],"picked":"HalloweenModGhostCostume","floor":3.0},{"not_picked":["HalloweenModGhostCostume","HalloweenModCandy","HalloweenModTrick","HalloweenModGhostCostume"],"picked":"HalloweenModTrick","floor":4.0},{"not_picked":["HalloweenModCandy","HalloweenModTrick","HalloweenModCandy","HalloweenModTrick"],"picked":"HalloweenModGhostCostume","floor":6.0},{"not_picked":["HalloweenModTrick","HalloweenModCandy","HalloweenModTrick","HalloweenModTrick"],"picked":"HalloweenModGhostCostume","floor":10.0},{"not_picked":["MostiFishMod:FrostNova","REME_GreenPollution","Accuracy","Backstab"],"picked":"Bomb","floor":11.0},{"not_picked":["HalloweenModCandy","HalloweenModTrick","HalloweenModGhostCostume","HalloweenModTrick","HalloweenModTrick"],"picked":"SKIP","floor":12.0},{"not_picked":["HalloweenModCandy","HalloweenModTrick","HalloweenModGhostCostume","HalloweenModGhostCostume+1"],"picked":"HalloweenModGhostCostume","floor":18.0},{"not_picked":["HalloweenModTrick","HalloweenModGhostCostume","HalloweenModCandy","HalloweenModCandy","HalloweenModTrick"],"picked":"SKIP","floor":22.0},{"not_picked":["HalloweenModCandy","HalloweenModTrick","HalloweenModGhostCostume","HalloweenModCandy+1"],"picked":"HalloweenModTrick+1","floor":24.0},{"not_picked":["HalloweenModTrick","HalloweenModGhostCostume","HalloweenModGhostCostume","HalloweenModGhostCostume"],"picked":"HalloweenModCandy","floor":27.0},{"not_picked":["HalloweenModTrick","HalloweenModCandy","HalloweenModGhostCostume+1","HalloweenModGhostCostume","HalloweenModTrick"],"picked":"SKIP","floor":28.0},{"not_picked":["HalloweenModTrick","HalloweenModCandy","HalloweenModGhostCostume","HalloweenModCandy","HalloweenModCandy"],"picked":"SKIP","floor":30.0},{"not_picked":["HalloweenModCandy","HalloweenModTrick","HalloweenModGhostCostume","HalloweenModCandy","HalloweenModCandy+1"],"picked":"SKIP","floor":35.0},{"not_picked":["HalloweenModTrick","HalloweenModCandy","HalloweenModGhostCostume","HalloweenModGhostCostume","HalloweenModCandy+1"],"picked":"SKIP","floor":36.0},{"not_picked":["HalloweenModTrick","HalloweenModGhostCostume","HalloweenModCandy","HalloweenModGhostCostume","HalloweenModCandy"],"picked":"SKIP","floor":38.0},{"not_picked":["HalloweenModTrick","HalloweenModCandy+1","HalloweenModGhostCostume","HalloweenModTrick","HalloweenModTrick"],"picked":"SKIP","floor":39.0},{"not_picked":["HalloweenModCandy+1","HalloweenModGhostCostume","HalloweenModTrick","HalloweenModCandy+1","HalloweenModGhostCostume"],"picked":"SKIP","floor":40.0},{"not_picked":["HalloweenModGhostCostume","HalloweenModTrick","HalloweenModCandy","HalloweenModCandy","HalloweenModGhostCostume"],"picked":"SKIP","floor":44.0}],"player_experience":205986,"relics_obtained":[{"floor":1.0,"key":"SynthV:TestCard"},{"floor":6.0,"key":"testmod-Hope"},{"floor":9.0,"key":"SynthV:C4"},{"floor":10.0,"key":"reliquary:RoseTintedGlasses"},{"floor":15.0,"key":"reliquary:RadioactivePellet"},{"floor":20.0,"key":"Nilry\u0027s Codex"},{"floor":26.0,"key":"DataDisk"},{"floor":28.0,"key":"BirthdayGift-Icosahedron"},{"floor":30.0,"key":"Ring of the Serpent"},{"floor":40.0,"key":"Snecko Scales"},{"floor":42.0,"key":"BookofShadows"},{"floor":43.0,"key":"Bag of Preparation"}],"event_choices":[{"damage_healed":0.0,"max_hp_gain":0.0,"max_hp_loss":0.0,"gold_gain":275.0,"event_name":"Golden Shrine","player_choice":"Desecrate","floor":2.0,"gold_loss":0.0,"damage_taken":0.0,"cards_obtained":["Regret"]},{"cards_removed":["Strike_G"],"damage_healed":0.0,"max_hp_gain":0.0,"max_hp_loss":0.0,"gold_gain":0.0,"event_name":"Golden Wing","player_choice":"Card Removal","floor":5.0,"gold_loss":0.0,"damage_taken":7.0},{"damage_healed":0.0,"max_hp_gain":0.0,"max_hp_loss":0.0,"gold_gain":400.0,"event_name":"¶÷ÂåË¹µÄÅÌ×Ó","player_choice":"Sell","floor":14.0,"relics_lost":["HushsDoor"],"gold_loss":0.0,"damage_taken":0.0},{"damage_healed":0.0,"max_hp_gain":0.0,"max_hp_loss":0.0,"gold_gain":0.0,"event_name":"Cursed Tome","player_choice":"Obtained Book","floor":20.0,"gold_loss":0.0,"damage_taken":21.0},{"damage_healed":0.0,"max_hp_gain":0.0,"max_hp_loss":0.0,"gold_gain":0.0,"event_name":"Ghosts","player_choice":"Ignored","floor":29.0,"gold_loss":0.0,"damage_taken":0.0},{"damage_healed":0.0,"max_hp_gain":0.0,"max_hp_loss":0.0,"gold_gain":0.0,"event_name":"conspire:Investor","player_choice":"Leave","floor":31.0,"gold_loss":0.0,"damage_taken":0.0}],"is_beta":false,"boss_relics":[{"not_picked":["ChampionBelt","Honey Jar"],"picked":"RhineCircuit"},{"not_picked":["Succubus","Guide Book"],"picked":"reliquary:WritOfMandamus"}],"items_purged_floors":[8,13,19,21,37,46],"is_endless":false,"potions_floor_spawned":[1,6,12,18,27,28,39,40,44],"ascension_level":20}}