{"host":"31srvgftwd43oumg","time":1613293537,"event":{"mods":["BaseMod","BetterRewards","Card Forge","Downfall","Hubris","Infinite Spire","Koishi","Luminous","Marisa????????","Minty Spire (QoL Compilation)","Remilia??????","Replay The Spire","Shop Mod","StSLib","The Bug Knight","The Cursed","The Death Knight","The Exalted","The Hierophant","The Mystic","The Necromancer"],"gold_per_floor":[411,411,49,61,74,74,106,106,106,125,155,155,184,184,184,289,339,349,312,332,343,343,377,377,412,412,425,455,455,469,544,544,642,642,659,671,390,390,409,409,421,421,421,421,64,90,90,107,107,107],"floor_reached":51,"language":"ENG","playtime":1453,"items_purged":[],"score":1003,"play_id":"64a95d24-fbeb-45ad-87d0-49dec91500c2","local_time":"20210214030537","daily_mods":["SealedDeck","Heirloom","Elite Swarm"],"is_ascension_mode":false,"campfire_choices":[{"data":"Flex","floor":6,"key":"SMITH"},{"data":"Clash","floor":8,"key":"SMITH"},{"data":"Clash","floor":15,"key":"SMITH"},{"data":"Pommel Strike","floor":24,"key":"SMITH"},{"data":"Limit Break","floor":29,"key":"SMITH"},{"data":"Inflame","floor":32,"key":"SMITH"},{"data":"ReplayTheSpireMod:LeadingStrike","floor":40,"key":"SMITH"},{"data":"Offering","floor":42,"key":"SMITH"},{"data":"Pommel Strike","floor":44,"key":"SMITH"},{"data":"Demon Form","floor":47,"key":"SMITH"},{"floor":49,"key":"DIG"}],"circlet_count":0,"master_deck":["Clash+1","Clash+1","ReplayTheSpireMod:LeadingStrike+1","Pommel Strike+1","Pommel Strike+1","Perfected Strike+1","Cleave+1","Thunderclap+1","Flex+1","Offering+1","Iron Wave+1","Replay:Undeath\u0027s Touch+1","Inflame+1","Limit Break+1","Clash+1","Clash+1","Violence+1","Demon Form+1"],"relics":["Burning Blood","Hammer of Thor","Seething Fire","Anvil of the Gods","Old Coin","Membership Card","hubris:DeckOfHolding","Lantern","infinitespire:PuzzleCube","Quantum Egg","Molten Egg 2","Meat on the Bone","hubris:Icosahedron","Tiny House","Regal Pillow","White Beast Statue","King of Hearts","Gremlin Food","SacredBark","ReplayTheSpireMod:TigerMarble","Chameleon Ring","Strange Spoon","DeathKnight:PutricidesVial","Bromod:ArcaneDeflection","Paper Frog","Replay:Bottled Snecko","Gremlin Horn"],"acts_visited":["Exordium","TheCity","TheBeyond"],"potions_floor_usage":[16,23,50],"damage_taken":[{"damage":0,"enemies":"Jaw Worm","floor":1,"turns":1},{"damage":0,"enemies":"Cultist","floor":4,"turns":1},{"damage":0,"enemies":"Small Slimes","floor":5,"turns":1},{"damage":18,"enemies":"Lagavulin","floor":7,"turns":3},{"damage":6,"enemies":"Looter","floor":10,"turns":1},{"damage":6,"enemies":"Replay:BlueRogue","floor":11,"turns":1},{"damage":6,"enemies":"Gremlin Nob","floor":13,"turns":1},{"damage":46,"enemies":"The Guardian","floor":16,"turns":5},{"damage":0,"enemies":"Spheric Guardian","floor":18,"turns":1},{"damage":6,"enemies":"3 Byrds","floor":20,"turns":3},{"damage":27,"enemies":"Snake Plant","floor":21,"turns":2},{"damage":17,"enemies":"Book of Stabbing","floor":23,"turns":3},{"damage":6,"enemies":"Replay:Snechameleon","floor":25,"turns":1},{"damage":6,"enemies":"Centurion and Healer","floor":27,"turns":2},{"damage":6,"enemies":"HollowMod:Nosk","floor":28,"turns":2},{"damage":6,"enemies":"Cultist and Chosen","floor":30,"turns":2},{"damage":16,"enemies":"hubris:MusketHawk","floor":33,"turns":3},{"damage":6,"enemies":"Orb Walker","floor":35,"turns":1},{"damage":10,"enemies":"3 Shapes","floor":36,"turns":2},{"damage":12,"enemies":"Writhing Mass","floor":39,"turns":2},{"damage":9,"enemies":"4 Shapes","floor":41,"turns":1},{"damage":6,"enemies":"HollowMod:StalkingDevout","floor":46,"turns":2},{"damage":6,"enemies":"Transient","floor":48,"turns":5},{"damage":20,"enemies":"Awakened One","floor":50,"turns":3}],"seed_played":"8523871172241998958","potions_obtained":[{"floor":4,"key":"Block Potion"},{"floor":10,"key":"SkillPotion"},{"floor":16,"key":"SkillPotion"},{"floor":17,"key":"Block Potion"},{"floor":20,"key":"Block Potion"},{"floor":21,"key":"infinitespire:BlackPotion"},{"floor":27,"key":"Strength Potion"}],"is_trial":true,"path_per_floor":["M","?","$","M","M","R","E","R","T","M","E","?","E","?","R","B",null,"M","$","M","M","?","E","R","E","T","M","E","R","M","?","R","B",null,"M","M","$","?","M","R","M","R","T","R","$","E","R","M","R","B",null],"character_chosen":"IRONCLAD","items_purchased":["Membership Card","hubris:DeckOfHolding","Lantern","Inflame","ReplayTheSpireMod:TigerMarble","Chameleon Ring","Strange Spoon","Bromod:ArcaneDeflection","Paper Frog","Clash+1","Violence"],"campfire_rested":0,"item_purchase_floors":[3,3,3,19,37,37,37,45,45,45,45],"current_hp_per_floor":[80,80,80,80,80,80,68,68,68,68,68,68,68,68,68,40,85,85,85,85,64,64,53,53,53,53,53,53,53,53,45,45,47,85,85,81,81,81,75,75,85,85,85,85,85,85,85,85,85,71],"gold":107,"neow_bonus":"","is_daily":false,"chose_seed":false,"campfire_upgraded":10,"win_rate":0.0,"timestamp":1613293537,"path_taken":["M","?","$","?","M","R","E","R","T","M","E","?","E","?","R","BOSS","M","$","M","M","?","E","R","E","T","M","E","R","?","?","R","BOSS","M","M","$","?","M","R","M","R","T","R","$","E","R","M","R","BOSS"],"items_purchased_type":["Relic","Relic","Relic","Card","Relic","Relic","Relic","Relic","Relic","Card","Card"],"build_version":"2020-12-22","purchased_purges":0,"victory":true,"max_hp_per_floor":[80,80,80,80,80,80,80,80,80,80,80,80,80,80,80,80,85,85,85,85,85,85,85,85,85,85,85,85,85,85,85,85,85,85,85,85,85,85,85,85,85,85,85,85,85,85,85,85,85,85],"card_choices":[{"not_picked":["Clothesline","Flame Barrier"],"picked":"Flex","floor":1},{"not_picked":["Shrug It Off","Evolve","Thunderclap"],"picked":"SKIP","floor":4},{"not_picked":["Flex","Bloodletting","Searing Blow"],"picked":"SKIP","floor":5},{"not_picked":["Brutality","Exhume"],"picked":"Offering","floor":7},{"not_picked":["Sword Boomerang","Burning Pact","Clash"],"picked":"SKIP","floor":10},{"not_picked":["Offering","Immolate+1","Exhume"],"picked":"SKIP","floor":11},{"not_picked":["Brutality","Barricade","Corruption"],"picked":"SKIP","floor":13},{"not_picked":["Heavy Blade+1","Body Slam+1"],"picked":"Iron Wave+1","floor":17},{"not_picked":["Perfected Strike+1","Uppercut+1"],"picked":"Replay:Undeath\u0027s Touch+1","floor":18},{"not_picked":["ReplayTheSpireMod:Strike From Hell+1","Havoc+1","Perfected Strike+1"],"picked":"SKIP","floor":20},{"not_picked":["Pommel Strike+1","Eclipse","Replay:Undeath\u0027s Touch+1"],"picked":"SKIP","floor":21},{"not_picked":["Brutality","Demon Form"],"picked":"Limit Break","floor":23},{"not_picked":["Hemogenesis+1","Corruption","hubris:StunningStrike+1"],"picked":"SKIP","floor":25},{"not_picked":["Sword Boomerang+1","Anger+1","Metallicize"],"picked":"SKIP","floor":27},{"not_picked":["Corruption","Offering"],"picked":"Demon Form","floor":28},{"not_picked":["Shrug It Off","Clothesline+1","Combust"],"picked":"SKIP","floor":30},{"not_picked":["Havoc+1","Anger+1","Body Slam+1"],"picked":"SKIP","floor":35},{"not_picked":["hubris:SharpeningStone+1","Thunderclap+1","Replay:Undeath\u0027s Touch+1"],"picked":"SKIP","floor":36},{"not_picked":["Massacre+1","Perfected Strike+1","Iron Wave+1"],"picked":"SKIP","floor":39},{"not_picked":["Warcry+1","Iron Wave+1","Twin Strike+1"],"picked":"SKIP","floor":41},{"not_picked":["Impervious","Feed+1"],"picked":"Demon Form","floor":46},{"not_picked":["hubris:ReadiedAction","Carnage+1","Entrench"],"picked":"SKIP","floor":48}],"player_experience":1026233,"relics_obtained":[{"floor":7,"key":"infinitespire:PuzzleCube"},{"floor":9,"key":"Quantum Egg"},{"floor":11,"key":"Molten Egg 2"},{"floor":13,"key":"Meat on the Bone"},{"floor":23,"key":"Regal Pillow"},{"floor":25,"key":"White Beast Statue"},{"floor":26,"key":"King of Hearts"},{"floor":28,"key":"Gremlin Food"},{"floor":43,"key":"DeathKnight:PutricidesVial"},{"floor":46,"key":"Replay:Bottled Snecko"},{"floor":49,"key":"Gremlin Horn"}],"event_choices":[{"damage_healed":0,"gold_gain":0,"player_choice":"Ignored","damage_taken":0,"max_hp_gain":0,"max_hp_loss":0,"event_name":"Purifier","floor":2,"gold_loss":0},{"damage_healed":0,"gold_gain":0,"player_choice":"Ignored","damage_taken":0,"max_hp_gain":0,"max_hp_loss":0,"event_name":"Liars Game","floor":12,"gold_loss":0},{"cards_removed":["Perfected Strike"],"damage_healed":0,"gold_gain":0,"player_choice":"Purged","damage_taken":0,"max_hp_gain":0,"max_hp_loss":0,"event_name":"Purifier","floor":22,"gold_loss":0},{"damage_healed":0,"gold_gain":75,"player_choice":"Touch","damage_taken":8,"max_hp_gain":0,"max_hp_loss":0,"event_name":"FaceTrader","floor":31,"gold_loss":0}],"is_beta":false,"boss_relics":[{"not_picked":["Kintsugi","hubris:VirtuousBlindfold"],"picked":"Tiny House"},{"not_picked":["expansioncontent:StudyCardRelic","Bromod:ArcaneEnergize"],"picked":"SacredBark"}],"items_purged_floors":[],"is_endless":false,"potions_floor_spawned":[4,10,16,20,21,27,28,30,33,35,36,39,41,46,48],"ascension_level":0}}