{"host":"x665ekuy0qorxtwt","time":1613297370,"event":{"mods":["AchievementEnabler","BaseMod","Bestiary","Colored Map","Colored Powertips","Minty Spire (QoL Compilation)"],"gold_per_floor":[113,123,123,52,65,99,111,124,124,137,56,56,56],"floor_reached":12,"language":"ENG","playtime":620,"items_purged":[],"score":82,"play_id":"262582b7-22a9-4a94-b75b-70527d027de7","local_time":"20210214020930","is_ascension_mode":false,"campfire_choices":[],"circlet_count":0,"master_deck":["Strike_B","Strike_B","Strike_B","Strike_B","Defend_B","Defend_B","Defend_B","Zap","Dualcast","Storm","Streamline","Capacitor","Consume","Defragment","Leap","Cold Snap","Self Repair"],"relics":["Cracked Core","Ornamental Fan","Du-Vu Doll"],"acts_visited":["Exordium"],"potions_floor_usage":[8,8,10],"damage_taken":[{"damage":0,"enemies":"2 Louse","floor":1,"turns":4},{"damage":1,"enemies":"Cultist","floor":2,"turns":4},{"damage":2,"enemies":"Small Slimes","floor":5,"turns":4},{"damage":44,"enemies":"3 Sentries","floor":6,"turns":7},{"damage":33,"enemies":"Exordium Thugs","floor":7,"turns":5},{"damage":0,"enemies":"Gremlin Gang","floor":8,"turns":2},{"damage":0,"enemies":"2 Fungi Beasts","floor":10,"turns":2},{"damage":14,"enemies":"Gremlin Nob","floor":12,"turns":2}],"seed_played":"6897421761029624752","potions_obtained":[{"floor":1,"key":"PowerPotion"},{"floor":6,"key":"Fire Potion"},{"floor":7,"key":"DuplicationPotion"}],"is_trial":false,"path_per_floor":["M","M","?","$","M","E","M","M","T","M","$","E"],"character_chosen":"DEFECT","items_purchased":["Capacitor","Self Repair"],"campfire_rested":0,"item_purchase_floors":[4,11],"current_hp_per_floor":[82,81,81,81,79,35,2,2,2,2,2,0,0],"gold":56,"neow_bonus":"TEN_PERCENT_HP_BONUS","is_daily":false,"chose_seed":false,"campfire_upgraded":0,"win_rate":0.0,"timestamp":1613297370,"path_taken":["M","M","?","$","?","E","M","M","T","M","$","E"],"items_purchased_type":["Card","Card"],"build_version":"2020-12-22","purchased_purges":0,"victory":false,"max_hp_per_floor":[82,82,82,82,82,82,82,82,82,82,82,82,82],"card_choices":[{"not_picked":["Chaos","Gash"],"picked":"Storm","floor":1},{"not_picked":["Hologram","Go for the Eyes"],"picked":"Streamline","floor":2},{"not_picked":["Conserve Battery","Reinforced Body"],"picked":"Consume","floor":5},{"not_picked":["Cold Snap","Leap"],"picked":"Defragment","floor":6},{"not_picked":["Blizzard","Steam"],"picked":"Leap","floor":7},{"not_picked":["Aggregate","Barrage","Reprogram"],"picked":"SKIP","floor":8},{"not_picked":["Doom and Gloom","Conserve Battery"],"picked":"Cold Snap","floor":10}],"player_experience":211470,"relics_obtained":[{"floor":6,"key":"Ornamental Fan"},{"floor":9,"key":"Du-Vu Doll"}],"event_choices":[{"cards_removed":["Defend_B"],"damage_healed":0,"gold_gain":0,"player_choice":"Card Removal","damage_taken":0,"max_hp_gain":0,"max_hp_loss":0,"event_name":"Wheel of Change","floor":3,"gold_loss":0}],"is_beta":false,"boss_relics":[],"items_purged_floors":[],"is_endless":false,"potions_floor_spawned":[1,6,7],"killed_by":"Gremlin Nob","ascension_level":0}}