{"host":"uv5ws9rdk87e8i5k","time":1613328111,"event":{"mods":["AchievementEnabler","BaseMod","Colored Map","Minty Spire (QoL Compilation)","Permanent Neow","Quick Restart","StSLib","SuperFastMode","The Necromancer"],"gold_per_floor":[214,19,29,40,57,92,104,132,157,157,190,190,11,28,28,126,126,139,499,511,524,542,542,542],"floor_reached":23,"language":"ENG","playtime":731,"items_purged":["Strike_B","Strike_B"],"score":264,"play_id":"dcfedbed-62da-45b0-a4de-22aea5c125e5","local_time":"20210214124151","is_ascension_mode":true,"campfire_choices":[{"floor":15.0,"key":"REST"}],"circlet_count":0,"master_deck":["Strike_B","Strike_B","Defend_B","Defend_B","Defend_B","Defend_B","Zap","Dualcast","Genetic Algorithm","Defragment+1","Cold Snap","Coolheaded","White Noise","FTL+1","Compile Driver","Seek","White Noise+1","Defragment","Glacier","Double Energy","Buffer","Turbo"],"relics":["Cracked Core","Potion Belt","Centennial Puzzle","Vajra","Dream Catcher","Philosopher\u0027s Stone"],"acts_visited":["Exordium","TheCity"],"potions_floor_usage":[],"damage_taken":[{"damage":1.0,"enemies":"Cultist","floor":1.0,"turns":4.0},{"damage":4.0,"enemies":"Jaw Worm","floor":3.0,"turns":3.0},{"damage":11.0,"enemies":"2 Louse","floor":4.0,"turns":3.0},{"damage":6.0,"enemies":"Blue Slaver","floor":5.0,"turns":5.0},{"damage":0.0,"enemies":"3 Sentries","floor":6.0,"turns":7.0},{"damage":3.0,"enemies":"Looter","floor":7.0,"turns":3.0},{"damage":3.0,"enemies":"Lagavulin","floor":8.0,"turns":6.0},{"damage":16.0,"enemies":"Gremlin Nob","floor":11.0,"turns":4.0},{"damage":5.0,"enemies":"Gremlin Gang","floor":14.0,"turns":5.0},{"damage":20.0,"enemies":"Slime Boss","floor":16.0,"turns":10.0},{"damage":5.0,"enemies":"Spheric Guardian","floor":18.0,"turns":5.0},{"damage":0.0,"enemies":"Chosen","floor":20.0,"turns":5.0},{"damage":0.0,"enemies":"Snecko","floor":21.0,"turns":4.0},{"damage":15.0,"enemies":"Chosen and Byrds","floor":22.0,"turns":7.0},{"damage":20,"enemies":"Gremlin Leader","floor":23,"turns":2}],"seed_played":"6454096881433203077","potions_obtained":[{"floor":1.0,"key":"AttackPotion"},{"floor":4.0,"key":"PowerPotion"},{"floor":7.0,"key":"SpeedPotion"},{"floor":14.0,"key":"DuplicationPotion"},{"floor":22.0,"key":"SkillPotion"}],"is_trial":false,"path_per_floor":["M","$","M","M","M","E","M","E","T","?","E","?","$","M","R","B",null,"M","?","M","M","M","E"],"character_chosen":"DEFECT","items_purchased":["Defragment","Cold Snap","Defragment"],"campfire_rested":1,"item_purchase_floors":[2,2,13],"current_hp_per_floor":[74,74,70,59,53,53,50,47,47,47,31,16,16,11,33,13,75,70,34,34,34,19,0,0],"gold":542,"neow_bonus":"HUNDRED_GOLD","is_daily":false,"chose_seed":false,"campfire_upgraded":0,"win_rate":0.0,"timestamp":1613328111,"path_taken":["M","$","M","M","M","E","?","E","T","?","E","?","?","M","R","BOSS","M","?","?","M","M","E"],"items_purchased_type":["Card","Card","Card"],"build_version":"2020-12-22","purchased_purges":2,"victory":false,"max_hp_per_floor":[75,75,75,75,75,75,75,75,75,75,75,75,75,75,75,75,75,75,75,75,75,75,75,75],"card_choices":[{"not_picked":["Defragment","Steam"],"picked":"Genetic Algorithm","floor":1.0},{"not_picked":["Conserve Battery","Hologram"],"picked":"Coolheaded","floor":3.0},{"not_picked":["Leap","Go for the Eyes"],"picked":"White Noise","floor":4.0},{"not_picked":["Beam Cell","Hologram"],"picked":"FTL","floor":5.0},{"not_picked":["Conserve Battery","Ball Lightning"],"picked":"Compile Driver","floor":6.0},{"not_picked":["Lockon","Reprogram"],"picked":"Seek","floor":7.0},{"not_picked":["Lockon","Compile Driver"],"picked":"White Noise","floor":8.0},{"not_picked":["Chill","Leap","Fusion"],"picked":"SKIP","floor":11.0},{"not_picked":["Cold Snap","Steam Power"],"picked":"Glacier","floor":14.0},{"not_picked":["Reprogram","Cold Snap"],"picked":"Double Energy","floor":15.0},{"not_picked":["Biased Cognition","Core Surge"],"picked":"Buffer","floor":16.0},{"not_picked":["Stack","Cold Snap+1","Beam Cell+1"],"picked":"SKIP","floor":18.0},{"not_picked":["Genetic Algorithm","Rebound+1","Ball Lightning"],"picked":"SKIP","floor":20.0},{"not_picked":["Leap","Darkness"],"picked":"Turbo","floor":21.0},{"not_picked":["Hologram","Auto Shields","Sweeping Beam"],"picked":"SKIP","floor":22.0}],"player_experience":181496,"relics_obtained":[{"floor":6.0,"key":"Potion Belt"},{"floor":8.0,"key":"Centennial Puzzle"},{"floor":9.0,"key":"Vajra"},{"floor":11.0,"key":"Dream Catcher"}],"event_choices":[{"damage_healed":0.0,"max_hp_gain":0.0,"max_hp_loss":0.0,"gold_gain":0.0,"event_name":"Living Wall","player_choice":"Grow","floor":10.0,"gold_loss":0.0,"damage_taken":0.0,"cards_upgraded":["Defragment"]},{"damage_healed":0.0,"max_hp_gain":0.0,"max_hp_loss":0.0,"gold_gain":0.0,"event_name":"Shining Light","player_choice":"Entered Light","floor":12.0,"gold_loss":0.0,"damage_taken":15.0,"cards_upgraded":["FTL","White Noise"]},{"damage_healed":0.0,"max_hp_gain":0.0,"max_hp_loss":0.0,"gold_gain":360.0,"event_name":"Knowing Skull","player_choice":"GOLD GOLD GOLD GOLD ","floor":19.0,"potions_obtained":[],"gold_loss":0.0,"damage_taken":36.0,"cards_obtained":[]}],"is_beta":false,"boss_relics":[{"not_picked":["Ectoplasm","Empty Cage"],"picked":"Philosopher\u0027s Stone"}],"items_purged_floors":[2,13],"is_endless":false,"potions_floor_spawned":[1,4,7,14,22],"killed_by":"Gremlin Leader","ascension_level":2}}