{"host":"szp1d6dso4pv7ddl","time":1613278169,"event":{"mods":["AchievementEnabler","Alarm Clock","BaseMod","Bestiary","Block Reminder","Colored Map","Colored Powertips","Curses Come First","Dark Map","Displayed Cursed Tome","Highlight Path","Minty Spire (QoL Compilation)","Permanent Neow","Quick Restart","Relic Sorter","Relic Stats","StSLib","Synergy Search"],"gold_per_floor":[113,38,54,54,68,68,101,101,183,183,201,219,219,219],"floor_reached":13,"language":"ENG","playtime":712,"items_purged":["Strike_G"],"score":170,"play_id":"fc2970ee-e919-408e-b7ce-a681aea22517","local_time":"20210213204929","is_ascension_mode":true,"campfire_choices":[{"data":"Calculated Gamble","floor":6,"key":"SMITH"},{"floor":8,"key":"REST"},{"data":"Acrobatics","floor":10,"key":"SMITH"}],"circlet_count":0,"master_deck":["AscendersBane","Strike_G","Strike_G","Strike_G","Strike_G","Defend_G","Defend_G","Defend_G","Defend_G","Defend_G","Survivor","Neutralize","Grand Finale","Dagger Throw","Calculated Gamble+1","Acrobatics+1","Tactician","Backflip"],"relics":["Ring of the Snake","Dream Catcher","Sundial"],"acts_visited":["Exordium"],"potions_floor_usage":[7,7],"damage_taken":[{"damage":0,"enemies":"Jaw Worm","floor":1,"turns":7},{"damage":1,"enemies":"Small Slimes","floor":3,"turns":3},{"damage":1,"enemies":"2 Louse","floor":5,"turns":3},{"damage":40,"enemies":"3 Sentries","floor":7,"turns":11},{"damage":0,"enemies":"Looter","floor":11,"turns":4},{"damage":19,"enemies":"3 Louse","floor":12,"turns":3},{"damage":30,"enemies":"Lagavulin","floor":13,"turns":5}],"seed_played":"4412159899226589835","potions_obtained":[{"floor":3,"key":"LiquidBronze"},{"floor":5,"key":"AttackPotion"},{"floor":12,"key":"EssenceOfSteel"}],"is_trial":false,"path_per_floor":["M","$","M","?","M","R","E","R","T","R","M","M","E"],"character_chosen":"THE_SILENT","items_purchased":[],"campfire_rested":1,"item_purchase_floors":[],"current_hp_per_floor":[59,59,58,63,62,62,22,43,43,43,43,24,0,0],"gold":219,"neow_bonus":"ONE_RANDOM_RARE_CARD","is_daily":false,"chose_seed":false,"campfire_upgraded":2,"win_rate":0.0,"timestamp":1613278169,"path_taken":["M","$","M","?","M","R","E","R","T","R","M","M","E"],"items_purchased_type":[],"build_version":"2020-12-22","purchased_purges":1,"victory":false,"max_hp_per_floor":[66,66,66,71,71,71,71,71,71,71,71,71,71,71],"relic_stats":{"Dream Catcher":1,"counters":[7,36],"Sundial":[2],"obtain_stats":[{"Dream Catcher":7,"Sundial":9,"Ring of the Snake":0},{"Dream Catcher":4,"Sundial":4,"Ring of the Snake":0},{"Dream Catcher":24,"Sundial":24,"Ring of the Snake":0}],"Ring of the Snake":[14]},"card_choices":[{"not_picked":["Bane","Cloak And Dagger"],"picked":"Dagger Throw","floor":1},{"not_picked":["Underhanded Strike","Poisoned Stab","Masterful Stab"],"picked":"SKIP","floor":3},{"not_picked":["Leg Sweep","Caltrops"],"picked":"Calculated Gamble","floor":5},{"not_picked":["Prepared","Venomology"],"picked":"Acrobatics","floor":7},{"not_picked":["Deflect","Slice"],"picked":"Tactician","floor":8},{"not_picked":["Dagger Spray","Riddle With Holes","Sucker Punch"],"picked":"SKIP","floor":11},{"not_picked":["Cloak And Dagger","Underhanded Strike"],"picked":"Backflip","floor":12}],"player_experience":1565685,"relics_obtained":[{"floor":7,"key":"Dream Catcher"},{"floor":9,"key":"Sundial"}],"event_choices":[{"damage_healed":0,"gold_gain":0,"player_choice":"Donut","damage_taken":0,"max_hp_gain":5,"max_hp_loss":0,"event_name":"Big Fish","floor":4,"gold_loss":0}],"is_beta":false,"boss_relics":[],"items_purged_floors":[2],"is_endless":false,"potions_floor_spawned":[3,5,12],"killed_by":"Lagavulin","ascension_level":20}}