{"host":"cz96naaoibjp08st","time":1613282577,"event":{"mods":["Act Like it!","BaseMod","BetterRewards","GifTheSpireLib","Minty Spire (QoL Compilation)","Replay The Spire","Shop Mod","StSLib"],"gold_per_floor":[116,127,141,15,15,44,44,61,113,113,133,166,66,93,93,93,93],"floor_reached":16,"language":"ZHS","playtime":651,"items_purged":["Shame","Writhe"],"score":110,"play_id":"0dc9352b-fd15-424b-9650-70d76edee71b","local_time":"20210214140257","is_ascension_mode":false,"campfire_choices":[{"data":"Hologram","floor":7,"key":"SMITH"},{"data":"Zap","floor":10,"key":"SMITH"},{"data":"Consume","floor":15,"key":"SMITH"}],"circlet_count":0,"master_deck":["Strike_B","Defend_B","Defend_B","Zap+1","Dualcast","BootSequence","Conserve Battery","Hologram+1","Beam Cell","Ball Lightning","Consume+1"],"relics":["Kintsugi","GremlinMask","Vajra","Lantern","Replay:Rubber Ducky","Nunchaku"],"acts_visited":["Exordium"],"potions_floor_usage":[6,12],"damage_taken":[{"damage":0,"enemies":"2 Louse","floor":1,"turns":3},{"damage":4,"enemies":"Cultist","floor":2,"turns":4},{"damage":6,"enemies":"Jaw Worm","floor":3,"turns":5},{"damage":12,"enemies":"Replay:BlueRogue","floor":6,"turns":6},{"damage":3,"enemies":"2 Fungi Beasts","floor":8,"turns":4},{"damage":8,"enemies":"Exordium Thugs","floor":11,"turns":5},{"damage":22,"enemies":"3 Sentries","floor":12,"turns":8},{"damage":35,"enemies":"Slime Boss","floor":16,"turns":3}],"seed_played":"4726375120530722980","potions_obtained":[{"floor":2,"key":"Strength Potion"},{"floor":3,"key":"SteroidPotion"},{"floor":11,"key":"ColorlessPotion"}],"is_trial":false,"path_per_floor":["M","M","M","$","?","E","R","M","T","R","M","E","$","T","R","B"],"character_chosen":"DEFECT","items_purchased":["Beam Cell"],"campfire_rested":0,"item_purchase_floors":[4],"current_hp_per_floor":[75,71,65,65,65,53,53,50,50,50,42,20,20,20,20,0,0],"gold":93,"neow_bonus":"BOSS_RELIC","is_daily":false,"chose_seed":false,"campfire_upgraded":3,"win_rate":0.0,"timestamp":1613282577,"path_taken":["M","M","M","$","?","E","R","M","T","R","M","E","$","?","R","BOSS"],"items_purchased_type":["Card"],"build_version":"2020-12-22","purchased_purges":2,"victory":false,"max_hp_per_floor":[75,75,75,75,75,75,75,75,75,75,75,75,75,75,75,75,75],"card_choices":[{"not_picked":["Time Bomb","Steam Power"],"picked":"BootSequence","floor":1},{"not_picked":["Blizzard","Panic Button"],"picked":"Conserve Battery","floor":2},{"not_picked":["Cold Snap","Sweeping Beam"],"picked":"Hologram","floor":3},{"not_picked":["Rebound","Sweeping Beam","Turbo"],"picked":"SKIP","floor":6},{"not_picked":["Scrape","Panic Button","Stack"],"picked":"SKIP","floor":8},{"not_picked":["Compile Driver","Rebound"],"picked":"Ball Lightning","floor":11},{"not_picked":["Compile Driver","ReplayTheSpireMod:Calculation Training"],"picked":"Consume","floor":12}],"player_experience":287388,"relics_obtained":[{"floor":6,"key":"Vajra"},{"floor":9,"key":"Lantern"},{"floor":12,"key":"Replay:Rubber Ducky"},{"floor":14,"key":"Nunchaku"}],"event_choices":[{"damage_healed":0,"gold_gain":0,"player_choice":"Trade","damage_taken":0,"relics_obtained":["GremlinMask"],"max_hp_gain":0,"max_hp_loss":0,"event_name":"FaceTrader","floor":5,"gold_loss":0}],"is_beta":false,"boss_relics":[],"items_purged_floors":[4,13],"is_endless":false,"potions_floor_spawned":[2,3,11],"killed_by":"Slime Boss","ascension_level":0}}