{"host":"4r0bywnqvg42kgrk","time":1613278302,"event":{"mods":["AchievementEnabler","Act Like it!","Arknights","Aspiration","Bartender","BaseMod","Better Altar","Better Match","Better Note","Better Sensory Stone","Better Skull","Better Third Choice","BetterRewards","CCEM2","Clawfect","Conspire","Decade(â§è¨ñæ)","Gensokyo","Hallownest","Hermit","Ironclad Rager","JesterMod","Jorbs\u0027s Wanderer Trilogy","Kalas","KinomotoSakuraMod(ñÿîVñ{?)","Lobotomy","MarisaÅiñ∂âJÅ@ñÇóùçπÅj","Mimic Mod","Minty Spire (QoL Compilation)","Nova Terra(?à°ÅEë◊ùf)","Pikachu Mod","Replay The Spire","SOSÅiézîb?îVéqÅj","Shade Mod","Shop Mod","Spicy Shops","StSLib","Steal the Spire","Td1madao Mod","The Animator","The Blackbeard","The Bladedancer","The Bug Knight","The Exalted","The Gatherer","The Hierophant","The Kombatant","The Marked","The Mystic","The Saiyan","The Servant 0.9.4","The Wild Card","TheHero","Warlord Emblem","slay the spire mod where everything is the same but ironclad has a cowboy hat","Åyå˜î\ModÅz?ñæìIç≈?Boss"],"gold_per_floor":[213,17,32,50,50,50,80,80,80,80,80,91,121,121,121,121,121],"floor_reached":16,"language":"JPN","playtime":1749,"items_purged":[],"score":100,"play_id":"c5fd3a7e-2589-4978-b903-62c6cc491628","local_time":"20210214135142","is_ascension_mode":false,"campfire_choices":[{"floor":6,"key":"REST"},{"data":"animator:Strike","floor":11,"key":"SMITH"},{"floor":15,"key":"REST"}],"circlet_count":0,"master_deck":["animator:Strike_Konosuba","animator:Defend_Konosuba","animator:Strike+1","animator:Strike","animator:Strike","animator:Defend","animator:Defend","animator:Defend","animator:Kazuma","animator:Aqua","animator:Sloth","animator:Megumin","animator:Layla","animator:Gluttony","animator:Kuribayashi","animator:Mitsuba","animator:Benimaru","animator:Yuuichirou","animator:Ainz"],"relics":["animator:LivingPicture","animator:TheMissingPiece","animator:PurgingStone","aspiration:BabyByrd","animator:HeavyHalberd","Happy Flower"],"acts_visited":["Exordium"],"potions_floor_usage":[7,12,13],"damage_taken":[{"damage":1,"enemies":"2 Louse","floor":1,"turns":4},{"damage":2,"enemies":"Small Slimes","floor":3,"turns":4},{"damage":1,"enemies":"Cultist","floor":4,"turns":4},{"damage":33,"enemies":"Lots of Slimes","floor":7,"turns":7},{"damage":18,"enemies":"Exordium Wildlife","floor":12,"turns":5},{"damage":29,"enemies":"Lagavulin","floor":13,"turns":7},{"damage":49,"enemies":"The Guardian","floor":16,"turns":9}],"seed_played":"-9198519946099473735","potions_obtained":[{"floor":1,"key":"Fire Potion"},{"floor":4,"key":"SneckoOil"},{"floor":12,"key":"SkillPotion"}],"is_trial":false,"path_per_floor":["M","$","M","M","?","R","M","?","T","?","R","M","E","?","R","B"],"character_chosen":"THE_ANIMATOR","items_purchased":["animator:Megumin","animator:Layla","animator:Gluttony"],"campfire_rested":2,"item_purchase_floors":[2,2,2],"current_hp_per_floor":[65,65,64,65,65,66,37,34,34,56,56,44,21,21,40,0,0],"gold":121,"neow_bonus":"HUNDRED_GOLD","is_daily":false,"chose_seed":false,"campfire_upgraded":1,"win_rate":0.0,"timestamp":1613278302,"path_taken":["M","$","M","M","?","R","M","?","T","?","R","M","E","?","R","BOSS"],"items_purchased_type":["Card","Card","Card"],"build_version":"2020-12-22","purchased_purges":0,"victory":false,"max_hp_per_floor":[66,66,66,66,66,66,66,66,66,66,66,66,66,66,66,66,66],"card_choices":[{"not_picked":["animator:TsurugaMeisai","animator:DolaCouronne"],"picked":"animator:Sloth","floor":1},{"not_picked":["animator:FielNirvalen","animator:Tyuule"],"picked":"animator:Kuribayashi","floor":3},{"not_picked":["animator:Entoma","animator:OrikoMikuni"],"picked":"animator:Mitsuba","floor":4},{"not_picked":["animator:Shion","animator:Hakurou"],"picked":"animator:Benimaru","floor":7},{"not_picked":["animator:ChaikaBohdan","animator:Azekura"],"picked":"animator:Yuuichirou","floor":12},{"not_picked":["animator:Kuribayashi","animator:Sloth"],"picked":"animator:Ainz","floor":13}],"player_experience":88407,"relics_obtained":[{"floor":9,"key":"animator:HeavyHalberd"},{"floor":13,"key":"Happy Flower"}],"event_choices":[{"damage_healed":0,"gold_gain":1,"player_choice":"LEAVE","damage_taken":3,"max_hp_gain":0,"max_hp_loss":0,"event_name":"betterThird:BetterScrap","floor":8,"gold_loss":0,"cards_obtained":["Heel Hook"]},{"damage_healed":22,"gold_gain":0,"player_choice":"Banana","damage_taken":0,"max_hp_gain":0,"max_hp_loss":0,"event_name":"Big Fish","floor":10,"gold_loss":0},{"damage_healed":0,"gold_gain":0,"player_choice":"Ignored","damage_taken":0,"max_hp_gain":0,"max_hp_loss":0,"event_name":"Golden Idol","floor":14,"gold_loss":0}],"is_beta":false,"boss_relics":[],"items_purged_floors":[],"is_endless":false,"potions_floor_spawned":[1,4,12],"killed_by":"The Guardian","ascension_level":0}}