{"host":"4rvakrj1idbgia3f","time":1613346096,"event":{"mods":["BaseMod","Colored Map","Colored Powertips","DeckTracker","Highlight Path","Minty Spire (QoL Compilation)","Random Character Button","StSLib"],"gold_per_floor":[116,116,132,147,147,147,174,174,174,174,203,47,47,62,62,134,134,147,159,159,174,184,184,98,98,147,147,159,159,84,104,104,181,181,200,200,200,218,231,262,4,4,4,4,4,4,4],"floor_reached":46,"language":"JPN","playtime":2042,"items_purged":["Strike_B","Gash+1"],"score":915,"play_id":"d6031e64-3c44-48f7-b393-970b6543717a","local_time":"20210215084136","is_ascension_mode":true,"campfire_choices":[{"data":"Chaos","floor":6.0,"key":"SMITH"},{"data":"Creative AI","floor":10.0,"key":"SMITH"},{"data":"Defragment","floor":13.0,"key":"SMITH"},{"data":"Barrage","floor":15.0,"key":"SMITH"},{"floor":23,"key":"REST"},{"floor":25,"key":"REST"},{"floor":32,"key":"REST"},{"floor":42,"key":"REST"},{"data":"Capacitor","floor":44,"key":"SMITH"}],"circlet_count":0,"master_deck":["AscendersBane","Zap","Dualcast+1","White Noise","Chaos+1","Sweeping Beam","Cold Snap","Creative AI+1","Chill","Defragment+1","Amplify","Turbo","Coolheaded+1","Coolheaded","Force Field","Loop","Capacitor+1","Meteor Strike+1","Fusion+1","Conserve Battery+1","Echo Form","Decay"],"relics":["Cracked Core","Singing Bowl","Sundial","Strawberry","Cursed Key","Bronze Scales","Astrolabe","Spirit Poop","Bag of Preparation","War Paint","Eternal Feather"],"acts_visited":["Exordium","TheCity","TheBeyond"],"potions_floor_usage":[16,18,39,40,45],"damage_taken":[{"damage":0.0,"enemies":"Cultist","floor":1.0,"turns":3.0},{"damage":6.0,"enemies":"Small Slimes","floor":3.0,"turns":4.0},{"damage":10.0,"enemies":"2 Louse","floor":4.0,"turns":2.0},{"damage":28.0,"enemies":"3 Sentries","floor":7.0,"turns":5.0},{"damage":5.0,"enemies":"Lagavulin","floor":11.0,"turns":5.0},{"damage":0.0,"enemies":"Lots of Slimes","floor":14.0,"turns":5.0},{"damage":44,"enemies":"Slime Boss","floor":16,"turns":10},{"damage":14,"enemies":"Spheric Guardian","floor":18,"turns":4},{"damage":9,"enemies":"3 Byrds","floor":19,"turns":3},{"damage":21,"enemies":"Snake Plant","floor":21,"turns":6},{"damage":5,"enemies":"3 Cultists","floor":22,"turns":5},{"damage":18,"enemies":"Chosen and Byrds","floor":28,"turns":8},{"damage":22,"enemies":"Snake Plant","floor":31,"turns":4},{"damage":39,"enemies":"Collector","floor":33,"turns":10},{"damage":8,"enemies":"Orb Walker","floor":35,"turns":4},{"damage":7,"enemies":"3 Darklings","floor":38,"turns":6},{"damage":15,"enemies":"Spire Growth","floor":39,"turns":6},{"damage":35,"enemies":"Nemesis","floor":40,"turns":13},{"damage":0,"enemies":"Jaw Worm Horde","floor":45,"turns":1},{"damage":54,"enemies":"Writhing Mass","floor":46,"turns":4}],"seed_played":"-2026799068933018720","potions_obtained":[{"floor":1.0,"key":"CultistPotion"},{"floor":3.0,"key":"ColorlessPotion"},{"floor":4.0,"key":"Swift Potion"},{"floor":16,"key":"ColorlessPotion"},{"floor":21,"key":"Regen Potion"},{"floor":22,"key":"FearPotion"},{"floor":35,"key":"Swift Potion"},{"floor":39,"key":"SmokeBomb"}],"is_trial":false,"path_per_floor":["M","$","M","M","?","R","E","?","T","R","E","$","R","M","R","B",null,"M","M","?","M","M","R","$","R","T","?","M","?","?","M","R","B",null,"M","?","?","M","M","E","$","R","T","R","M","M"],"character_chosen":"DEFECT","items_purchased":["Defragment","Loop","War Paint"],"campfire_rested":4,"item_purchase_floors":[12,24,41],"current_hp_per_floor":[64,64,58,48,48,48,20,41,41,41,43,43,43,45,45,1,55,41,32,32,11,6,27,27,48,48,48,32,47,47,25,47,10,60,52,52,52,47,34,14,14,38,38,50,50,0,0],"gold":4,"neow_bonus":"TRANSFORM_TWO_CARDS","is_daily":false,"chose_seed":false,"campfire_upgraded":5,"win_rate":0.0,"timestamp":1613346096,"path_taken":["M","?","M","M","?","R","E","?","T","R","E","$","R","M","R","BOSS","M","M","?","?","M","R","$","R","T","?","M","?","?","M","R","BOSS","M","?","?","M","?","E","?","R","T","R","M","?"],"items_purchased_type":["Card","Card","Relic"],"build_version":"2020-12-22","purchased_purges":2,"victory":false,"max_hp_per_floor":[64,64,64,64,64,64,64,64,64,64,71,71,71,73,73,73,73,73,73,73,73,73,73,73,73,73,73,75,75,75,75,75,77,77,77,77,77,79,81,81,81,81,81,81,81,81,81],"card_choices":[{"not_picked":["Reprogram","Tempest"],"picked":"Barrage","floor":1.0},{"not_picked":["Rebound","Blizzard"],"picked":"Sweeping Beam","floor":3.0},{"not_picked":["Self Repair","Go for the Eyes"],"picked":"Cold Snap","floor":4.0},{"not_picked":["Hologram","BootSequence"],"picked":"Creative AI","floor":7.0},{"not_picked":["Hyperbeam","Steam"],"picked":"Chill","floor":11.0},{"not_picked":["Sunder","Rebound","Gash"],"picked":"Singing Bowl","floor":14.0},{"not_picked":["Buffer","Thunder Strike"],"picked":"Amplify","floor":16},{"not_picked":["Rip and Tear","Compile Driver"],"picked":"Turbo","floor":18},{"not_picked":["Heatsinks","Genetic Algorithm"],"picked":"Coolheaded","floor":19},{"not_picked":["Rebound+1","Barrage"],"picked":"Coolheaded","floor":21},{"not_picked":["Reboot","Steam"],"picked":"Force Field","floor":22},{"not_picked":["Consume","Sweeping Beam","Streamline"],"picked":"Singing Bowl","floor":28},{"not_picked":["Steam","Go for the Eyes"],"picked":"Capacitor","floor":31},{"not_picked":["Meteor Strike","Amplify","Hyperbeam"],"picked":"Singing Bowl","floor":33},{"not_picked":["Hologram","Coolheaded"],"picked":"Conserve Battery+1","floor":35},{"not_picked":["Reprogram+1","Auto Shields","Cold Snap"],"picked":"Singing Bowl","floor":38},{"not_picked":["Cold Snap","Rebound","Blizzard"],"picked":"Singing Bowl","floor":39},{"not_picked":["Coolheaded+1","Sweeping Beam+1"],"picked":"Echo Form","floor":40}],"player_experience":2383284,"relics_obtained":[{"floor":7.0,"key":"Singing Bowl"},{"floor":9.0,"key":"Sundial"},{"floor":11.0,"key":"Strawberry"},{"floor":26,"key":"Bronze Scales"},{"floor":40,"key":"Bag of Preparation"},{"floor":43,"key":"Eternal Feather"}],"event_choices":[{"damage_healed":0.0,"max_hp_gain":0.0,"max_hp_loss":0.0,"gold_gain":0.0,"event_name":"Liars Game","player_choice":"Ignored","floor":5.0,"gold_loss":0.0,"damage_taken":0.0},{"damage_healed":21.0,"max_hp_gain":0.0,"max_hp_loss":0.0,"gold_gain":0.0,"event_name":"Big Fish","player_choice":"Banana","floor":8.0,"gold_loss":0.0,"damage_taken":0.0},{"cards_removed":["Strike_B"],"damage_healed":0,"gold_gain":0,"player_choice":"Purged","damage_taken":0,"max_hp_gain":0,"max_hp_loss":0,"event_name":"Purifier","floor":20,"gold_loss":0},{"damage_healed":0,"gold_gain":0,"player_choice":"Ignored","damage_taken":0,"max_hp_gain":0,"max_hp_loss":0,"event_name":"Ghosts","floor":27,"gold_loss":0},{"damage_healed":15,"gold_gain":0,"player_choice":"Heal","damage_taken":0,"max_hp_gain":0,"max_hp_loss":0,"event_name":"The Library","floor":29,"gold_loss":0},{"cards_removed":["Strike_B"],"damage_healed":0,"gold_gain":0,"player_choice":"Gave Gold","damage_taken":0,"max_hp_gain":0,"max_hp_loss":0,"event_name":"Beggar","floor":30,"gold_loss":75},{"cards_removed":["Barrage"],"damage_healed":0,"gold_gain":0,"player_choice":"Removed Attack","damage_taken":0,"max_hp_gain":0,"max_hp_loss":0,"event_name":"Falling","floor":36,"gold_loss":0},{"cards_removed":["Shame"],"damage_healed":0,"gold_gain":0,"player_choice":"Offered Curse","damage_taken":0,"relics_obtained":["Spirit Poop"],"max_hp_gain":0,"max_hp_loss":0,"event_name":"Bonfire Elementals","floor":37,"gold_loss":0}],"is_beta":false,"boss_relics":[{"not_picked":["Runic Pyramid","SacredBark"],"picked":"Cursed Key"},{"not_picked":["Velvet Choker","Snecko Eye"],"picked":"Astrolabe"}],"items_purged_floors":[12,41],"is_endless":false,"potions_floor_spawned":[1,3,4,16,21,22,33,35,39,45],"killed_by":"Writhing Mass","ascension_level":20}}