{"host":"va904f3s24glxxej","time":1613341449,"event":{"mods":["AchievementEnabler","BaseMod","Colored Powertips","Downfall","Hubris","Minty Spire (QoL Compilation)","Replay The Spire","StSLib","The Necromancer"],"gold_per_floor":[99,99,99,99,99,199,250,250,425,443,34,47,47,147,165,165,165,165],"floor_reached":16,"language":"ENG","playtime":844,"items_purged":["Doubt"],"score":86,"play_id":"363dc144-0e3e-46e1-ade5-407525535bea","local_time":"20210214222409","is_ascension_mode":false,"campfire_choices":[{"data":"champ:Execute","floor":1,"key":"SMITH"}],"circlet_count":0,"master_deck":["champ:Strike","champ:Strike","champ:Strike","champ:Strike","champ:Defend","champ:Defend","champ:Defend","champ:Defend","champ:Execute+1","champ:Taunt","champ:FanOfKnives","champ:BerserkersShout","champ:AdrenalArmor","champ:RecklessLeap+1","hubris:EnhanceAbility+1","champ:FaceSlap"],"relics":["champ:ChampionCrown","downfall:HeartsMalice","Champion Belt","Vajra","hubris:Towel","Guide Book","downfall:BrokenWingStatue"],"acts_visited":["Exordium"],"potions_floor_usage":[11,12,16],"damage_taken":[{"damage":0,"enemies":"Small Slimes","floor":2,"turns":1},{"damage":0,"enemies":"2 Louse","floor":3,"turns":1},{"damage":0,"enemies":"downfall:FleeingMerchant","floor":4,"turns":1},{"damage":65,"enemies":"downfall:FleeingMerchant","floor":6,"turns":4},{"damage":34,"enemies":"Jaw Worm","floor":10,"turns":4},{"damage":30,"enemies":"downfall:FleeingMerchant","floor":11,"turns":4},{"damage":35,"enemies":"Large Slime","floor":12,"turns":4},{"damage":23,"enemies":"3 Louse","floor":15,"turns":2},{"damage":101,"enemies":"SI_SHIV_ARCHETYPE","floor":16,"turns":6}],"seed_played":"-5964950215239325457","potions_obtained":[{"floor":6,"key":"AttackPotion"},{"floor":10,"key":"Adrenaline Potion"},{"floor":15,"key":"LifebloodPotion"}],"is_trial":false,"path_per_floor":["R","M","M","$","?","?","T","?","?","M","$","M","?","?","M","B"],"character_chosen":"THE_CHAMP","items_purchased":["hubris:EnhanceAbility","Guide Book"],"campfire_rested":0,"item_purchase_floors":[11,11],"current_hp_per_floor":[90,90,90,90,95,65,65,65,65,61,61,61,61,61,58,0,0,0],"gold":165,"neow_bonus":"THREE_ENEMY_KILL","is_daily":false,"chose_seed":false,"campfire_upgraded":1,"win_rate":0.0,"timestamp":1613341449,"path_taken":["R","M","M","$","?","?","T","?","?","?","$","M","?","?","M","BOSS"],"items_purchased_type":["Card","Relic"],"build_version":"2020-12-22","purchased_purges":1,"victory":false,"max_hp_per_floor":[90,90,90,90,95,95,95,95,95,95,95,95,95,95,95,95,95,95],"card_choices":[{"not_picked":["champ:AdrenalArmor","champ:CrownThrow"],"picked":"champ:FanOfKnives","floor":2},{"not_picked":["champ:Circumvent","champ:BladeFlurry"],"picked":"champ:BerserkersShout","floor":3},{"not_picked":["champ:ArenaPreparation","champ:PerfectedStrike"],"picked":"champ:AdrenalArmor","floor":4},{"not_picked":["champ:BladeFlurry","champ:CrownThrow","champ:Backstep"],"picked":"SKIP","floor":10},{"not_picked":["champ:HeartStrike","champ:DefensiveShout"],"picked":"champ:RecklessLeap","floor":11},{"not_picked":["champ:Lariat","champ:StanceDance"],"picked":"champ:FaceSlap","floor":12},{"not_picked":["champ:Haymaker","champ:PreciseThrust","champ:FanOfKnives"],"picked":"SKIP","floor":15}],"player_experience":787430,"relics_obtained":[{"floor":6,"key":"Champion Belt"},{"floor":7,"key":"Vajra"}],"event_choices":[{"damage_healed":0,"gold_gain":0,"player_choice":"Donut","damage_taken":0,"max_hp_gain":5,"max_hp_loss":0,"event_name":"Big Fish","floor":5,"gold_loss":0}],"is_beta":false,"boss_relics":[],"items_purged_floors":[11],"is_endless":false,"potions_floor_spawned":[6,10,15],"killed_by":"SI_SHIV_ARCHETYPE","ascension_level":0}}