{"host":"kmq7aw60w430zvtx","time":1613261967,"event":{"mods":["BaseMod","Downfall","GifTheSpireLib","Hermit","Hubris","Infinite Spire","Minty Spire (QoL Compilation)","Reliquary","Replay The Spire","Spire Arcade","StSLib","The Construct","The Cursed","The Hierophant","The Jungle","The Necromancer","The Runesmith"],"gold_per_floor":[109,109,124,148,148,178,34,76,76,76,76,76,76,102,102,252,252,287,287,332,332,356,356,386,485,509,509,572,613,305,346,346,490,490,572,649,305,387,387,480,480,480,480,480,583,583,662,747,747,770,770],"floor_reached":50,"language":"ENG","playtime":2450,"items_purged":["hermit:Defend_Hermit","hermit:Strike_Hermit"],"score":794,"play_id":"3dc161eb-fc6c-4fd2-870c-4e749e8a56f7","local_time":"20210214011927","is_ascension_mode":true,"campfire_choices":[{"floor":10.0,"key":"REST"},{"floor":13.0,"key":"RECALL"},{"data":"hermit:Vantage","floor":15.0,"key":"SMITH"},{"floor":23.0,"key":"REST"},{"floor":27,"key":"REST"},{"data":"hermit:Magnum","floor":44,"key":"SMITH"}],"circlet_count":0,"master_deck":["hermit:Strike_Hermit","hermit:Strike_Hermit","hermit:Strike_Hermit","hermit:Defend_Hermit","hermit:Defend_Hermit","hermit:Defend_Hermit","hermit:Snapshot","hermit:Covet","hermit:Scavenge+1","hermit:Ricochet","hermit:Determination+1","hermit:Vantage+1","hermit:Coalescence","hermit:ItchyTrigger+1","hermit:BlackWind","hermit:TrackingShot+1","hermit:FlashPowder+1","hermit:ItchyTrigger+1","hermit:TrackingShot","hermit:TrackingShot","hermit:Deadeye","hermit:Vantage","hermit:Magnum+1","hermit:DeadOrAlive","hermit:Glare","hermit:TrackingShot+1","hermit:LowProfile+1","hermit:Headshot","hermit:GhostlyPresence","hermit:FlashPowder+1","hermit:Glare+1","hermit:PistolWhip+1"],"relics":["hermit:Momento","NeowsBlessing","Ancient Tea Set","Guide Book","Replay:Bandana","Pear","Golden Idol","Blue Candle","Runic Pyramid","Enchiridion","PreservedInsect","Eternal Feather","Tiny House","Lee\u0027s Waffle","infinitespire:EvilPickle","Coffee Dripper","Chameleon Ring","Simple Rune","hubris:Icosahedron","Shuriken","Bottled Lightning"],"acts_visited":["TheBeyond"],"potions_floor_usage":[31,33,38,40,40,45,45,45,50,50],"damage_taken":[{"damage":0.0,"enemies":"Jaw Worm","floor":1.0,"turns":1.0},{"damage":0.0,"enemies":"2 Louse","floor":3.0,"turns":1.0},{"damage":0.0,"enemies":"Cultist","floor":4.0,"turns":1.0},{"damage":20.0,"enemies":"3 Sentries","floor":6.0,"turns":9.0},{"damage":29.0,"enemies":"Gremlin Nob","floor":8.0,"turns":4.0},{"damage":2.0,"enemies":"Exordium Wildlife","floor":14.0,"turns":3.0},{"damage":14.0,"enemies":"Fading Forest","floor":16.0,"turns":11.0},{"damage":28.0,"enemies":"3 Byrds","floor":18.0,"turns":10.0},{"damage":7.0,"enemies":"Shell Parasite","floor":20.0,"turns":3.0},{"damage":1.0,"enemies":"Snecko","floor":22.0,"turns":6.0},{"damage":10.0,"enemies":"Chosen and Byrds","floor":24.0,"turns":7.0},{"damage":15,"enemies":"Snake Plant","floor":29,"turns":4},{"damage":19,"enemies":"Cultist and Chosen","floor":31,"turns":7},{"damage":54,"enemies":"Pondfish","floor":33,"turns":10},{"damage":28,"enemies":"3 Shapes","floor":35,"turns":5},{"damage":12,"enemies":"Orb Walker","floor":36,"turns":3},{"damage":22,"enemies":"Sphere and 2 Shapes","floor":38,"turns":4},{"damage":20,"enemies":"Reptomancer","floor":40,"turns":4},{"damage":13,"enemies":"Giant Head","floor":45,"turns":6},{"damage":20,"enemies":"Spire Growth","floor":47,"turns":4},{"damage":5,"enemies":"Writhing Mass","floor":48,"turns":2},{"damage":21,"enemies":"Time Eater","floor":50,"turns":4}],"seed_played":"658989491109537434","potions_obtained":[{"floor":4.0,"key":"FearPotion"},{"floor":8.0,"key":"Weak Potion"},{"floor":22.0,"key":"Weak Potion"},{"floor":28,"key":"Adrenaline Potion"},{"floor":29,"key":"FearPotion"},{"floor":31,"key":"Weak Potion"},{"floor":33,"key":"Slimebound:ThreeZeroPotion"},{"floor":35,"key":"SkillPotion"},{"floor":40,"key":"Swift Potion"},{"floor":41,"key":"Flashbang"},{"floor":41,"key":"Milkshake"},{"floor":49,"key":"hexamod:SoulburnPotion"},{"floor":49,"key":"DistilledChaos"}],"is_trial":false,"path_per_floor":["M","?","M","M","T","E","$","E","T","R","?","?","R","M","R","B",null,"M","?","M","?","M","R","M","?","T","R","AVR","M","$","M","R","B",null,"M","M","$","M","?","E","R","?","T","R","E","?","M","M","R","B"],"character_chosen":"HERMIT","items_purchased":["Guide Book","hermit:Combo","Lee\u0027s Waffle","hermit:Vantage","Chameleon Ring"],"campfire_rested":3,"item_purchase_floors":[7,30,30,30,37],"current_hp_per_floor":[75,75,75,75,75,55,55,26,36,61,61,56,56,54,54,50,79,51,35,28,28,27,50,40,40,40,63,68,53,91,72,91,37,91,63,51,51,29,29,9,24,24,24,39,26,26,6,1,19,0,0],"gold":770,"neow_bonus":"THREE_ENEMY_KILL","is_daily":false,"chose_seed":false,"campfire_upgraded":2,"win_rate":0.0,"timestamp":1613261967,"path_taken":["M","?","M","?","?","E","$","E","T","R","?","?","R","M","R","BOSS","M","?","M","?","?","R","?","?","T","R","AVR","M","$","M","R","BOSS","M","M","$","M","?","E","R","?","T","R","E","?","M","M","R","BOSS"],"items_purchased_type":["Relic","Card","Relic","Card","Relic"],"build_version":"2020-12-22","purchased_purges":2,"victory":false,"max_hp_per_floor":[75,75,75,75,75,75,75,75,85,85,79,79,79,79,79,79,79,79,79,79,79,79,79,79,79,79,79,84,84,91,91,91,91,91,91,91,91,91,91,91,91,91,91,91,91,91,91,91,91,91,91],"card_choices":[{"not_picked":["hermit:Roulette","hermit:Manifest"],"picked":"hermit:Scavenge","floor":1.0},{"not_picked":["hermit:LowProfile","hermit:Manifest"],"picked":"hermit:Ricochet","floor":3.0},{"not_picked":["hermit:NoHoldsBarred","hermit:CalledShot"],"picked":"hermit:Determination","floor":4.0},{"not_picked":["hermit:GoldenBullet","hermit:Horror"],"picked":"hermit:Vantage","floor":6.0},{"not_picked":["hermit:LuckOfTheDraw","hermit:Purgatory"],"picked":"hermit:Coalescence","floor":8.0},{"not_picked":["hermit:Roulette","hermit:Grudge"],"picked":"hermit:ItchyTrigger","floor":14.0},{"not_picked":["hermit:EternalForm","hermit:OverwhelmingPower"],"picked":"hermit:BlackWind","floor":16.0},{"not_picked":["hermit:Determination","hermit:SprayPray"],"picked":"hermit:TrackingShot+1","floor":18.0},{"not_picked":["hermit:TrackingShot","hermit:HoleUp"],"picked":"hermit:FlashPowder+1","floor":20.0},{"not_picked":["hermit:Misfire","hermit:DeadMansHand"],"picked":"hermit:ItchyTrigger","floor":22.0},{"not_picked":["hermit:Roulette","hermit:FromBeyond"],"picked":"hermit:TrackingShot","floor":24},{"not_picked":["hermit:WideOpen","hermit:HighCaliber+1"],"picked":"hermit:TrackingShot","floor":28},{"not_picked":["hermit:Horror","hermit:SprayPray+1"],"picked":"hermit:Deadeye","floor":29},{"not_picked":["hermit:Snipe","hermit:Horror"],"picked":"hermit:Magnum","floor":31},{"not_picked":["hermit:Purgatory","hermit:Dissolve"],"picked":"hermit:DeadOrAlive","floor":33},{"not_picked":["hermit:Ricochet+1","hermit:WideOpen+1"],"picked":"hermit:Glare","floor":35},{"not_picked":["hermit:CursedWeapon","hermit:LuckOfTheDraw"],"picked":"hermit:TrackingShot+1","floor":36},{"not_picked":["hermit:EyeOfTheStorm","hermit:Shortfuse"],"picked":"hermit:LowProfile+1","floor":38},{"not_picked":["hermit:Determination","hermit:Ricochet"],"picked":"hermit:Headshot","floor":40},{"not_picked":["hermit:TrackingShot","hermit:Misfire+1"],"picked":"hermit:GhostlyPresence","floor":45},{"not_picked":["hermit:Shortfuse+1","hermit:Malice+1"],"picked":"hermit:Glare+1","floor":47},{"not_picked":["hermit:Manifest","hermit:Malice+1"],"picked":"hermit:PistolWhip+1","floor":48}],"player_experience":364597,"relics_obtained":[{"floor":6.0,"key":"Ancient Tea Set"},{"floor":8.0,"key":"Replay:Bandana"},{"floor":9.0,"key":"Pear"},{"floor":19.0,"key":"Enchiridion"},{"floor":26,"key":"PreservedInsect"},{"floor":40,"key":"Simple Rune"},{"floor":43,"key":"Shuriken"},{"floor":45,"key":"Bottled Lightning"}],"event_choices":[{"damage_healed":0.0,"max_hp_gain":0.0,"max_hp_loss":6.0,"gold_gain":0.0,"event_name":"Golden Idol","player_choice":"Lose Max HP","floor":11.0,"gold_loss":0.0,"damage_taken":0.0,"relics_obtained":["Golden Idol"]},{"damage_healed":0.0,"max_hp_gain":0.0,"max_hp_loss":0.0,"gold_gain":0.0,"event_name":"Cursed Tome","player_choice":"Obtained Book","floor":19.0,"gold_loss":0.0,"damage_taken":16.0},{"damage_healed":0,"gold_gain":99,"player_choice":"Stole From Cult","damage_taken":0,"max_hp_gain":0,"max_hp_loss":0,"event_name":"Nest","floor":25,"gold_loss":0},{"cards_removed":["hermit:Combo"],"damage_healed":0,"gold_gain":0,"player_choice":"Removed Power","damage_taken":0,"max_hp_gain":0,"max_hp_loss":0,"event_name":"Falling","floor":39,"gold_loss":0},{"damage_healed":0,"gold_gain":0,"player_choice":"Copied","damage_taken":0,"max_hp_gain":0,"max_hp_loss":0,"event_name":"Duplicator","floor":46,"gold_loss":0,"cards_obtained":["hermit:FlashPowder"]}],"is_beta":false,"boss_relics":[{"not_picked":["Snecko Heart","hubris:GrandSneckoEye"],"picked":"Runic Pyramid"},{"not_picked":["Calling Bell","hubris:CrackedHourglass"],"picked":"Coffee Dripper"}],"items_purged_floors":[30,37],"is_endless":false,"potions_floor_spawned":[4,8,22,29,31,33,35,40],"killed_by":"Time Eater","ascension_level":1}}