{"host":"onfdonezo2qmaex3","time":1613295497,"event":{"mods":["2.2 Compatiblity","AchievementEnabler","Act Like it!","Aspiration","BaseMod","Colored Powertips","Downfall","Friendly Minions","Gensokyo","Hallownest","Hermit","Highlight Path","Jorbs\u0027s Wanderer Trilogy","Marisa????????","Marked Mod","Minty Spire (QoL Compilation)","Quick Restart","Reliquary","Shop Mod","StSLib","The Disciple","The Hayseed","The Hierophant","The Marked","The Runesmith"],"gold_per_floor":[115,115,115,115,115,115,140,140,221,239,66,66,99,115,115,218,218,218],"floor_reached":17,"language":"ENG","playtime":553,"items_purged":[],"score":211,"play_id":"209c4045-b649-480e-ac3b-dae08b4e20ae","local_time":"20210214103817","is_ascension_mode":true,"campfire_choices":[{"data":"Zap","floor":6,"key":"SMITH"},{"data":"Dualcast","floor":8,"key":"SMITH"},{"floor":12,"key":"RECALL"},{"data":"Conserve Battery","floor":15,"key":"SMITH"}],"circlet_count":0,"master_deck":["Strike_B+1","Strike_B+1","Defend_B","Defend_B+1","Defend_B+1","Zap+1","Dualcast+1","Genetic Algorithm","Gensokyo:MysteriousEgg","Gensokyo:BlemishedSteel","Gensokyo:RPG","Conserve Battery+1","Multi-Cast","Hello World+1","Reinforced Body+1","Consume+1"],"relics":["Cracked Core","NeowsBlessing","Mango","Happy Flower","War Paint","aspiration:HummingbirdHeart","Whetstone","Astrolabe"],"acts_visited":["Gensokyo:Gensokyo","TheCity"],"potions_floor_usage":[16],"damage_taken":[{"damage":0,"enemies":"Gensokyo:2_Kodama","floor":1,"turns":1},{"damage":0,"enemies":"Gensokyo:Cirno","floor":7,"turns":2},{"damage":0,"enemies":"Gensokyo:Gryphon","floor":10,"turns":1},{"damage":9,"enemies":"Gensokyo:Aya","floor":13,"turns":6},{"damage":0,"enemies":"Gensokyo:Python","floor":14,"turns":3},{"damage":53,"enemies":"Gensokyo:Kokoro","floor":16,"turns":13}],"seed_played":"4381215076495655406","potions_obtained":[{"floor":10,"key":"Ancient Potion"},{"floor":13,"key":"SteroidPotion"}],"is_trial":false,"path_per_floor":["M","T","?","?","?","R","E","R","T","M","COS","R","E","M","R","B",null],"character_chosen":"DEFECT","items_purchased":[],"campfire_rested":0,"item_purchase_floors":[],"current_hp_per_floor":[75,75,68,68,68,68,68,68,68,68,68,68,59,59,59,6,89,89],"gold":218,"neow_bonus":"THREE_ENEMY_KILL","is_daily":false,"chose_seed":false,"campfire_upgraded":3,"win_rate":0.0,"timestamp":1613295497,"path_taken":["M","?","?","?","?","R","E","R","T","M","COS","R","E","?","R","BOSS"],"items_purchased_type":[],"build_version":"2020-12-22","purchased_purges":0,"victory":false,"max_hp_per_floor":[75,75,89,89,89,89,89,89,89,89,89,89,89,89,89,89,89,89],"card_choices":[{"not_picked":["Coolheaded","Sweeping Beam"],"picked":"Ball Lightning","floor":1},{"not_picked":["Beam Cell","Sunder"],"picked":"Genetic Algorithm","floor":7},{"not_picked":["Recycle","Hologram","Sweeping Beam"],"picked":"SKIP","floor":10},{"not_picked":["Redo","Multi-Cast"],"picked":"Conserve Battery","floor":13},{"not_picked":["Aggregate","Stack","Go for the Eyes"],"picked":"SKIP","floor":14},{"not_picked":["Fission","Biased Cognition"],"picked":"Multi-Cast","floor":16}],"player_experience":183436,"relics_obtained":[{"floor":7,"key":"War Paint"},{"floor":9,"key":"aspiration:HummingbirdHeart"},{"floor":13,"key":"Whetstone"}],"event_choices":[],"is_beta":false,"boss_relics":[{"not_picked":["Tiny House","SacredBark"],"picked":"Astrolabe"}],"items_purged_floors":[],"is_endless":false,"potions_floor_spawned":[10,13],"ascension_level":3}}