{"host":"68znc2ej2o0mvpv6","time":1613270373,"event":{"mods":["100% Spire Juice","2.2 Compatiblity","AYAYA","AchievementEnabler","Act Like it!","Aspiration","BaseMod","Better Altar","Better Note","Better Third Choice","Bossed Relics","Conspire","Downfall","Evolution","Gensokyo","Googly Eyes","GungeonMod","HololiveMod","Hubris","Infinite Spire","Jorbs\u0027s Wanderer Trilogy","Minty Spire (QoL Compilation)","Morshu Shopkeeper","Morshu Shopkeeper - ENHANCED","Puzzle Mod","Reliquary","Replay The Spire","Shop Mod","Spicy Shops","StSLib","The Animator","The Blue Laboratory"],"gold_per_floor":[29,44,7,7,19,34,34,34,52,85,85,117,17,51,61,161,161,161],"floor_reached":16,"language":"RUS","playtime":1766,"items_purged":[],"score":202,"play_id":"7fdc0ec0-39b0-498f-9681-305f691b482b","local_time":"20210214043933","is_ascension_mode":true,"campfire_choices":[{"floor":13,"key":"REST"}],"circlet_count":0,"master_deck":["Slimebound:Strike_Slimebound","Slimebound:Strike_Slimebound","Slimebound:Strike_Slimebound","Slimebound:Defend_Slimebound+1","Slimebound:Defend_Slimebound","Slimebound:Defend_Slimebound","Slimebound:Defend_Slimebound","Slimebound:Split","Slimebound:CorrosiveSpit","Slimebound:AcidTongue","Slimebound:GrowthPunch","Slimebound:RejuvenatingLick","Looming Evil","Slimebound:ForwardTackle","Slimebound:SamplingLick","Injury","Slimebound:OozeBath","Slimebound:ViciousTackle+1","Slimebound:SplitMire"],"relics":["Slimebound:AbsorbEndCombat","EVO:Axolotl","Gensokyo:Mercy","infinitespire:PuzzleCube","Darkstone Periapt","ReplayTheSpireMod:Ring of Addiction","ReplayTheSpireMod:Ring of Challenge","Chameleon Ring","hubris:EmptyBottle","aspiration:FrozenJewel","Molten Egg 2","DemoMod:MemoryAlloy","downfall:HeartBlessingGreen","Pen Nib","DemoMod:GlassGuonStoneRelic"],"acts_visited":["Exordium"],"potions_floor_usage":[10,12,16],"damage_taken":[{"damage":4,"enemies":"Gensokyo:Python","floor":2,"turns":3},{"damage":4,"enemies":"Gensokyo:Gryphon","floor":5,"turns":7},{"damage":0,"enemies":"Gensokyo:3_Fairies","floor":6,"turns":5},{"damage":3,"enemies":"Gensokyo:2_Rabbits","floor":9,"turns":5},{"damage":13,"enemies":"Gensokyo:Aya","floor":10,"turns":5},{"damage":20,"enemies":"Gensokyo:Cirno","floor":12,"turns":6},{"damage":3,"enemies":"Gensokyo:Aya","floor":14,"turns":4},{"damage":3,"enemies":"Gensokyo:Kitsune","floor":15,"turns":2},{"damage":23,"enemies":"SI_SHIV_ARCHETYPE","floor":16,"turns":9}],"seed_played":"-7732050268769875525","potions_obtained":[{"floor":5,"key":"Toxic Potion"},{"floor":8,"key":"FairyPotion"},{"floor":8,"key":"blueLaboratory:HorrorPotion"},{"floor":12,"key":"Energy Potion"}],"is_trial":false,"path_per_floor":["R","M","COS","?","M","M","T","?","M","E","?","E","R","E","M","B"],"character_chosen":"SLIMEBOUND","items_purchased":[],"campfire_rested":1,"item_purchase_floors":[],"current_hp_per_floor":[71,67,67,67,68,71,71,77,77,66,72,60,83,83,82,60,60,60],"gold":161,"neow_bonus":"TEN_PERCENT_HP_BONUS","is_daily":false,"chose_seed":false,"campfire_upgraded":0,"win_rate":0.0,"timestamp":1613270373,"path_taken":["R","M","COS","?","M","M","T","?","M","E","?","E","R","E","M","BOSS"],"items_purchased_type":[],"build_version":"2020-12-22","purchased_purges":0,"victory":false,"max_hp_per_floor":[71,71,71,71,71,71,71,77,77,77,83,83,83,83,83,81,81,81],"card_choices":[{"not_picked":["Slimebound:FormOfPuddle","Slimebound:SlimeSpikes"],"picked":"Slimebound:AcidTongue","floor":2},{"not_picked":["Slimebound:BestDefense","Slimebound:RollThrough"],"picked":"Slimebound:GrowthPunch","floor":5},{"not_picked":["Slimebound:Prepare","Slimebound:SlimeBarrage"],"picked":"Slimebound:RejuvenatingLick","floor":6},{"not_picked":["Slimebound:GoopTackle","Slimebound:FlameTackle"],"picked":"Slimebound:ForwardTackle","floor":9},{"not_picked":["Slimebound:RejuvenatingLick","Slimebound:DisruptingSlam"],"picked":"Slimebound:SamplingLick","floor":10},{"not_picked":["Slimebound:LeechingTouch+1","Slimebound:SelfFormingGoo"],"picked":"Slimebound:OozeBath","floor":12},{"not_picked":["Slimebound:Grow","Slimebound:FinishingTackle+1"],"picked":"Slimebound:ViciousTackle+1","floor":14},{"not_picked":["Slimebound:SplitAcid","Slimebound:Chomp+1"],"picked":"Slimebound:SplitMire","floor":15}],"player_experience":96288,"relics_obtained":[{"floor":7,"key":"Darkstone Periapt"},{"floor":8,"key":"ReplayTheSpireMod:Ring of Addiction"},{"floor":8,"key":"ReplayTheSpireMod:Ring of Challenge"},{"floor":8,"key":"Chameleon Ring"},{"floor":8,"key":"hubris:EmptyBottle"},{"floor":10,"key":"aspiration:FrozenJewel"},{"floor":12,"key":"DemoMod:MemoryAlloy"},{"floor":14,"key":"Pen Nib"}],"event_choices":[],"is_beta":false,"boss_relics":[],"items_purged_floors":[],"is_endless":false,"potions_floor_spawned":[5,9,12,14],"killed_by":"SI_SHIV_ARCHETYPE","ascension_level":1}}