{"host":"oqv3vxnsjitmn8w8","time":1613310695,"event":{"mods":["BaseMod","DeckTracker","Minty Spire (QoL Compilation)","StSLib","The Gatherer"],"gold_per_floor":[113,113,132,207,382,410,410,51,51,67,81,46,60,60,60,159,159,174,159,159,9,21,56,56,56,56],"floor_reached":24,"language":"KOR","playtime":842,"items_purged":["Doubt"],"score":241,"play_id":"a67f7a02-61b8-4b8b-ae77-49f836d41b0a","local_time":"20210214225135","is_ascension_mode":false,"metric_token":349,"campfire_choices":[{"data":"Gatherer:FlowerWhip+1","floor":7,"key":"SMITH"},{"data":"Gatherer:FlowerShield+2","floor":15,"key":"SMITH"}],"circlet_count":0,"master_deck":["Gatherer:Strike_Gatherer","Gatherer:Strike_Gatherer","Gatherer:Strike_Gatherer","Gatherer:Strike_Gatherer","Gatherer:Strike_Gatherer","Gatherer:Defend_Gatherer","Gatherer:Defend_Gatherer","Gatherer:Defend_Gatherer","Gatherer:Defend_Gatherer","Gatherer:Defend_Gatherer","Gatherer:Centralize","Gatherer:FlowerWhip+3","Gatherer:FlowerShield+2","Gatherer:ScherryThrow","Gatherer:ScherryThrow","Gatherer:VenomBarrier","Gatherer:Herbalism","Gatherer:FlowerShield+3","Gatherer:AlchemyTrial+1","Gatherer:Nutrients","Gatherer:HeartToFruit","Gatherer:FlowerFalling+1","Gatherer:ScherryThrow","Gatherer:Pollute","Gatherer:SealedBomb"],"relics":["Gatherer:AlchemyBag","NeowsBlessing","Bird Faced Urn","Gatherer:FloralEgg","Potion Belt","Gatherer:ExplorersPath","Strange Spoon","Centennial Puzzle"],"acts_visited":["Exordium","TheCity"],"potions_floor_usage":[16,23,23,23],"damage_taken":[{"damage":0,"enemies":"Small Slimes","floor":1,"turns":1},{"damage":0,"enemies":"Cultist","floor":3,"turns":1},{"damage":0,"enemies":"Gremlin Nob","floor":6,"turns":1},{"damage":0,"enemies":"2 Louse","floor":10,"turns":2},{"damage":0,"enemies":"Exordium Wildlife","floor":11,"turns":4},{"damage":2,"enemies":"Red Slaver","floor":13,"turns":3},{"damage":34,"enemies":"The Guardian","floor":16,"turns":11},{"damage":12,"enemies":"3 Byrds","floor":18,"turns":4},{"damage":0,"enemies":"2 Thieves","floor":19,"turns":4},{"damage":55,"enemies":"Chosen and Byrds","floor":22,"turns":9},{"damage":41,"enemies":"Slavers","floor":23,"turns":6},{"damage":9,"enemies":"Snecko","floor":24,"turns":2}],"seed_played":"-1786329891715227914","potions_obtained":[{"floor":6,"key":"BloodPotion"},{"floor":10,"key":"CultistPotion"},{"floor":18,"key":"PowerPotion"},{"floor":19,"key":"Ancient Potion"}],"is_trial":false,"path_per_floor":["M","?","M","?","?","E","R","$","T","M","M","$","M","?","R","B",null,"M","M","?","$","M","E","M"],"character_chosen":"THE_GATHERER","items_purchased":["Gatherer:FloralEgg","Gatherer:VenomBarrier","Gatherer:AlchemyTrial","Strange Spoon"],"campfire_rested":0,"item_purchase_floors":[8,8,12,21],"current_hp_per_floor":[72,72,72,61,61,61,61,61,61,61,61,61,61,61,61,29,72,64,69,69,69,19,1,0,0,0],"gold":56,"neow_bonus":"THREE_ENEMY_KILL","is_daily":false,"chose_seed":false,"campfire_upgraded":2,"win_rate":0.0,"timestamp":1613310695,"path_taken":["M","?","M","?","?","E","R","$","T","M","M","$","M","?","R","BOSS","M","?","?","$","M","E","M"],"items_purchased_type":["Relic","Card","Card","Relic"],"build_version":"2020-12-22","purchased_purges":1,"victory":false,"max_hp_per_floor":[72,72,72,72,72,72,72,72,72,72,72,72,72,72,72,72,72,76,79,79,79,82,85,85,85,85],"card_choices":[{"not_picked":["Gatherer:BambuSword","Gatherer:SaveValuables"],"picked":"Gatherer:FlowerShield","floor":1},{"not_picked":["Gatherer:RecoveryHerb","Gatherer:SaveValuables"],"picked":"Gatherer:ScherryThrow","floor":3},{"not_picked":["Gatherer:RecoveryHerb","Gatherer:GlowingPlant"],"picked":"Gatherer:ScherryThrow","floor":6},{"not_picked":["Gatherer:GlowingPlant","Gatherer:CollectorsShot"],"picked":"Gatherer:Herbalism","floor":10},{"not_picked":["Gatherer:Frenzy","Gatherer:ScrollOfWall"],"picked":"Gatherer:FlowerShield","floor":11},{"not_picked":["Gatherer:VenomBarrier","Gatherer:MiningStrike"],"picked":"Gatherer:Nutrients","floor":13},{"not_picked":["Gatherer:Overflowing","Gatherer:FinishingStrike"],"picked":"Gatherer:HeartToFruit","floor":16},{"not_picked":["Gatherer:BalancedGrowth","Gatherer:AcidicSpray"],"picked":"Gatherer:FlowerFalling","floor":18},{"not_picked":["Gatherer:WoolGloves","Gatherer:ScrollOfWall"],"picked":"Gatherer:ScherryThrow","floor":19},{"not_picked":["Gatherer:Frenzy+1","Gatherer:WoolGloves","Gatherer:AromaProtection"],"picked":"SKIP","floor":22},{"not_picked":["Gatherer:Snatch","Gatherer:Polymorphism"],"picked":"Gatherer:SealedBomb","floor":23}],"player_experience":97628,"relics_obtained":[{"floor":6,"key":"Bird Faced Urn"},{"floor":9,"key":"Potion Belt"},{"floor":23,"key":"Centennial Puzzle"}],"event_choices":[{"damage_healed":0,"gold_gain":0,"player_choice":"Grow","damage_taken":0,"max_hp_gain":0,"max_hp_loss":0,"event_name":"Living Wall","floor":2,"gold_loss":0,"cards_upgraded":["Gatherer:FlowerWhip"]},{"damage_healed":0,"gold_gain":75,"player_choice":"Gather Gold","damage_taken":11,"max_hp_gain":0,"max_hp_loss":0,"event_name":"World of Goop","floor":4,"gold_loss":0},{"damage_healed":0,"gold_gain":175,"player_choice":"AGREE","damage_taken":0,"max_hp_gain":0,"max_hp_loss":0,"event_name":"Liars Game","floor":5,"gold_loss":0,"cards_obtained":["Doubt"]},{"damage_healed":0,"gold_gain":0,"player_choice":"Forge","damage_taken":0,"max_hp_gain":0,"max_hp_loss":0,"event_name":"Accursed Blacksmith","floor":14,"gold_loss":0,"cards_upgraded":["Gatherer:AlchemyTrial"]},{"damage_healed":0,"gold_gain":0,"player_choice":"Read","damage_taken":0,"max_hp_gain":0,"max_hp_loss":0,"event_name":"The Library","floor":20,"gold_loss":0,"cards_obtained":["Gatherer:Pollute"]}],"is_beta":false,"boss_relics":[{"not_picked":["Philosopher\u0027s Stone","Fusion Hammer"],"picked":"Gatherer:ExplorersPath"}],"items_purged_floors":[8],"is_endless":false,"potions_floor_spawned":[6,10,18,19],"killed_by":"Snecko","ascension_level":0}}