{"host":"dth0zvmc1sacm2fc","time":1613337846,"event":{"mods":["BaseMod","DeckTracker","Downfall","Googly Eyes","Marisa????????","Minty Spire (QoL Compilation)","StSLib","The Mystic","The Poker Player","The Servant 0.9.4"],"gold_per_floor":[99,115,107,127,155,171,198,21,21,38,65,65,78,38,52,147,147,47,66,94,5,26,126,208,108,138,198,448,348,49,99,113,213,213,213,224,240,44,62,157,157,207,217,235,235,333,333,383,400,400,400,400,400,400],"floor_reached":52,"language":"ENG","playtime":12784,"items_purged":[],"score":818,"play_id":"aa7951d3-2a50-489d-ac9e-e0946706cd71","local_time":"20210214222406","is_ascension_mode":false,"campfire_choices":[{"floor":1,"key":"RECALL"},{"data":"hexamod:HexaLevel","floor":9,"key":"SMITH"},{"data":"hexamod:Incineration","floor":12,"key":"SMITH"},{"floor":18,"key":"REST"},{"floor":25,"key":"REST"},{"floor":29,"key":"REST"},{"floor":35,"key":"REST"},{"floor":45,"key":"REST"},{"floor":47,"key":"REST"}],"circlet_count":0,"master_deck":["hexamod:Defend","hexamod:Defend","hexamod:Defend","hexamod:Defend+1","hexamod:Sear","hexamod:Float","hexamod:NightmareGuise","hexamod:SpectersWail","hexamod:HexaLevel+1","hexamod:EmpoweredFlame","hexamod:Hexaguard","hexamod:EmpoweredFlame","hexamod:SpectersWail","hexamod:RainOfEmbers","hexamod:Hexaguard+1","hexamod:DynamicBlow","hexamod:NightmareStrike","hexamod:Incineration+1","hexamod:GhostLash","hexamod:DynamicBlow","hexamod:Firestarter","hexamod:FastForward+1","hexamod:VolcanoVisage","hexamod:Hexaguard","hexamod:FastForward","hexamod:RainOfEmbers","hexamod:SwordOfDarkness","hexamod:FirstSeal","hexamod:GhostOfSpirePresent","hexamod:Hexaguard","hexamod:ParanormalForm","hexamod:RecurringNightmare+1","downfall:Haunted","hexamod:UnleashSpirits","expansioncontent:DashGenerateEvil","hexamod:SpectersWail","hexamod:SoulSteal","Bite","Bite","Bite","Bite","Bite","hexamod:FastForward+1","hexamod:ForkedFlame","hexamod:RadiantFlame+1","hexamod:HauntingEcho","hexamod:BurningTouch","hexamod:UnlimitedPower","expansioncontent:DashGenerateEvil","hexamod:SpectersWail+1","hexamod:Hexaguard+1","hexamod:ThermalTransfer+1","hexamod:NightmareGuise","hexamod:SpectralAdrenaline","Doubt","hexamod:TimeWarp"],"relics":["hexamod:SpiritBrand","Fusion Hammer","downfall:HeartBlessingRed","hexamod:TheBrokenSeal","downfall:CloakOfManyFaces","CultistMask","FaceOfCleric","NlothsMask","GremlinMask","SsserpentHead","downfall:HeartBlessingBlue","Bag of Preparation","downfall:HeartBlessingGreen","Velvet Choker","Letter Opener","DollysMirror","CatCart","Eternal Feather","Ice Cream"],"acts_visited":["Exordium","TheCity","TheBeyond","TheEnding"],"potions_floor_usage":[16,33,33,40,46,50,52],"damage_taken":[{"damage":2,"enemies":"Small Slimes","floor":2,"turns":3},{"damage":3,"enemies":"Jaw Worm","floor":4,"turns":5},{"damage":0,"enemies":"Cultist","floor":5,"turns":4},{"damage":8,"enemies":"3 Louse","floor":6,"turns":4},{"damage":5,"enemies":"downfall:FleeingMerchant","floor":8,"turns":4},{"damage":3,"enemies":"Large Slime","floor":10,"turns":3},{"damage":7,"enemies":"Blue Slaver","floor":11,"turns":3},{"damage":0,"enemies":"3 Louse","floor":13,"turns":1},{"damage":0,"enemies":"downfall:FleeingMerchant","floor":14,"turns":4},{"damage":5,"enemies":"downfall:LooterAlt","floor":15,"turns":4},{"damage":27,"enemies":"DF_ARCHETYPE_STREAMLINE","floor":16,"turns":8},{"damage":19,"enemies":"3 Byrds","floor":19,"turns":4},{"damage":24,"enemies":"Spheric Guardian","floor":20,"turns":6},{"damage":0,"enemies":"downfall:FleeingMerchant","floor":21,"turns":4},{"damage":19,"enemies":"Centurion and Healer","floor":22,"turns":9},{"damage":5,"enemies":"downfall:FaceTrader","floor":23,"turns":6},{"damage":19,"enemies":"Book of Stabbing","floor":26,"turns":6},{"damage":0,"enemies":"Snecko","floor":27,"turns":3},{"damage":8,"enemies":"downfall:FleeingMerchant","floor":30,"turns":4},{"damage":0,"enemies":"Snake Plant","floor":32,"turns":3},{"damage":39,"enemies":"SI_MIRROR_ARCHETYPE","floor":33,"turns":12},{"damage":8,"enemies":"3 Darklings","floor":36,"turns":4},{"damage":0,"enemies":"3 Shapes","floor":37,"turns":3},{"damage":0,"enemies":"downfall:FleeingMerchant","floor":38,"turns":3},{"damage":31,"enemies":"Writhing Mass","floor":39,"turns":4},{"damage":83,"enemies":"Orin","floor":40,"turns":8},{"damage":10,"enemies":"Jaw Worm Horde","floor":43,"turns":3},{"damage":0,"enemies":"4 Shapes","floor":44,"turns":4},{"damage":7,"enemies":"2 Orb Walkers","floor":46,"turns":4},{"damage":16,"enemies":"Maw","floor":49,"turns":5},{"damage":108,"enemies":"IC_BLOCK_ARCHETYPE","floor":50,"turns":9},{"damage":119,"enemies":"downfall:CharBossMerchant","floor":52,"turns":7}],"seed_played":"-6803047627043012931","potions_obtained":[{"floor":5,"key":"hexamod:EctoCoolerPotion"},{"floor":6,"key":"Swift Potion"},{"floor":10,"key":"Fruit Juice"},{"floor":21,"key":"LiquidMemories"},{"floor":22,"key":"PowerPotion"},{"floor":26,"key":"FairyPotion"},{"floor":33,"key":"Ancient Potion"},{"floor":37,"key":"Dexterity Potion"},{"floor":40,"key":"hexamod:SoulburnPotion"},{"floor":43,"key":"Fire Potion"}],"is_trial":false,"path_per_floor":["R","M","?","M","M","M","T","$","R","M","M","R","M","$","M","B",null,"R","M","M","$","M","?","T","R","E","M","?","R","$","?","M","B",null,"R","M","M","$","M","?","T","?","M","M","R","?","R","?","M","B",null,"E"],"character_chosen":"THE_SPIRIT","items_purchased":["hexamod:RainOfEmbers","hexamod:Hexaguard","hexamod:DynamicBlow","hexamod:Firestarter","hexamod:GhostOfSpirePresent","expansioncontent:DashGenerateEvil","hexamod:SpectersWail","hexamod:SoulSteal","Letter Opener","hexamod:UnlimitedPower","DollysMirror"],"campfire_rested":6,"item_purchase_floors":[8,8,8,14,21,30,30,30,38,38,38],"current_hp_per_floor":[77,75,68,72,77,76,76,71,71,75,68,68,68,75,70,48,82,82,63,39,46,92,92,92,102,84,85,85,104,97,73,74,38,75,75,76,77,78,50,13,13,13,10,20,74,72,83,83,70,43,85,0,0,0],"gold":400,"neow_bonus":"TEN_PERCENT_HP_BONUS","is_daily":false,"chose_seed":false,"campfire_upgraded":2,"win_rate":0.0,"timestamp":1613337846,"path_taken":["R","M","?","M","M","M","T","$","R","M","M","R","M","$","M","BOSS","R","M","M","$","M","?","T","R","E","?","?","R","$","?","M","BOSS","R","M","M","$","M","?","T","?","M","M","R","?","R","?","M","BOSS","E"],"items_purchased_type":["Card","Card","Card","Card","Card","Card","Card","Card","Relic","Card","Relic"],"build_version":"2020-12-22","purchased_purges":0,"victory":false,"max_hp_per_floor":[77,77,77,77,77,77,77,77,77,77,77,77,77,77,77,82,82,82,82,82,82,92,92,92,102,103,104,104,104,105,73,74,75,75,75,76,77,78,79,80,80,80,81,82,82,83,83,83,84,85,85,85,85,85],"card_choices":[{"not_picked":["hexamod:Firestarter","hexamod:CatchUp"],"picked":"hexamod:HauntingEcho","floor":2},{"not_picked":["hexamod:GhostShield","hexamod:HeatMetal"],"picked":"hexamod:NightmareGuise","floor":4},{"not_picked":["hexamod:SecondSeal","hexamod:GhostShield"],"picked":"hexamod:SpectersWail","floor":4},{"not_picked":["hexamod:FirstSeal","hexamod:GhostLash"],"picked":"hexamod:HexaLevel","floor":5},{"not_picked":["hexamod:StepThrough","hexamod:SpectersWail"],"picked":"hexamod:EmpoweredFlame","floor":5},{"not_picked":["hexamod:SecondSeal","hexamod:GhostLash"],"picked":"hexamod:Hexaguard","floor":6},{"not_picked":["hexamod:RecurringNightmare","hexamod:HeatMetal"],"picked":"hexamod:EmpoweredFlame","floor":6},{"not_picked":["hexamod:Firestarter","hexamod:InspiringFlames"],"picked":"hexamod:SixthSeal","floor":8},{"not_picked":["hexamod:RetreatToShadows","hexamod:HeatCrush"],"picked":"hexamod:SpectersWail","floor":8},{"not_picked":["hexamod:Firestarter","hexamod:AdvancingGuard"],"picked":"hexamod:NightmareStrike","floor":10},{"not_picked":["hexamod:PhantomCloak","hexamod:StepThrough"],"picked":"hexamod:Incineration","floor":11},{"not_picked":["hexamod:SwordOfDarkness","hexamod:Hexaguard"],"picked":"hexamod:GhostLash","floor":13},{"not_picked":["hexamod:HeatMetal","hexamod:AdvancingGuard"],"picked":"hexamod:DynamicBlow","floor":14},{"not_picked":["hexamod:InspiringFlames","hexamod:AdvancingGuard"],"picked":"hexamod:FastForward","floor":15},{"not_picked":["hexamod:TimeWarp","hexamod:SixthSeal"],"picked":"hexamod:VolcanoVisage","floor":16},{"not_picked":["hexamod:TimeOfNeed","hexamod:SixthSeal"],"picked":"hexamod:FifthSeal","floor":16},{"not_picked":["hexamod:HeatMetal","hexamod:Hexaguard"],"picked":"hexamod:FourthSeal","floor":19},{"not_picked":["hexamod:SecondSeal","hexamod:FourthSeal"],"picked":"hexamod:Hexaguard","floor":19},{"not_picked":["hexamod:SwordOfDarkness+1","hexamod:BacktrackSmack+1"],"picked":"hexamod:FastForward","floor":20},{"not_picked":["hexamod:Incineration","hexamod:InspiringFlames+1"],"picked":"hexamod:RainOfEmbers","floor":20},{"not_picked":["hexamod:FirstSeal","hexamod:GhostShield"],"picked":"hexamod:SwordOfDarkness","floor":21},{"not_picked":["hexamod:FourthSeal","hexamod:SecondSeal"],"picked":"hexamod:FirstSeal","floor":21},{"not_picked":["hexamod:Incineration","hexamod:BacktrackSmack"],"picked":"hexamod:Hexaguard","floor":22},{"not_picked":["hexamod:HeatShield","hexamod:HauntingEcho+1"],"picked":"hexamod:ParanormalForm","floor":23},{"not_picked":["hexamod:EmpoweredFlame","hexamod:GhostShield"],"picked":"hexamod:RecurringNightmare+1","floor":26},{"not_picked":["hexamod:ShieldOfDarkness","hexamod:BacktrackSmack","hexamod:InspiringFlames"],"picked":"SKIP","floor":27},{"not_picked":["hexamod:FourthSeal","hexamod:RecurringNightmare"],"picked":"hexamod:UnleashSpirits","floor":30},{"not_picked":["hexamod:ThermalTransfer","hexamod:NightmareStrike"],"picked":"hexamod:FastForward+1","floor":32},{"not_picked":["hexamod:SearingWound","hexamod:HexaLevel"],"picked":"hexamod:ForkedFlame","floor":33},{"not_picked":["hexamod:GhostShield+1","hexamod:InspiringFlames+1"],"picked":"hexamod:RadiantFlame+1","floor":36},{"not_picked":["hexamod:InspiringFlames+1","hexamod:GhostShield"],"picked":"hexamod:HauntingEcho","floor":37},{"not_picked":["hexamod:ThermalTransfer+1","hexamod:SoulSteal+1"],"picked":"hexamod:BurningTouch","floor":38},{"not_picked":["hexamod:GhostOfSpirePresent","hexamod:FastForward"],"picked":"hexamod:SpectersWail+1","floor":39},{"not_picked":["hexamod:ThermalTransfer","hexamod:FourthSeal"],"picked":"hexamod:Hexaguard+1","floor":40},{"not_picked":["hexamod:InspiringFlames","hexamod:FirstSeal"],"picked":"hexamod:ThermalTransfer+1","floor":43},{"not_picked":["hexamod:NightmareStrike","hexamod:ShieldOfDarkness+1"],"picked":"hexamod:NightmareGuise","floor":44},{"not_picked":["hexamod:GhostLash+1","hexamod:SpectersWail"],"picked":"hexamod:SpectralAdrenaline","floor":46},{"not_picked":["hexamod:SkipABeat+1","hexamod:BurningTouch+1"],"picked":"hexamod:TimeWarp","floor":49}],"player_experience":171426,"relics_obtained":[{"floor":23,"key":"downfall:CloakOfManyFaces"},{"floor":26,"key":"Bag of Preparation"},{"floor":40,"key":"CatCart"},{"floor":41,"key":"Eternal Feather"},{"floor":46,"key":"Ice Cream"}],"event_choices":[{"damage_healed":0,"gold_gain":0,"player_choice":"Became a vampire","damage_taken":0,"max_hp_gain":0,"max_hp_loss":32,"event_name":"Vampires","floor":31,"gold_loss":0,"cards_obtained":["Bite","Bite","Bite","Bite","Bite"]},{"damage_healed":0,"gold_gain":0,"player_choice":"Fight","damage_taken":0,"max_hp_gain":0,"max_hp_loss":0,"event_name":"OrinTheCat","floor":40,"gold_loss":0},{"damage_healed":0,"gold_gain":0,"player_choice":"Fight","damage_taken":0,"max_hp_gain":0,"max_hp_loss":0,"event_name":"Mysterious Sphere","floor":46,"gold_loss":0}],"is_beta":false,"boss_relics":[{"not_picked":["Calling Bell","Sozu"],"picked":"Fusion Hammer"},{"not_picked":["Runic Pyramid","Empty Cage"],"picked":"Velvet Choker"}],"items_purged_floors":[],"is_endless":false,"potions_floor_spawned":[5,6,10,11,15,23,26,27,33,37,40,43],"killed_by":"downfall:CharBossMerchant","ascension_level":0}}