{"host":"8u1cu4kisw6g21am","time":1613275333,"event":{"mods":["AchievementEnabler","BaseMod","Bestiary","BetterRewards","Minty Spire (QoL Compilation)","Quick Restart","Shop Mod","StSLib"],"gold_per_floor":[117,117,133,144,168,196,196,207,275,275,295,329,394,494,494,592,592,608,295,3,3,3,3,3,34,34,51,51,61,61,76,76,76,76],"floor_reached":33,"language":"ENG","playtime":3411,"items_purged":["Defend_P","Strike_P"],"score":343,"play_id":"a3dc5926-7b68-4c38-8675-af33cac190ac","local_time":"20210213230213","is_ascension_mode":false,"campfire_choices":[{"data":"1","floor":7.0,"key":"LIFT"},{"floor":10.0,"key":"REST"},{"data":"Eruption","floor":15.0,"key":"SMITH"},{"data":"2","floor":23.0,"key":"LIFT"},{"floor":32,"key":"REST"}],"circlet_count":0,"master_deck":["Strike_P","Strike_P","Strike_P","Defend_P","Defend_P","Defend_P","Eruption+1","Vigilance","CutThroughFate","Weave","PathToVictory","Halt","PathToVictory","JustLucky","Crescendo","Worship","DevaForm+1","JustLucky","Scrawl","CurseOfTheBell","Collect","PathToVictory"],"relics":["PureWater","Sling","Girya","Torii","Bronze Scales","Gremlin Horn","WingedGreaves","Juzu Bracelet","Shovel","MerchantsRug","Singing Bowl","Incense Burner","Pantograph"],"acts_visited":["Exordium","TheCity"],"potions_floor_usage":[30,33,33],"damage_taken":[{"damage":0.0,"enemies":"2 Louse","floor":1.0,"turns":2.0},{"damage":0.0,"enemies":"Cultist","floor":3.0,"turns":2.0},{"damage":0.0,"enemies":"Small Slimes","floor":4.0,"turns":1.0},{"damage":6.0,"enemies":"3 Sentries","floor":6.0,"turns":3.0},{"damage":12.0,"enemies":"Exordium Thugs","floor":8.0,"turns":2.0},{"damage":0.0,"enemies":"Large Slime","floor":11.0,"turns":2.0},{"damage":9.0,"enemies":"Lagavulin","floor":12.0,"turns":4.0},{"damage":26.0,"enemies":"Gremlin Nob","floor":13.0,"turns":3.0},{"damage":8.0,"enemies":"Hexaghost","floor":16.0,"turns":7.0},{"damage":21.0,"enemies":"Shell Parasite","floor":18.0,"turns":4.0},{"damage":44.0,"enemies":"Slavers","floor":25.0,"turns":3.0},{"damage":31.0,"enemies":"2 Thieves","floor":27.0,"turns":3.0},{"damage":2.0,"enemies":"3 Cultists","floor":29.0,"turns":4.0},{"damage":0,"enemies":"Book of Stabbing","floor":30,"turns":1},{"damage":3,"enemies":"Chosen and Byrds","floor":31,"turns":3},{"damage":197,"enemies":"Automaton","floor":33,"turns":6}],"seed_played":"-204627587776906205","potions_obtained":[{"floor":2.0,"key":"Weak Potion"},{"floor":2.0,"key":"Ancient Potion"},{"floor":2.0,"key":"Fruit Juice"},{"floor":4.0,"key":"SneckoOil"},{"floor":6.0,"key":"LiquidBronze"},{"floor":8.0,"key":"PowerPotion"},{"floor":11.0,"key":"FairyPotion"},{"floor":18.0,"key":"SteroidPotion"},{"floor":27.0,"key":"SpeedPotion"},{"floor":29.0,"key":"SmokeBomb"}],"is_trial":false,"path_per_floor":["M","?","M","M","T","E","R","M","T","R","M","E","?","?","R","B",null,"M","$","$","?","?","R","?","E","T","M","?","M","E","M","R","B"],"character_chosen":"WATCHER","items_purchased":["Sling","Girya","CutThroughFate","Weave","PathToVictory","Fruit Juice","MerchantsRug","Singing Bowl","Collect"],"campfire_rested":2,"item_purchase_floors":[0,0,0,0,0,19,19,20,20],"current_hp_per_floor":[40,45,45,45,45,39,39,27,27,50,50,41,15,15,15,7,87,66,71,71,71,53,53,85,43,43,12,12,12,12,11,41,0,0],"gold":76,"neow_bonus":"","is_daily":false,"chose_seed":false,"campfire_upgraded":1,"win_rate":0.0,"timestamp":1613275333,"path_taken":["M","?","?","M","?","E","R","M","T","R","M","E","?","?","R","BOSS","M","$","$","?","?","R","?","E","T","M","?","M","E","M","R","BOSS"],"items_purchased_type":["Relic","Relic","Card","Card","Card","Potion","Relic","Relic","Card"],"build_version":"2020-12-22","purchased_purges":2,"victory":false,"max_hp_per_floor":[72,77,77,77,77,77,77,77,77,77,77,77,77,77,77,77,87,87,92,92,92,97,97,97,99,99,99,99,101,101,103,103,103,103],"card_choices":[{"not_picked":["EmptyBody","SashWhip"],"picked":"Halt","floor":1.0},{"not_picked":["ClearTheMind","Judgement"],"picked":"PathToVictory","floor":3.0},{"not_picked":["FollowUp","SignatureMove"],"picked":"JustLucky","floor":4.0},{"not_picked":["InnerPeace","Establishment"],"picked":"Crescendo","floor":6.0},{"not_picked":["PathToVictory","Crescendo"],"picked":"Worship","floor":8.0},{"not_picked":["Consecrate","CarveReality"],"picked":"Perseverance","floor":11.0},{"not_picked":["CarveReality","BattleHymn"],"picked":"DevaForm","floor":12.0},{"not_picked":["Tantrum","BowlingBash"],"picked":"JustLucky","floor":13.0},{"not_picked":["Brilliance","Omniscience"],"picked":"Scrawl","floor":16.0},{"not_picked":["FearNoEvil","SignatureMove","Evaluate"],"picked":"SKIP","floor":18.0},{"not_picked":["Consecrate","FlyingSleeves","CutThroughFate"],"picked":"Singing Bowl","floor":25.0},{"not_picked":["DeceiveReality","Consecrate+1"],"picked":"PathToVictory","floor":27.0},{"not_picked":["BowlingBash","Fasting2+1","CrushJoints+1"],"picked":"Singing Bowl","floor":29.0},{"not_picked":["Meditate","Protect","Sanctity"],"picked":"Singing Bowl","floor":31}],"player_experience":249452,"relics_obtained":[{"floor":5.0,"key":"Bronze Scales"},{"floor":6.0,"key":"Potion Belt"},{"floor":12.0,"key":"Gremlin Horn"},{"floor":17.0,"key":"Juzu Bracelet"},{"floor":17.0,"key":"Pear"},{"floor":17.0,"key":"Shovel"},{"floor":25.0,"key":"Incense Burner"},{"floor":26.0,"key":"Pantograph"}],"event_choices":[{"damage_healed":0.0,"max_hp_gain":0.0,"max_hp_loss":0.0,"gold_gain":0.0,"event_name":"Lab","player_choice":"Got Potions","floor":2.0,"gold_loss":0.0,"damage_taken":0.0},{"damage_healed":0.0,"max_hp_gain":0.0,"max_hp_loss":0.0,"gold_gain":30.0,"event_name":"Dead Adventurer","player_choice":"Searched \u00273\u0027 times","floor":13.0,"gold_loss":0.0,"damage_taken":0.0,"relics_obtained":["WingedGreaves"]},{"damage_healed":0.0,"max_hp_gain":0.0,"max_hp_loss":0.0,"gold_gain":100.0,"event_name":"Golden Shrine","player_choice":"Pray","floor":14.0,"gold_loss":0.0,"damage_taken":0.0},{"cards_removed":["Perseverance"],"damage_healed":0.0,"max_hp_gain":0.0,"max_hp_loss":0.0,"gold_gain":0.0,"event_name":"Back to Basics","player_choice":"Elegance","floor":21.0,"gold_loss":0.0,"damage_taken":0.0},{"damage_healed":0.0,"max_hp_gain":5.0,"max_hp_loss":0.0,"gold_gain":0.0,"event_name":"Forgotten Altar","player_choice":"Shed Blood","floor":22.0,"gold_loss":0.0,"damage_taken":23.0},{"damage_healed":32.0,"max_hp_gain":0.0,"max_hp_loss":0.0,"gold_gain":0.0,"event_name":"The Library","player_choice":"Heal","floor":24.0,"gold_loss":0.0,"damage_taken":0.0},{"damage_healed":0.0,"max_hp_gain":0.0,"max_hp_loss":0.0,"gold_gain":0.0,"event_name":"Upgrade Shrine","player_choice":"Upgraded","floor":28.0,"gold_loss":0.0,"damage_taken":0.0,"cards_upgraded":["DevaForm"]}],"is_beta":false,"boss_relics":[{"not_picked":["Fusion Hammer","Astrolabe"],"picked":"Calling Bell"}],"items_purged_floors":[0,19],"is_endless":false,"potions_floor_spawned":[4,6,8,11,18,27,29],"killed_by":"Automaton","ascension_level":0}}