{"host":"c9m2z2wmcavfgdp8","time":1613341344,"event":{"mods":["2.2 Compatiblity","Act Like it!","Aspiration","BaseMod","Better Third Choice","Conspire","Downfall","Ekko","Elementarium","Energized Spire","Friendly Minions","GifTheSpireLib","Hallownest","Hermit","Hubris","Infinite Spire","Jorbs\u0027s Wanderer Trilogy","Koishi","Luminous","Marisa????????","Menagerie","Minty Spire (QoL Compilation)","Pale of the Ancients","Permanent Neow","Potionbrewer","Prisma Mod","READ ME - Guardian Mod","Remilia??????","Replay The Spire","SCP261 Mod","Shop Mod","StSLib","The Animator","The Blackbeard","The Bug Knight","The Cursed","The Death Knight","The Disciple","The Exalted","The Hierophant","The Necromancer","The Servant 0.9.4","TheBandit","TheFirefly"],"gold_per_floor":[99,119,119,49,59,79,79,79,106,91,91,103,103,36,48,143,143,143,53,72,72,72,72,72,91,91,91,91,108,18,51,69,169,169,169,180,98,98,113,47,117,29,55,155,155,85,100,113,127,127],"floor_reached":51,"language":"ENG","playtime":3526,"items_purged":[],"score":946,"play_id":"fc9ebe4d-df14-46fc-9358-9239bbc7fc8e","local_time":"20210214232224","is_ascension_mode":false,"campfire_choices":[{"data":"Bromod:Flow","floor":1,"key":"SMITH"},{"data":"expansioncontent:QuickStudy","floor":8,"key":"SMITH"},{"floor":11,"key":"REST"},{"floor":13,"key":"REST"},{"floor":18,"key":"RECALL"},{"data":"Bromod:JaggedEdge","floor":23,"key":"SMITH"},{"data":"Bromod:JaggedEdge","floor":27,"key":"SMITH"},{"data":"Bromod:ThermiteRounds","floor":45,"key":"SMITH"}],"circlet_count":0,"master_deck":["Bromod:Strike_Bro","Bromod:Defend_Bro","Bromod:Defend_Bro","Bromod:Defend_Bro","Bromod:Defend_Bro","Bromod:SlashDash","Bromod:SlashDash","Bromod:SlashDash","Bromod:Flow+1","Bromod:SteelFiber","Bromod:FashionFrame+1","expansioncontent:QuickStudy+1","expansioncontent:Hexaburn","Bromod:OrganShatter","Bromod:SteelFiber","Bromod:ContagiousSpread","Bromod:OrganShatter","Bromod:JaggedEdge+1","Bromod:Fury","Bromod:KillingBlow","Bromod:JaggedEdge+1","Bromod:RelentlessCombination","hubris:InfiniteBlow+18","ReplayTheSpireMod:LeadingStrike+1","downfall:Bewildered","Rampage+1","ReplayTheSpireMod:Corrosion Curse","Dual Wield","Bromod:ToxicFlight","Flex","Havoc+1","Strike_W","Bromod:ThermiteRounds+1","Feel No Pain+1","conspire:ExplosiveBarrier+1","Bromod:SpeedTrigger+1","Inflame+1","Parasite","Bromod:SpeedTrigger"],"relics":["Bromod:Ordis","Bromod:AscarisDevice","Replay:Wax Seal","TungstenRod","Oddly Smooth Stone","hubris:MysteriousPyramids","Incense Burner","aspiration:TomeofQuesting","Empty Cage","Replay:Baseball","aspiration:IroncladSkillbook","sneckomod:BabySnecko","Unceasing Top","hubris:TerracottaHorce","hubris:Spice","Kunai","MealTicket","White Beast Statue","aspiration:Lifesprig"],"acts_visited":["Exordium","TheCity","TheBeyond"],"potions_floor_usage":[16,16,16,20,31,32,33,37,37,42,47,47,48,50],"damage_taken":[{"damage":2,"enemies":"2 Louse","floor":2,"turns":3},{"damage":0,"enemies":"downfall:FleeingMerchant","floor":4,"turns":4},{"damage":9,"enemies":"Jaw Worm","floor":5,"turns":4},{"damage":0,"enemies":"Cultist","floor":6,"turns":4},{"damage":56,"enemies":"Gremlin Nob","floor":9,"turns":6},{"damage":4,"enemies":"downfall:FleeingMerchant","floor":10,"turns":4},{"damage":9,"enemies":"Blue Slaver","floor":12,"turns":4},{"damage":19,"enemies":"3 Sentries","floor":14,"turns":10},{"damage":0,"enemies":"Lots of Slimes","floor":15,"turns":1},{"damage":8,"enemies":"SI_SHIV_ARCHETYPE","floor":16,"turns":6},{"damage":18,"enemies":"Spheric Guardian","floor":19,"turns":4},{"damage":21,"enemies":"Shell Parasite","floor":20,"turns":6},{"damage":0,"enemies":"Snake Plant","floor":25,"turns":2},{"damage":1,"enemies":"Snecko","floor":29,"turns":4},{"damage":0,"enemies":"Cultist and Chosen","floor":30,"turns":2},{"damage":32,"enemies":"Gremlin Leader","floor":31,"turns":5},{"damage":11,"enemies":"Snake Plant","floor":32,"turns":3},{"damage":3,"enemies":"WA_ARCHETYPE_CALM","floor":33,"turns":5},{"damage":0,"enemies":"Orb Walker","floor":36,"turns":1},{"damage":40,"enemies":"3 Darklings","floor":37,"turns":8},{"damage":0,"enemies":"Spire Growth","floor":39,"turns":2},{"damage":0,"enemies":"HollowMod:StalkingDevout","floor":40,"turns":2},{"damage":18,"enemies":"4 Shapes","floor":42,"turns":7},{"damage":0,"enemies":"Reptomancer","floor":43,"turns":1},{"damage":0,"enemies":"downfall:LadyInBlue","floor":44,"turns":3},{"damage":0,"enemies":"Giant Head","floor":46,"turns":4},{"damage":0,"enemies":"Writhing Mass","floor":47,"turns":3},{"damage":12,"enemies":"4 Shapes","floor":48,"turns":3},{"damage":0,"enemies":"Maw","floor":49,"turns":2},{"damage":0,"enemies":"DF_ARCHETYPE_ORBS","floor":50,"turns":2}],"seed_played":"7496552389190085236","potions_obtained":[{"floor":6,"key":"Bromod:EnergyRestore"},{"floor":14,"key":"Weak Potion"},{"floor":15,"key":"FearPotion"},{"floor":19,"key":"potionbrewer:InfectionPotion"},{"floor":20,"key":"Strength Potion"},{"floor":29,"key":"SCP261:BarrettColaPotion"},{"floor":31,"key":"DeathKnight:RimePotion"},{"floor":35,"key":"potionbrewer:EndurancePotion"},{"floor":35,"key":"Ancient Potion"},{"floor":36,"key":"potionbrewer:FreezingPotion"},{"floor":39,"key":"EssenceOfSteel"},{"floor":44,"key":"Guardian:BlockOnCardUsePotion"},{"floor":44,"key":"SCP261:SweetSwarmPotion"},{"floor":44,"key":"potionbrewer:InfectionPotion"},{"floor":46,"key":"LiquidMemories"},{"floor":47,"key":"sneckomod:MuddlingPotion"},{"floor":48,"key":"LiquidBronze"},{"floor":49,"key":"FearPotion"}],"is_trial":false,"path_per_floor":["R","M","?","$","M","M","T","R","E","$","R","M","R","E","M","B",null,"R","M","M","?","AVR","R","T","M","?","R","?","M","M","E","M","B",null,"R","M","M","?","M","E","T","M","E","?","R","E","M","M","M","B",null],"character_chosen":"THE_EXALTED","items_purchased":["expansioncontent:QuickStudy","TungstenRod","Oddly Smooth Stone","expansioncontent:Hexaburn","Bromod:OrganShatter"],"campfire_rested":2,"item_purchase_floors":[4,4,4,4,4],"current_hp_per_floor":[75,73,73,73,64,64,64,64,8,4,26,17,39,20,20,12,75,75,57,36,36,36,36,36,40,40,40,40,43,47,19,12,13,60,60,64,28,28,32,44,44,30,34,38,38,42,46,38,42,46],"gold":127,"neow_bonus":"ONE_RANDOM_RARE_CARD","is_daily":false,"chose_seed":false,"campfire_upgraded":5,"win_rate":0.0,"timestamp":1613341344,"path_taken":["R","M","?","$","M","M","T","R","E","$","R","M","R","E","M","BOSS","R","M","M","?","AVR","R","T","M","?","R","?","M","M","E","M","BOSS","R","M","M","?","?","E","T","M","E","?","R","E","M","M","M","BOSS"],"items_purchased_type":["Card","Relic","Relic","Card","Card"],"build_version":"2020-12-22","purchased_purges":0,"victory":true,"max_hp_per_floor":[75,75,75,75,75,75,75,75,75,75,75,75,75,75,75,75,75,75,75,75,75,75,75,75,75,75,75,75,75,75,75,75,75,75,75,75,75,75,75,83,83,83,83,83,83,83,83,83,83,83],"card_choices":[{"not_picked":["Bromod:TargetCracker","Bromod:PressurePoint"],"picked":"Bromod:SteelFiber","floor":2},{"not_picked":["Bromod:TacticalPump","Bromod:BodyCount"],"picked":"Bromod:FashionFrame","floor":4},{"not_picked":["Bromod:Reflection","Bromod:ReflexCoil","Bromod:SlipMagazine"],"picked":"SKIP","floor":5},{"not_picked":["Bromod:Reflection","Bromod:ReflexCoil","Bromod:SlipMagazine"],"picked":"SKIP","floor":5},{"not_picked":["Bromod:Serration","Bromod:BodyCount"],"picked":"Bromod:SteelFiber","floor":6},{"not_picked":["Bromod:ArchwingLauncher","Bromod:Vitality"],"picked":"Bromod:ContagiousSpread","floor":9},{"not_picked":["Bromod:QuickDraw","Bromod:Foundry"],"picked":"Bromod:OrganShatter","floor":10},{"not_picked":["Bromod:BulletJump","Bromod:SteelCharge"],"picked":"Bromod:JaggedEdge","floor":12},{"not_picked":["Bromod:QuickDraw","Bromod:TacticalPump"],"picked":"Bromod:Fury","floor":14},{"not_picked":["Bromod:Fury","Bromod:Vitality"],"picked":"Bromod:KillingBlow","floor":15},{"not_picked":["Bromod:LethalTorrent","Bromod:HellsChamber"],"picked":"Bromod:JaggedEdge","floor":16},{"not_picked":["Bromod:Foundry","Bromod:ReflexCoil+1"],"picked":"Bromod:TacticalPump","floor":19},{"not_picked":["Bromod:KillingBlow","Bromod:Maglev"],"picked":"Bromod:RelentlessCombination","floor":20},{"not_picked":["Bromod:SlashDash","Bromod:SteelFiber+1","Clash"],"picked":"ReplayTheSpireMod:LeadingStrike+1","floor":25},{"not_picked":["Reckless Charge+1","Armaments","Bromod:Vitality","conspire:Charge"],"picked":"SKIP","floor":29},{"not_picked":["Headbutt","Twin Strike","Bromod:OrganShatter"],"picked":"Rampage+1","floor":30},{"not_picked":["Bromod:OrganShatter","Bromod:Rejuvenation","Juggernaut"],"picked":"ReplayTheSpireMod:Corrosion Curse","floor":31},{"not_picked":["Bromod:PressurePoint","Cleave+1","Bromod:FormaBlueprint"],"picked":"Dual Wield","floor":32},{"not_picked":["Bromod:Intensify","Bromod:JaggedEdge","Bromod:Flow"],"picked":"Bromod:ToxicFlight","floor":33},{"not_picked":["Bromod:BodyCount","Warcry+1","Bromod:PointStrike+1"],"picked":"Flex","floor":36},{"not_picked":["Dual Wield","Body Slam","Pommel Strike"],"picked":"Havoc+1","floor":37},{"not_picked":["Havoc","Armaments","Clothesline"],"picked":"Bromod:ThermiteRounds","floor":39},{"not_picked":["Bromod:Patagium","Bromod:Reflection+1","Massacre"],"picked":"Feel No Pain+1","floor":40},{"not_picked":["Heavy Blade","Iron Wave+1","Perfected Strike"],"picked":"conspire:ExplosiveBarrier+1","floor":42},{"not_picked":["conspire:ExplosiveBarrier","Searing Blow+1","Reckless Charge+1"],"picked":"Bromod:SpeedTrigger+1","floor":43},{"not_picked":["Replay:Undeath\u0027s Touch+1","Bromod:DriftingContact","Clash+1"],"picked":"Inflame+1","floor":46},{"not_picked":["Uppercut","Body Slam+1","Run Through"],"picked":"Bromod:SpeedTrigger","floor":47},{"not_picked":["Entrench","Bromod:PointStrike+1","hubris:CleavingFinish","Pommel Strike"],"picked":"SKIP","floor":48},{"not_picked":["Bromod:HornetStrike","Bromod:BulletJump","Hemokinesis","Bromod:SteelFiber"],"picked":"SKIP","floor":49}],"player_experience":1665472,"relics_obtained":[{"floor":3,"key":"Replay:Wax Seal"},{"floor":7,"key":"hubris:MysteriousPyramids"},{"floor":9,"key":"Incense Burner"},{"floor":14,"key":"aspiration:TomeofQuesting"},{"floor":31,"key":"Unceasing Top"},{"floor":40,"key":"hubris:Spice"},{"floor":41,"key":"Kunai"},{"floor":43,"key":"MealTicket"},{"floor":44,"key":"White Beast Statue"},{"floor":46,"key":"aspiration:Lifesprig"}],"event_choices":[{"damage_healed":0,"gold_gain":0,"player_choice":"Leave","damage_taken":0,"max_hp_gain":0,"max_hp_loss":0,"event_name":"conspire:Investor","floor":28,"gold_loss":0},{"cards_removed":["Bromod:TacticalPump"],"damage_healed":0,"gold_gain":0,"player_choice":"Took Card","damage_taken":0,"max_hp_gain":0,"max_hp_loss":0,"event_name":"NoteForYourself","floor":38,"gold_loss":0,"cards_obtained":["Strike_W"]}],"is_beta":false,"boss_relics":[{"not_picked":["aspiration:FutureDiary","Bromod:ArcaneBarrier"],"picked":"Empty Cage"},{"not_picked":["Coffee Dripper","conspire:RunicOctahedron"],"picked":"hubris:TerracottaHorce"}],"items_purged_floors":[],"is_endless":false,"potions_floor_spawned":[6,14,15,19,20,29,31,36,39,44,46,47,48,49],"ascension_level":0}}