{"host":"w7pthw6r6331n954","time":1613332223,"event":{"mods":["AchievementEnabler","Act Like it!","BaseMod","BetterRewards","Colored Map","Colored Powertips","Custom Start","Downfall","Hallownest","Hermit","Jorbs\u0027s Wanderer Trilogy","Minty Spire (QoL Compilation)","Replay The Spire","Shop Mod","StSLib","SuperFastMode"],"gold_per_floor":[112,112,112,128,12,12,37,37,37,112,21,21,32,75,75,174,174,174,6,6,6,6,18,44,44,44,60,60,6,16,28,28,125,125,141,141,75,86,86,86,114,164,164,164,183,183,183,194,194,194,194],"floor_reached":50,"language":"ENG","playtime":3768,"items_purged":["Replay:Hysterical Blindness","ReplayTheSpireMod:Splinters"],"score":918,"play_id":"fe043dd5-9d12-47d4-829a-c00982ae4b46","local_time":"20210214145023","is_ascension_mode":true,"campfire_choices":[{"floor":6,"key":"REST"},{"floor":12,"key":"REST"},{"floor":15,"key":"RECALL"},{"floor":25,"key":"REST"},{"floor":28,"key":"REST"},{"floor":32,"key":"REST"},{"floor":40,"key":"REST"},{"floor":46,"key":"REST"},{"floor":49,"key":"REST"}],"circlet_count":0,"master_deck":["Strike_B+1","Strike_B+1","Strike_B+1","Defend_B+1","Defend_B+1","Defend_B+1","Defend_B+1","Zap","Dualcast","Conserve Battery","ReplayTheSpireMod:System Scan","Discovery","White Noise+1","Machine Learning","Turbo","Beam Cell","Poisoned Strike","BootSequence","Tempest","Chaos","Electrodynamics","Beam Cell+1","Gash","Enlightenment","Melter","All For One","Sweeping Beam","Steam","White Noise","Beam Cell","Storm","Stack+1","Beam Cell","Creative AI","Fission+1","Rip and Tear+1","ReplayTheSpireMod:Repulse+1","Go for the Eyes+1","Master of Strategy","ReplaySolidLightProjector","Magnetism","Apotheosis","Secret Weapon","Double Energy+1","ReplayTheSpireMod:Reroute Power","Streamline+1","CommonCold","Stack+1","Buffer","Ball Lightning","Melter+1"],"relics":["Cracked Core","MerchantsRug","Membership Card","Juzu Bracelet","Onion Ring","Dream Catcher","Ice Cream","Replay:Ringing Soul","ReplayTheSpireMod:CursedCoin","Nunchaku","Bag of Marbles","Replay:Arrowhead","Replay:WaspNest","Chemical X","Pear","Ginger","Toxic Egg 2","Ring of Peace"],"acts_visited":["Exordium","TheCity","TheBeyond"],"potions_floor_usage":[18,24,24,33,45,50],"damage_taken":[{"damage":2,"enemies":"Jaw Worm","floor":1,"turns":3},{"damage":0,"enemies":"2 Louse","floor":4,"turns":2},{"damage":25,"enemies":"3 Sentries","floor":7,"turns":4},{"damage":0,"enemies":"Small Slimes","floor":13,"turns":1},{"damage":29,"enemies":"Slime Boss","floor":16,"turns":8},{"damage":0,"enemies":"2 Thieves","floor":18,"turns":1},{"damage":19,"enemies":"Shell Parasite","floor":23,"turns":4},{"damage":15,"enemies":"Book of Stabbing","floor":24,"turns":5},{"damage":3,"enemies":"Sentry and Sphere","floor":27,"turns":4},{"damage":31,"enemies":"Centurion and Healer","floor":30,"turns":4},{"damage":4,"enemies":"3 Cultists","floor":31,"turns":4},{"damage":80,"enemies":"Automaton","floor":33,"turns":7},{"damage":9,"enemies":"3 Shapes","floor":35,"turns":5},{"damage":9,"enemies":"Orb Walker","floor":38,"turns":3},{"damage":90,"enemies":"Giant Head","floor":41,"turns":8},{"damage":4,"enemies":"Mind Bloom Boss Battle","floor":42,"turns":4},{"damage":20,"enemies":"3 Darklings","floor":45,"turns":5},{"damage":25,"enemies":"4 Shapes","floor":48,"turns":3},{"damage":142,"enemies":"Replay:Hell Engine","floor":50,"turns":10}],"seed_played":"-9079251872535083893","potions_obtained":[{"floor":14,"key":"SmokeBomb"},{"floor":14,"key":"FearPotion"},{"floor":16,"key":"BlessingOfTheForge"},{"floor":24,"key":"Fruit Juice"},{"floor":31,"key":"PowerPotion"},{"floor":38,"key":"Weak Potion"},{"floor":42,"key":"EssenceOfSteel"},{"floor":48,"key":"Weak Potion"}],"is_trial":false,"path_per_floor":["M","?","?","M","$","R","E","T","T","?","$","R","M","?","R","B",null,"M","$","?","?","?","M","E","R","T","M","R","$","M","M","R","B",null,"M","?","$","M","?","R","E","?","T","?","M","R","?","M","R","B"],"character_chosen":"DEFECT","items_purchased":["MerchantsRug","Membership Card","Juzu Bracelet","Compile Driver","Discovery","Dream Catcher","ReplayTheSpireMod:CursedCoin","Turbo","Beam Cell","Poisoned Strike","Nunchaku","Replay:Arrowhead","Beam Cell+1","Gash","Enlightenment","Chemical X","Beam Cell","Master of Strategy"],"campfire_rested":8,"item_purchase_floors":[0,0,0,0,5,5,11,11,11,11,11,19,19,19,19,29,29,37],"current_hp_per_floor":[60,60,42,42,42,64,39,39,39,32,35,61,64,67,67,41,78,78,81,81,63,63,47,40,75,75,75,112,115,87,86,127,50,115,109,109,112,106,99,146,69,68,68,71,54,108,108,86,142,0,0],"gold":194,"neow_bonus":"","is_daily":false,"chose_seed":false,"campfire_upgraded":0,"win_rate":0.0,"timestamp":1613332223,"path_taken":["M","?","?","M","$","R","E","?","T","?","$","R","M","?","R","BOSS","M","$","?","?","?","M","E","R","T","M","R","$","M","M","R","BOSS","M","?","$","M","?","R","E","?","T","?","M","R","?","M","R","BOSS"],"items_purchased_type":["Relic","Relic","Relic","Card","Card","Relic","Relic","Card","Card","Card","Relic","Relic","Card","Card","Card","Relic","Card","Card"],"build_version":"2020-12-22","purchased_purges":2,"victory":false,"max_hp_per_floor":[75,75,75,75,75,75,75,75,75,75,78,81,84,87,87,90,90,90,93,93,98,98,101,109,112,112,115,118,121,124,127,130,133,136,139,139,142,145,148,151,164,167,167,170,173,176,176,179,182,182,182],"card_choices":[{"not_picked":["Sweeping Beam","Cold Snap"],"picked":"Conserve Battery","floor":1},{"not_picked":["Crystallizer","Sweeping Beam"],"picked":"ReplayTheSpireMod:System Scan","floor":4},{"not_picked":["Go for the Eyes","Hologram"],"picked":"White Noise","floor":6},{"not_picked":["Rebound","Steam"],"picked":"Machine Learning","floor":7},{"not_picked":["BasicCrystalCard","Sweeping Beam"],"picked":"BootSequence","floor":12},{"not_picked":["Force Field","ReplayTheSpireMod:System Scan"],"picked":"Tempest","floor":13},{"not_picked":["Rip and Tear","Compile Driver"],"picked":"Chaos","floor":14},{"not_picked":["Thunder Strike","Rainbow"],"picked":"Electrodynamics","floor":16},{"not_picked":["Skim","Redo"],"picked":"Melter","floor":23},{"not_picked":["Coolheaded+1","Barrage"],"picked":"All For One","floor":24},{"not_picked":["Compile Driver","Rip and Tear"],"picked":"Sweeping Beam","floor":25},{"not_picked":["Tempest","Gash"],"picked":"Steam","floor":27},{"not_picked":["Chill","Ball Lightning+1"],"picked":"White Noise","floor":28},{"not_picked":["Melter","ReplayTheSpireMod:GoodbyeWorld"],"picked":"Storm","floor":30},{"not_picked":["Rebound+1","Cold Snap"],"picked":"Stack+1","floor":31},{"not_picked":["Hologram+1","Go for the Eyes+1"],"picked":"Beam Cell","floor":32},{"not_picked":["Core Surge","Thunder Strike"],"picked":"Creative AI","floor":33},{"not_picked":["Redo+1","Hello World+1"],"picked":"Go for the Eyes+1","floor":35},{"not_picked":["Go for the Eyes","Stack"],"picked":"ReplaySolidLightProjector","floor":38},{"not_picked":["Crow Ritual","ReplayTheSpireMod:Trickstab"],"picked":"Magnetism","floor":39},{"not_picked":["Replay:Bootleg Shield Generator","Flash of Steel"],"picked":"Apotheosis","floor":39},{"not_picked":["Impatience","Purity"],"picked":"Secret Weapon","floor":39},{"not_picked":["Ball Lightning+1","ReplaySort"],"picked":"Double Energy+1","floor":40},{"not_picked":["Heatsinks+1","Compile Driver"],"picked":"ReplayTheSpireMod:Reroute Power","floor":41},{"not_picked":["Cold Snap","Redo+1"],"picked":"Streamline+1","floor":42},{"not_picked":["Leap+1","Redo+1"],"picked":"Stack+1","floor":45},{"not_picked":["Steam+1","Sweeping Beam+1"],"picked":"Buffer","floor":46},{"not_picked":["BasicCrystalCard+1","Redo+1"],"picked":"Ball Lightning","floor":48},{"not_picked":["Rebound+1","Reprogram+1"],"picked":"Melter+1","floor":49}],"player_experience":1244819,"relics_obtained":[{"floor":7,"key":"Ice Cream"},{"floor":9,"key":"Replay:Ringing Soul"},{"floor":14,"key":"Bag of Marbles"},{"floor":24,"key":"Replay:WaspNest"},{"floor":26,"key":"Pet Ghost"},{"floor":41,"key":"Pear"},{"floor":42,"key":"Ginger"},{"floor":43,"key":"Toxic Egg 2"},{"floor":44,"key":"Ring of Peace"}],"event_choices":[{"damage_healed":0,"gold_gain":0,"player_choice":"Ignored","damage_taken":0,"max_hp_gain":0,"max_hp_loss":0,"event_name":"Golden Wing","floor":2,"gold_loss":0},{"damage_healed":0,"gold_gain":0,"player_choice":"Success","damage_taken":18,"relics_obtained":["Onion Ring"],"max_hp_gain":0,"max_hp_loss":0,"event_name":"Scrap Ooze","floor":3,"gold_loss":0},{"damage_healed":0,"gold_gain":75,"player_choice":"Touch","damage_taken":7,"max_hp_gain":0,"max_hp_loss":0,"event_name":"FaceTrader","floor":10,"gold_loss":0},{"damage_healed":0,"gold_gain":0,"player_choice":"Forge","damage_taken":0,"max_hp_gain":0,"max_hp_loss":0,"event_name":"Accursed Blacksmith","floor":20,"gold_loss":0,"cards_upgraded":["White Noise"]},{"damage_healed":0,"gold_gain":0,"player_choice":"Shed Blood","damage_taken":23,"max_hp_gain":5,"max_hp_loss":0,"event_name":"Forgotten Altar","floor":21,"gold_loss":0},{"damage_healed":0,"gold_gain":0,"player_choice":"Simplicity","damage_taken":0,"max_hp_gain":0,"max_hp_loss":0,"event_name":"Back to Basics","floor":22,"gold_loss":0,"cards_upgraded":["Strike_B","Strike_B","Strike_B","Strike_B","Defend_B","Defend_B","Defend_B","Defend_B"]},{"damage_healed":0,"gold_gain":0,"player_choice":"Ignored","damage_taken":0,"max_hp_gain":0,"max_hp_loss":0,"event_name":"Tomb of Lord Red Mask","floor":36,"gold_loss":0},{"damage_healed":0,"gold_gain":0,"player_choice":"Memory 3","damage_taken":10,"max_hp_gain":0,"max_hp_loss":0,"event_name":"SensoryStone","floor":39,"gold_loss":0},{"damage_healed":0,"gold_gain":0,"player_choice":"Fight","damage_taken":0,"max_hp_gain":0,"max_hp_loss":0,"event_name":"MindBloom","floor":42,"gold_loss":0},{"damage_healed":0,"gold_gain":0,"player_choice":"Ignored","damage_taken":0,"max_hp_gain":0,"max_hp_loss":0,"event_name":"SecretPortal","floor":47,"gold_loss":0}],"is_beta":false,"boss_relics":[{"not_picked":["Sozu","Runic Dome"],"picked":"Replay:Bronze Core"},{"not_picked":["Ring of Chaos","Philosopher\u0027s Stone"],"picked":"Astrolabe"}],"items_purged_floors":[11,19],"is_endless":false,"potions_floor_spawned":[16,18,24,31,38,42,48],"killed_by":"Replay:Hell Engine","ascension_level":5}}