{"host":"pqs17sqrgflf4eqa","time":1613324945,"event":{"mods":["AchievementEnabler","BaseMod","Bestiary","Better Altar","Better Match","Better Skull","Block Reminder","Bossed Relics","Colored Map","Colored Powertips","Curses Come First","Dark Map","DeckTracker","Defective Defect","Displayed Cursed Tome","Emptier Cage","Googly Eyes","Highlight Path","Minty Spire (QoL Compilation)","Quick Restart","Slay-I","StSLib","SuperFastMode","Synergy Search","Thieving Mod","Transform Curses","everything is the same but u backflip on backflip","slay the spire mod where everything is the same but ironclad has a cowboy hat"],"gold_per_floor":[114,189,189,189,189,189,232,244,279,309,359,22,35,58,58,58,58],"floor_reached":16,"language":"ENG","playtime":365,"items_purged":[],"score":140,"play_id":"d49c12fc-7cbf-411d-ab1b-2b08c65ba1b2","local_time":"20210214124905","is_ascension_mode":true,"campfire_choices":[{"data":"Survivor","floor":6,"key":"SMITH"},{"data":"Strike_G","floor":8,"key":"SMITH"},{"floor":15,"key":"REST"}],"circlet_count":0,"master_deck":["Strike_G+1","Strike_G","Strike_G","Strike_G","Strike_G","Defend_G","Defend_G","Defend_G","Defend_G","Defend_G","Survivor+1","Neutralize+1","Leg Sweep+1","Dagger Spray","Deadly Poison","Dash"],"relics":["Ring of the Snake","Bag of Preparation","Golden Idol","MawBank","Blood Vial","Question Card","Vajra","ClockworkSouvenir"],"acts_visited":["Exordium"],"potions_floor_usage":[11],"damage_taken":[{"damage":1,"enemies":"Small Slimes","floor":1,"turns":4},{"damage":27,"enemies":"3 Sentries","floor":7,"turns":15},{"damage":0,"enemies":"Jaw Worm","floor":10,"turns":4},{"damage":27,"enemies":"Lagavulin","floor":11,"turns":11},{"damage":0,"enemies":"Cultist","floor":13,"turns":3},{"damage":2,"enemies":"Exordium Wildlife","floor":14,"turns":4},{"damage":24,"enemies":"Hexaghost","floor":16,"turns":13}],"seed_played":"2172488862153647901","potions_obtained":[{"floor":1,"key":"EssenceOfSteel"},{"floor":14,"key":"Swift Potion"}],"is_trial":false,"path_per_floor":["M","?","?","?","?","R","E","R","T","M","E","$","M","M","R","B"],"character_chosen":"THE_SILENT","items_purchased":["Vajra","ClockworkSouvenir","Deadly Poison"],"campfire_rested":1,"item_purchase_floors":[12,12,12],"current_hp_per_floor":[62,51,51,51,51,51,24,24,24,26,1,1,3,3,22,0,0],"gold":58,"neow_bonus":"RANDOM_COMMON_RELIC","is_daily":false,"chose_seed":false,"campfire_upgraded":2,"win_rate":0.0,"timestamp":1613324945,"path_taken":["M","?","?","?","?","R","E","R","T","M","E","$","?","M","R","BOSS"],"items_purchased_type":["Relic","Relic","Card"],"build_version":"2020-12-22","purchased_purges":0,"victory":false,"max_hp_per_floor":[70,70,70,65,65,65,65,65,65,65,65,65,65,65,65,65,65],"card_choices":[{"not_picked":["Reflex","Flechettes"],"picked":"Leg Sweep","floor":1},{"not_picked":["Underhanded Strike","Distraction","Prepared"],"picked":"SKIP","floor":7},{"not_picked":["Infinite Blades","Accuracy"],"picked":"Dagger Spray","floor":10},{"not_picked":["Prepared","Quick Slash","Sucker Punch"],"picked":"SKIP","floor":11},{"not_picked":["Calculated Gamble","Doppelganger","Deflect","Heel Hook"],"picked":"SKIP","floor":13},{"not_picked":["Dagger Spray","Riddle With Holes","Acrobatics"],"picked":"Dash","floor":14}],"player_experience":206268,"relics_obtained":[{"floor":7,"key":"MawBank"},{"floor":9,"key":"Blood Vial"},{"floor":11,"key":"Question Card"}],"event_choices":[{"damage_healed":0,"gold_gain":75,"player_choice":"Gather Gold","damage_taken":11,"max_hp_gain":0,"max_hp_loss":0,"event_name":"World of Goop","floor":2,"gold_loss":0},{"damage_healed":0,"gold_gain":0,"player_choice":"Grow","damage_taken":0,"max_hp_gain":0,"max_hp_loss":0,"event_name":"Living Wall","floor":3,"gold_loss":0,"cards_upgraded":["Neutralize"]},{"damage_healed":0,"gold_gain":0,"player_choice":"Lose Max HP","damage_taken":0,"relics_obtained":["Golden Idol"],"max_hp_gain":0,"max_hp_loss":5,"event_name":"Golden Idol","floor":4,"gold_loss":0},{"damage_healed":0,"gold_gain":0,"player_choice":"Upgraded","damage_taken":0,"max_hp_gain":0,"max_hp_loss":0,"event_name":"Upgrade Shrine","floor":5,"gold_loss":0,"cards_upgraded":["Leg Sweep"]}],"is_beta":false,"boss_relics":[],"items_purged_floors":[],"is_endless":false,"potions_floor_spawned":[1,14],"killed_by":"Hexaghost","ascension_level":6}}