{"host":"fbdlh90rovbiajun","time":1613289547,"event":{"mods":["AchievementEnabler","BaseMod","Colored Map","Keyboard Shortcuts","Minty Spire (QoL Compilation)","SuperFastMode"],"gold_per_floor":[113,125,125,125,50,83,83,83,83,33,74,74,88,101,101,227,227,252,327,227,240,150,150,188,188,188,201,224,81,96,61,61,186,186,211,272,0,24,24,24,64,64,90,105,129,144,144,158,158,158],"floor_reached":51,"language":"KOR","playtime":1470,"items_purged":["Defend_R","Defend_R"],"score":780,"play_id":"5587a803-8fb7-41a0-9a72-0e7f5dd3eaae","local_time":"20210214165907","is_ascension_mode":false,"campfire_choices":[{"data":"Heavy Blade","floor":7,"key":"SMITH"},{"data":"Iron Wave","floor":12,"key":"SMITH"},{"data":"Rampage","floor":15,"key":"SMITH"},{"data":"Spot Weakness","floor":23,"key":"SMITH"},{"data":"Heavy Blade","floor":25,"key":"SMITH"},{"data":"Inflame","floor":32,"key":"SMITH"},{"floor":40,"key":"RECALL"},{"data":"Offering","floor":49,"key":"SMITH"}],"circlet_count":0,"master_deck":["Strike_R+1","Strike_R","Strike_R","Strike_R","Bash","Heavy Blade+1","Iron Wave+1","Clash","Spot Weakness+1","Rampage+1","Thunderclap","Heavy Blade+1","Battle Trance","Flex","Inflame+1","Offering+1","Hemokinesis","Anger+1","Spot Weakness","Flex","Flex"],"relics":["Burning Blood","NeowsBlessing","Golden Idol","Meat on the Bone","Bag of Marbles","Regal Pillow","HornCleat","Bird Faced Urn","Empty Cage","Self Forming Clay","Potion Belt","Tiny Chest","Coffee Dripper","Girya","Red Mask","CaptainsWheel","Bag of Preparation"],"acts_visited":["Exordium","TheCity","TheBeyond"],"potions_floor_usage":[16,33,33,50],"damage_taken":[{"damage":0,"enemies":"Small Slimes","floor":1,"turns":1},{"damage":0,"enemies":"Jaw Worm","floor":2,"turns":1},{"damage":0,"enemies":"Lagavulin","floor":6,"turns":1},{"damage":30,"enemies":"3 Sentries","floor":11,"turns":8},{"damage":0,"enemies":"2 Louse","floor":13,"turns":2},{"damage":0,"enemies":"Exordium Wildlife","floor":14,"turns":3},{"damage":13,"enemies":"Slime Boss","floor":16,"turns":11},{"damage":9,"enemies":"3 Byrds","floor":18,"turns":4},{"damage":3,"enemies":"Chosen","floor":21,"turns":4},{"damage":30,"enemies":"Book of Stabbing","floor":24,"turns":4},{"damage":16,"enemies":"Shelled Parasite and Fungi","floor":27,"turns":3},{"damage":12,"enemies":"Centurion and Healer","floor":28,"turns":3},{"damage":0,"enemies":"Snecko","floor":30,"turns":3},{"damage":62,"enemies":"Collector","floor":33,"turns":7},{"damage":14,"enemies":"3 Darklings","floor":35,"turns":3},{"damage":16,"enemies":"2 Orb Walkers","floor":36,"turns":3},{"damage":6,"enemies":"Orb Walker","floor":38,"turns":1},{"damage":12,"enemies":"Reptomancer","floor":41,"turns":4},{"damage":0,"enemies":"Jaw Worm Horde","floor":44,"turns":2},{"damage":6,"enemies":"Writhing Mass","floor":45,"turns":1},{"damage":6,"enemies":"3 Darklings","floor":46,"turns":2},{"damage":6,"enemies":"Spire Growth","floor":48,"turns":2},{"damage":54,"enemies":"Donu and Deca","floor":50,"turns":5}],"seed_played":"-5280563329801259995","potions_obtained":[{"floor":6,"key":"GamblersBrew"},{"floor":11,"key":"Regen Potion"},{"floor":14,"key":"SmokeBomb"},{"floor":21,"key":"Dexterity Potion"},{"floor":27,"key":"BlessingOfTheForge"},{"floor":30,"key":"Explosive Potion"},{"floor":33,"key":"CultistPotion"},{"floor":35,"key":"Fire Potion"},{"floor":38,"key":"FairyPotion"},{"floor":45,"key":"Regen Potion"}],"is_trial":false,"path_per_floor":["M","M","?","?","$","E","R","T","T","$","E","R","M","M","R","B",null,"M","?","$","M","?","R","E","R","T","M","M","$","M","$","R","B",null,"M","?","?","M","T","R","E","?","T","M","M","M","$","M","R","B",null],"character_chosen":"IRONCLAD","items_purchased":["Iron Wave","Tiny Chest","Inflame"],"campfire_rested":0,"item_purchase_floors":[10,29,31],"current_hp_per_floor":[80,80,60,53,53,59,59,59,59,59,47,47,53,59,59,67,80,77,69,69,72,72,72,48,48,48,50,56,56,62,62,62,20,80,73,65,65,65,65,65,61,61,61,69,71,73,73,75,75,53],"gold":158,"neow_bonus":"THREE_ENEMY_KILL","is_daily":false,"chose_seed":false,"campfire_upgraded":7,"win_rate":0.0,"timestamp":1613289547,"path_taken":["M","M","?","?","?","E","R","?","T","?","E","R","?","M","R","BOSS","M","?","$","?","?","R","E","R","T","?","?","$","M","?","R","BOSS","M","?","?","M","?","R","E","?","T","M","M","M","?","M","R","BOSS"],"items_purchased_type":["Card","Relic","Card"],"build_version":"2020-12-22","purchased_purges":2,"victory":true,"max_hp_per_floor":[80,80,80,80,80,80,80,80,80,80,80,80,80,80,80,80,80,80,80,80,80,80,80,80,80,80,80,80,80,80,80,80,80,80,80,80,80,80,80,80,80,80,80,80,80,80,80,80,80,80],"card_choices":[{"not_picked":["Burning Pact","Thunderclap"],"picked":"Heavy Blade","floor":1},{"not_picked":["Wild Strike","Shrug It Off","Headbutt"],"picked":"SKIP","floor":2},{"not_picked":["Ghostly Armor","Body Slam","Warcry"],"picked":"SKIP","floor":6},{"not_picked":["Reckless Charge","Berserk"],"picked":"Clash","floor":11},{"not_picked":["Shrug It Off","Ghostly Armor"],"picked":"Spot Weakness","floor":13},{"not_picked":["Pummel","Clash"],"picked":"Rampage","floor":14},{"not_picked":["Flex+1","Dropkick"],"picked":"Thunderclap","floor":18},{"not_picked":["Entrench","Wild Strike","Pummel+1"],"picked":"SKIP","floor":21},{"not_picked":["Blood for Blood+1","Bloodletting"],"picked":"Heavy Blade","floor":24},{"not_picked":["Perfected Strike+1","Rage"],"picked":"Battle Trance","floor":27},{"not_picked":["Blood for Blood","Disarm","Rampage"],"picked":"SKIP","floor":28},{"not_picked":["Cleave","Warcry"],"picked":"Flex","floor":30},{"not_picked":["Fiend Fire","Immolate"],"picked":"Offering","floor":33},{"not_picked":["Sword Boomerang+1","Perfected Strike+1"],"picked":"Hemokinesis","floor":35},{"not_picked":["Armaments","Blood for Blood"],"picked":"Anger+1","floor":36},{"not_picked":["Twin Strike","Wild Strike","Dropkick+1"],"picked":"SKIP","floor":38},{"not_picked":["Pommel Strike","Feed","Anger"],"picked":"SKIP","floor":41},{"not_picked":["Twin Strike","True Grit+1"],"picked":"Spot Weakness","floor":44},{"not_picked":["Anger","Sword Boomerang+1"],"picked":"Flex","floor":45},{"not_picked":["Perfected Strike","Clothesline+1"],"picked":"Flex","floor":46},{"not_picked":["Sever Soul+1","Body Slam","Perfected Strike"],"picked":"SKIP","floor":48}],"player_experience":38100,"relics_obtained":[{"floor":6,"key":"Bag of Marbles"},{"floor":8,"key":"Regal Pillow"},{"floor":9,"key":"HornCleat"},{"floor":11,"key":"Bird Faced Urn"},{"floor":24,"key":"Self Forming Clay"},{"floor":26,"key":"Potion Belt"},{"floor":36,"key":"Girya"},{"floor":41,"key":"CaptainsWheel"},{"floor":43,"key":"Bag of Preparation"}],"event_choices":[{"damage_healed":0,"gold_gain":0,"player_choice":"Take Damage","damage_taken":20,"relics_obtained":["Golden Idol"],"max_hp_gain":0,"max_hp_loss":0,"event_name":"Golden Idol","floor":3,"gold_loss":0},{"damage_healed":0,"gold_gain":0,"player_choice":"Success","damage_taken":7,"relics_obtained":["Meat on the Bone"],"max_hp_gain":0,"max_hp_loss":0,"event_name":"Scrap Ooze","floor":4,"gold_loss":0},{"damage_healed":0,"gold_gain":75,"player_choice":"Touch","damage_taken":8,"max_hp_gain":0,"max_hp_loss":0,"event_name":"FaceTrader","floor":19,"gold_loss":0},{"cards_removed":["Strike_R"],"damage_healed":0,"gold_gain":0,"player_choice":"Upgrade and Remove","damage_taken":0,"max_hp_gain":0,"max_hp_loss":0,"event_name":"Designer","floor":22,"gold_loss":90,"cards_upgraded":["Strike_R"]},{"damage_healed":0,"gold_gain":0,"player_choice":"Fight","damage_taken":0,"max_hp_gain":0,"max_hp_loss":0,"event_name":"Mysterious Sphere","floor":36,"gold_loss":0},{"damage_healed":0,"gold_gain":0,"player_choice":"Paid","damage_taken":0,"relics_obtained":["Red Mask"],"max_hp_gain":0,"max_hp_loss":0,"event_name":"Tomb of Lord Red Mask","floor":37,"gold_loss":272},{"damage_healed":0,"gold_gain":0,"player_choice":"Memory 1","damage_taken":0,"max_hp_gain":0,"max_hp_loss":0,"event_name":"SensoryStone","floor":42,"gold_loss":0}],"is_beta":false,"boss_relics":[{"not_picked":["Tiny House","Calling Bell"],"picked":"Empty Cage"},{"not_picked":["Astrolabe","Fusion Hammer"],"picked":"Coffee Dripper"}],"items_purged_floors":[5,20],"is_endless":false,"potions_floor_spawned":[6,11,14,21,27,30,33,35,38,45,48],"ascension_level":0}}