{"host":"go8mfluyauumaadf","time":1613269959,"event":{"mods":["AchievementEnabler","BaseMod","Better Synergies","Downfall","Minty Spire (QoL Compilation)","StSLib","SuperFastMode","Synergy Search"],"gold_per_floor":[113,113,123,133,152,152,169,198,224,224,399,399,359,359,359,458,458,473,123,123,33,43,43,69,87,155,254,254,254,254,18,18,115,115,126,1,54,104,104,104,117,117,117,117,145,155,76,76,76,76],"floor_reached":51,"language":"ENG","playtime":1945,"items_purged":["Strike_G","Strike_G","Defend_G"],"score":769,"play_id":"0fb150ab-0dce-4aac-8efc-94e0c0000d5d","local_time":"20210213213239","is_ascension_mode":true,"campfire_choices":[{"data":"Blade Dance","floor":6,"key":"SMITH"},{"data":"Accuracy","floor":10,"key":"SMITH"},{"data":"Survivor","floor":12,"key":"SMITH"},{"data":"Caltrops","floor":15,"key":"SMITH"},{"data":"Night Terror","floor":23,"key":"SMITH"},{"data":"Cloak And Dagger","floor":28,"key":"SMITH"},{"data":"After Image","floor":32,"key":"SMITH"},{"data":"Bandage Up","floor":40,"key":"SMITH"},{"data":"Blur","floor":44,"key":"SMITH"},{"data":"Well Laid Plans","floor":49,"key":"SMITH"}],"circlet_count":0,"master_deck":["Defend_G","Defend_G","Defend_G","Survivor+1","Neutralize+1","Caltrops+1","Blade Dance+1","Crippling Poison","Prepared+1","Accuracy+1","Doubt","Parasite","Night Terror+1","Cloak And Dagger+1","Noxious Fumes","Night Terror","Bandage Up+1","Blade Dance","Crippling Poison+1","Grand Finale","Masterful Stab","After Image+1","Malaise","Blur+1","Leg Sweep+1","Writhe","Reflex","Well Laid Plans+1","Noxious Fumes","Well Laid Plans+1"],"relics":["Ring of the Snake","NeowsBlessing","Juzu Bracelet","Akabeko","Coffee Dripper","DollysMirror","PreservedInsect","Bottled Tornado","Cursed Key","Pocketwatch","Mango","Molten Egg 2","Regal Pillow"],"acts_visited":["Exordium","TheCity","TheBeyond"],"potions_floor_usage":[8,24,33,33,33,50,50,50],"damage_taken":[{"damage":0,"enemies":"Jaw Worm","floor":1,"turns":1},{"damage":0,"enemies":"Cultist","floor":3,"turns":1},{"damage":0,"enemies":"2 Louse","floor":4,"turns":1},{"damage":24,"enemies":"Exordium Thugs","floor":5,"turns":6},{"damage":0,"enemies":"Looter","floor":7,"turns":3},{"damage":17,"enemies":"Gremlin Nob","floor":8,"turns":5},{"damage":23,"enemies":"Hexaghost","floor":16,"turns":11},{"damage":0,"enemies":"3 Byrds","floor":18,"turns":2},{"damage":14,"enemies":"Spheric Guardian","floor":22,"turns":4},{"damage":13,"enemies":"Gremlin Leader","floor":24,"turns":4},{"damage":15,"enemies":"Centurion and Healer","floor":25,"turns":5},{"damage":23,"enemies":"Automaton","floor":33,"turns":9},{"damage":7,"enemies":"Orb Walker","floor":35,"turns":3},{"damage":48,"enemies":"2 Orb Walkers","floor":37,"turns":6},{"damage":0,"enemies":"Mind Bloom Boss Battle","floor":38,"turns":7},{"damage":1,"enemies":"3 Darklings","floor":41,"turns":4},{"damage":3,"enemies":"Giant Head","floor":45,"turns":9},{"damage":10,"enemies":"Spire Growth","floor":46,"turns":5},{"damage":65,"enemies":"Time Eater","floor":50,"turns":13}],"seed_played":"4706874514186878790","potions_obtained":[{"floor":1,"key":"Block Potion"},{"floor":3,"key":"sneckomod:MuddlingPotion"},{"floor":7,"key":"Weak Potion"},{"floor":13,"key":"BlessingOfTheForge"},{"floor":22,"key":"Fire Potion"},{"floor":24,"key":"Slimebound:ThreeZeroPotion"},{"floor":38,"key":"DistilledChaos"},{"floor":41,"key":"GhostInAJar"},{"floor":46,"key":"BlessingOfTheForge"}],"is_trial":false,"path_per_floor":["M","?","M","M","M","R","M","E","T","R","?","R","?","?","R","B",null,"M","$","?","?","M","R","E","M","T","?","R","?","?","$","R","B",null,"M","$","?","?","?","R","M","?","T","R","E","M","$","?","R","B",null],"character_chosen":"THE_SILENT","items_purchased":["Noxious Fumes","DollysMirror","Bandage Up","After Image","Noxious Fumes"],"campfire_rested":0,"item_purchase_floors":[19,19,19,31,47],"current_hp_per_floor":[70,70,70,70,46,46,46,29,29,29,29,29,29,46,46,23,70,70,70,57,57,47,47,38,27,27,27,27,27,27,27,27,8,75,68,68,24,42,42,42,47,47,47,47,68,64,64,64,64,5],"gold":76,"neow_bonus":"THREE_ENEMY_KILL","is_daily":false,"chose_seed":false,"campfire_upgraded":10,"win_rate":0.0,"timestamp":1613269959,"path_taken":["M","?","?","M","M","R","M","E","T","R","?","R","?","?","R","BOSS","M","$","?","?","M","R","E","M","T","?","R","?","?","$","R","BOSS","M","$","?","?","?","R","M","?","T","R","E","M","?","?","R","BOSS"],"items_purchased_type":["Card","Relic","Card","Card","Card"],"build_version":"2020-12-22","purchased_purges":3,"victory":true,"max_hp_per_floor":[70,70,70,70,70,70,70,70,70,70,70,70,70,70,70,70,70,70,70,75,75,75,75,75,75,75,75,75,75,75,75,75,75,75,75,75,75,89,89,89,89,89,89,89,89,89,89,89,89,89],"card_choices":[{"not_picked":["All Out Attack","Bane"],"picked":"Caltrops","floor":1},{"not_picked":["Deflect","Masterful Stab"],"picked":"Blade Dance","floor":3},{"not_picked":["Flying Knee","Backflip"],"picked":"Crippling Poison","floor":4},{"not_picked":["Underhanded Strike","Backflip"],"picked":"Prepared","floor":5},{"not_picked":["Dagger Throw","Slice"],"picked":"Poisoned Stab","floor":7},{"not_picked":["Dodge and Roll","Calculated Gamble"],"picked":"Accuracy","floor":8},{"not_picked":["Envenom","Grand Finale"],"picked":"Night Terror","floor":16},{"not_picked":["Dash","Endless Agony"],"picked":"Cloak And Dagger","floor":18},{"not_picked":["Dagger Spray","Deflect","Dodge and Roll"],"picked":"SKIP","floor":22},{"not_picked":["Riddle With Holes","Outmaneuver"],"picked":"Blade Dance","floor":24},{"not_picked":["Outmaneuver+1","Quick Slash"],"picked":"Crippling Poison+1","floor":25},{"not_picked":["Night Terror","Doppelganger"],"picked":"Malaise","floor":33},{"not_picked":["Underhanded Strike","Prepared","Dagger Spray"],"picked":"SKIP","floor":35},{"not_picked":["Blade Dance","Backstab+1"],"picked":"Blur","floor":37},{"not_picked":["PiercingWail+1","Reflex+1"],"picked":"Leg Sweep","floor":41},{"not_picked":["Heel Hook+1","Caltrops+1"],"picked":"Reflex","floor":45},{"not_picked":["Endless Agony+1","Skewer+1"],"picked":"Well Laid Plans+1","floor":46}],"player_experience":1035124,"relics_obtained":[{"floor":8,"key":"Juzu Bracelet"},{"floor":9,"key":"Akabeko"},{"floor":24,"key":"PreservedInsect"},{"floor":26,"key":"Bottled Tornado"},{"floor":37,"key":"Pocketwatch"},{"floor":38,"key":"Mango"},{"floor":43,"key":"Molten Egg 2"},{"floor":45,"key":"Regal Pillow"}],"event_choices":[{"damage_healed":0,"gold_gain":0,"player_choice":"Upgraded","damage_taken":0,"max_hp_gain":0,"max_hp_loss":0,"event_name":"Upgrade Shrine","floor":2,"gold_loss":0,"cards_upgraded":["Neutralize"]},{"damage_healed":0,"gold_gain":175,"player_choice":"AGREE","damage_taken":0,"max_hp_gain":0,"max_hp_loss":0,"event_name":"Liars Game","floor":11,"gold_loss":0,"cards_obtained":["Doubt"]},{"damage_healed":0,"gold_gain":0,"player_choice":"Bought 3 Potions","damage_taken":0,"max_hp_gain":0,"max_hp_loss":0,"event_name":"The Woman in Blue","floor":13,"gold_loss":0},{"damage_healed":17,"gold_gain":0,"player_choice":"Healed and dodged fight","damage_taken":0,"max_hp_gain":0,"max_hp_loss":0,"event_name":"Mushrooms","floor":14,"gold_loss":0,"cards_obtained":["Parasite"]},{"damage_healed":0,"gold_gain":0,"player_choice":"Shed Blood","damage_taken":18,"max_hp_gain":5,"max_hp_loss":0,"event_name":"Forgotten Altar","floor":20,"gold_loss":0},{"cards_removed":["Strike_G"],"damage_healed":0,"gold_gain":0,"player_choice":"Upgrade and Remove","damage_taken":0,"max_hp_gain":0,"max_hp_loss":0,"event_name":"Designer","floor":21,"gold_loss":90,"cards_upgraded":["Prepared"]},{"damage_healed":0,"gold_gain":99,"player_choice":"Stole From Cult","damage_taken":0,"max_hp_gain":0,"max_hp_loss":0,"event_name":"Nest","floor":27,"gold_loss":0},{"damage_healed":0,"gold_gain":0,"cards_transformed":["Strike_G","Strike_G"],"player_choice":"Became Test Subject","damage_taken":0,"max_hp_gain":0,"max_hp_loss":0,"event_name":"Drug Dealer","floor":29,"gold_loss":0,"cards_obtained":["Grand Finale","Masterful Stab"]},{"damage_healed":0,"gold_gain":0,"player_choice":"Ignored","damage_taken":0,"max_hp_gain":0,"max_hp_loss":0,"event_name":"NoteForYourself","floor":30,"gold_loss":0},{"damage_healed":0,"gold_gain":0,"player_choice":"Fight","damage_taken":0,"max_hp_gain":0,"max_hp_loss":0,"event_name":"Mysterious Sphere","floor":37,"gold_loss":0},{"damage_healed":0,"gold_gain":0,"player_choice":"Fight","damage_taken":0,"max_hp_gain":0,"max_hp_loss":0,"event_name":"MindBloom","floor":38,"gold_loss":0},{"cards_removed":["Poisoned Stab"],"damage_healed":0,"gold_gain":0,"player_choice":"Removed Attack","damage_taken":0,"max_hp_gain":0,"max_hp_loss":0,"event_name":"Falling","floor":39,"gold_loss":0},{"damage_healed":0,"gold_gain":0,"player_choice":"Upgraded","damage_taken":0,"max_hp_gain":0,"max_hp_loss":0,"event_name":"Upgrade Shrine","floor":42,"gold_loss":0,"cards_upgraded":["Leg Sweep"]},{"damage_healed":0,"gold_gain":0,"cards_transformed":["Defend_G"],"player_choice":"Transformed","damage_taken":0,"max_hp_gain":0,"max_hp_loss":0,"event_name":"Transmorgrifier","floor":48,"gold_loss":0,"cards_obtained":["Well Laid Plans"]}],"is_beta":false,"boss_relics":[{"not_picked":["SacredBark","Fusion Hammer"],"picked":"Coffee Dripper"},{"not_picked":["bronze:MakeshiftBattery","Pandora\u0027s Box"],"picked":"Cursed Key"}],"items_purged_floors":[19,31,36],"is_endless":false,"potions_floor_spawned":[1,3,7,22,24,38,41,46],"ascension_level":1}}