{"host":"i4d8tgqbnmcnjm0a","time":1613269980,"event":{"mods":["BaseMod","Keyboard Shortcuts","Minty Spire (QoL Compilation)"],"gold_per_floor":[110,122,134,149,149,149,175,175,254,289,289,64,80,90,90,195,195,210,222,239,272,51,51,83,101,101,127,127,158,170,184,184,280,280,296,345,395,140,150,150,178,178,204,426,441,441,265,295,295,295,295,295,45,73,73],"floor_reached":56,"language":"ENG","playtime":5493,"items_purged":["Strike_G","Strike_G"],"score":1511,"play_id":"0b7ced94-8db5-4d8c-968e-93c3c943a275","local_time":"20210213213300","is_ascension_mode":true,"campfire_choices":[{"floor":6,"key":"REST"},{"floor":8,"key":"REST"},{"floor":11,"key":"REST"},{"data":"Storm of Steel","floor":15,"key":"SMITH"},{"floor":23,"key":"RECALL"},{"data":"Adrenaline","floor":32,"key":"SMITH"},{"data":"Strike_G","floor":40,"key":"PURGE"},{"data":"Defend_G","floor":42,"key":"PURGE"},{"data":"Prepared","floor":49,"key":"SMITH"},{"data":"Strike_G","floor":52,"key":"PURGE"}],"circlet_count":0,"master_deck":["Defend_G+1","Defend_G","Defend_G","Survivor","Neutralize","Choke","Crippling Poison","Backflip","Endless Agony","Eviscerate","Storm of Steel+1","Backstab","PiercingWail+1","Adrenaline+1","CurseOfTheBell","Blade Dance+1","Predator+1","Endless Agony","Eviscerate","Backstab+1","Venomology","Blade Dance+1","Prepared+1","Deflect+1","Storm of Steel","Prepared+1","Accuracy","Blur","Underhanded Strike+1"],"relics":["Ring of the Snake","Art of War","Dead Branch","Ornamental Fan","Dream Catcher","Centennial Puzzle","Calling Bell","Happy Flower","Ninja Scroll","Peace Pipe","Red Mask","Strawberry","Nunchaku","Boot","Anchor","Coffee Dripper","StoneCalendar","Gambling Chip","Unceasing Top","Bag of Preparation","Pen Nib","War Paint","Sundial"],"acts_visited":["Exordium","TheCity","TheBeyond","TheEnding"],"potions_floor_usage":[7,24,29,33,33,41,45,48,50,55,55,55],"damage_taken":[{"damage":1,"enemies":"Cultist","floor":1,"turns":4},{"damage":4,"enemies":"Small Slimes","floor":2,"turns":3},{"damage":1,"enemies":"2 Louse","floor":3,"turns":3},{"damage":13,"enemies":"2 Fungi Beasts","floor":4,"turns":5},{"damage":28,"enemies":"3 Sentries","floor":7,"turns":8},{"damage":19,"enemies":"Gremlin Nob","floor":10,"turns":4},{"damage":0,"enemies":"3 Louse","floor":13,"turns":1},{"damage":0,"enemies":"Gremlin Gang","floor":14,"turns":1},{"damage":19,"enemies":"Hexaghost","floor":16,"turns":5},{"damage":0,"enemies":"Spheric Guardian","floor":18,"turns":2},{"damage":0,"enemies":"2 Thieves","floor":19,"turns":1},{"damage":0,"enemies":"Snecko","floor":20,"turns":2},{"damage":0,"enemies":"Masked Bandits","floor":21,"turns":1},{"damage":1,"enemies":"Slavers","floor":24,"turns":2},{"damage":0,"enemies":"Snake Plant","floor":25,"turns":1},{"damage":0,"enemies":"Gremlin Leader","floor":27,"turns":3},{"damage":3,"enemies":"Slavers","floor":29,"turns":3},{"damage":0,"enemies":"3 Cultists","floor":30,"turns":2},{"damage":0,"enemies":"Centurion and Healer","floor":31,"turns":1},{"damage":6,"enemies":"Automaton","floor":33,"turns":4},{"damage":0,"enemies":"Orb Walker","floor":35,"turns":1},{"damage":0,"enemies":"2 Orb Walkers","floor":36,"turns":1},{"damage":0,"enemies":"Mind Bloom Boss Battle","floor":37,"turns":2},{"damage":0,"enemies":"3 Shapes","floor":39,"turns":1},{"damage":0,"enemies":"Giant Head","floor":41,"turns":1},{"damage":0,"enemies":"Maw","floor":45,"turns":4},{"damage":0,"enemies":"Reptomancer","floor":48,"turns":1},{"damage":24,"enemies":"Awakened One","floor":50,"turns":5},{"damage":0,"enemies":"Shield and Spear","floor":54,"turns":3},{"damage":10,"enemies":"The Heart","floor":55,"turns":3}],"seed_played":"-5729271550265743642","potions_obtained":[{"floor":2,"key":"Energy Potion"},{"floor":3,"key":"CultistPotion"},{"floor":14,"key":"SpeedPotion"},{"floor":16,"key":"SkillPotion"},{"floor":20,"key":"SneckoOil"},{"floor":24,"key":"Explosive Potion"},{"floor":29,"key":"SkillPotion"},{"floor":33,"key":"Block Potion"},{"floor":35,"key":"Block Potion"},{"floor":39,"key":"SteroidPotion"},{"floor":54,"key":"LiquidMemories"}],"is_trial":false,"path_per_floor":["M","M","M","M","?","R","E","R","T","E","R","$","M","M","R","B",null,"M","M","M","?","$","R","E","M","T","E","?","E","M","M","R","B",null,"M","?","?","$","M","R","E","R","T","?","M","?","$","E","R","B",null,"R","$","E","B",null],"character_chosen":"THE_SILENT","items_purchased":["Backstab","Centennial Puzzle","Endless Agony","Strawberry","FairyPotion","DuplicationPotion","Prepared","FearPotion","War Paint","Accuracy","Blur"],"campfire_rested":3,"item_purchase_floors":[12,12,22,22,38,38,47,47,53,53,53],"current_hp_per_floor":[69,65,64,51,51,70,42,63,63,44,65,65,65,65,65,46,70,70,70,70,70,77,77,76,76,76,76,76,73,73,73,73,67,77,77,77,77,77,77,77,77,77,77,77,77,77,77,77,77,53,77,77,77,77,67],"gold":73,"neow_bonus":"RANDOM_COMMON_RELIC","is_daily":false,"chose_seed":false,"campfire_upgraded":3,"win_rate":0.0,"timestamp":1613269980,"path_taken":["M","M","?","M","?","R","E","R","T","E","R","?","M","M","R","BOSS","M","M","M","?","$","R","E","M","T","E","?","E","M","M","R","BOSS","M","?","?","$","M","R","E","R","T","?","M","?","$","E","R","BOSS","R","$","E","BOSS"],"items_purchased_type":["Card","Relic","Card","Relic","Potion","Potion","Card","Potion","Relic","Card","Card"],"build_version":"2020-12-22","purchased_purges":2,"victory":true,"max_hp_per_floor":[70,70,70,70,70,70,70,70,70,70,70,70,70,70,70,70,70,70,70,70,70,77,77,77,77,77,77,77,77,77,77,77,77,77,77,77,77,77,77,77,77,77,77,77,77,77,77,77,77,77,77,77,77,77,77],"card_choices":[{"not_picked":["Deflect","Concentrate"],"picked":"Choke","floor":1},{"not_picked":["Escape Plan","Prepared"],"picked":"Crippling Poison","floor":2},{"not_picked":["Slice","PiercingWail"],"picked":"Backflip","floor":3},{"not_picked":["Deflect","Prepared"],"picked":"Endless Agony","floor":4},{"not_picked":["Infinite Blades","Bane","Prepared"],"picked":"SKIP","floor":7},{"not_picked":["Footwork","Dagger Spray","Slice"],"picked":"SKIP","floor":10},{"not_picked":["Infinite Blades","Deflect"],"picked":"Storm of Steel","floor":11},{"not_picked":["Flying Knee","Dash","Bane"],"picked":"SKIP","floor":13},{"not_picked":["Concentrate","Quick Slash"],"picked":"PiercingWail","floor":14},{"not_picked":["Malaise","Glass Knife"],"picked":"Adrenaline","floor":16},{"not_picked":["Noxious Fumes+1","Slice"],"picked":"Accuracy","floor":18},{"not_picked":["Well Laid Plans","Deflect"],"picked":"Blade Dance+1","floor":19},{"not_picked":["Flying Knee","Finisher+1"],"picked":"Predator+1","floor":20},{"not_picked":["Setup+1","Cloak And Dagger","Unload"],"picked":"SKIP","floor":24},{"not_picked":["Poisoned Stab","Slice","Choke"],"picked":"SKIP","floor":25},{"not_picked":["Slice","Tools of the Trade","Blur+1"],"picked":"SKIP","floor":27},{"not_picked":["Deflect","Heel Hook","Caltrops"],"picked":"SKIP","floor":29},{"not_picked":["Outmaneuver","PiercingWail+1"],"picked":"Eviscerate","floor":30},{"not_picked":["Infinite Blades+1","Terror"],"picked":"Backstab+1","floor":31},{"not_picked":["Die Die Die","A Thousand Cuts"],"picked":"Venomology","floor":33},{"not_picked":["Poisoned Stab+1","Deadly Poison+1"],"picked":"Blade Dance+1","floor":35},{"not_picked":["Distraction+1","Flying Knee+1"],"picked":"Prepared+1","floor":39},{"not_picked":["PiercingWail","Underhanded Strike+1"],"picked":"Deflect+1","floor":41},{"not_picked":["Endless Agony","Poisoned Stab+1"],"picked":"Storm of Steel","floor":45},{"not_picked":["Flying Knee","Outmaneuver","Dodge and Roll"],"picked":"SKIP","floor":48},{"not_picked":["Backflip","Sucker Punch"],"picked":"Underhanded Strike+1","floor":54}],"player_experience":312043,"relics_obtained":[{"floor":7,"key":"Dead Branch"},{"floor":9,"key":"Ornamental Fan"},{"floor":10,"key":"Dream Catcher"},{"floor":17,"key":"Happy Flower"},{"floor":17,"key":"Ninja Scroll"},{"floor":17,"key":"Peace Pipe"},{"floor":21,"key":"Red Mask"},{"floor":24,"key":"Nunchaku"},{"floor":27,"key":"Boot"},{"floor":29,"key":"Anchor"},{"floor":36,"key":"StoneCalendar"},{"floor":37,"key":"Gambling Chip"},{"floor":41,"key":"Unceasing Top"},{"floor":43,"key":"Bag of Preparation"},{"floor":48,"key":"Pen Nib"},{"floor":54,"key":"Sundial"}],"event_choices":[{"damage_healed":0,"gold_gain":0,"cards_transformed":["Strike_G"],"player_choice":"Transformed","damage_taken":0,"max_hp_gain":0,"max_hp_loss":0,"event_name":"Transmorgrifier","floor":5,"gold_loss":0,"cards_obtained":["Eviscerate"]},{"damage_healed":0,"gold_gain":0,"player_choice":"Fought Bandits","damage_taken":0,"max_hp_gain":0,"max_hp_loss":0,"event_name":"Masked Bandits","floor":21,"gold_loss":0},{"cards_removed":["Defend_G"],"damage_healed":0,"gold_gain":0,"player_choice":"Elegance","damage_taken":0,"max_hp_gain":0,"max_hp_loss":0,"event_name":"Back to Basics","floor":28,"gold_loss":0},{"damage_healed":0,"gold_gain":0,"player_choice":"Fight","damage_taken":0,"max_hp_gain":0,"max_hp_loss":0,"event_name":"Mysterious Sphere","floor":36,"gold_loss":0},{"damage_healed":0,"gold_gain":0,"player_choice":"Fight","damage_taken":0,"max_hp_gain":0,"max_hp_loss":0,"event_name":"MindBloom","floor":37,"gold_loss":0},{"damage_healed":0,"gold_gain":222,"player_choice":"Wore Mask","damage_taken":0,"max_hp_gain":0,"max_hp_loss":0,"event_name":"Tomb of Lord Red Mask","floor":44,"gold_loss":0},{"cards_removed":["Accuracy"],"damage_healed":0,"gold_gain":0,"player_choice":"Removed Power","damage_taken":0,"max_hp_gain":0,"max_hp_loss":0,"event_name":"Falling","floor":46,"gold_loss":0}],"is_beta":false,"boss_relics":[{"not_picked":["Ring of the Serpent","SlaversCollar"],"picked":"Calling Bell"},{"not_picked":["Tiny House","Fusion Hammer"],"picked":"Coffee Dripper"}],"items_purged_floors":[38,47],"is_endless":false,"potions_floor_spawned":[2,3,14,16,20,24,29,33,35,39,48,54],"ascension_level":3}}