{"host":"fbtt2xdrd49xyqed","time":1613301632,"event":{"mods":["Act Like it!","BaseMod","Gensokyo","Koishi","Marisa£®ÏF”Í°°ƒß¿Ì…≥£©","Minty Spire (QoL Compilation)","Remilia£®¿Ÿ√◊¿Ú—«£©","StSLib","The Servant 0.9.4"],"gold_per_floor":[115,133,8,8,8,8,19,49,73,73,73,73,73,584,584,660,960,978,382,0,0,35,35,35,60,60,88,88,101,101,151,151,264,264,707,739,739,739,739,783,811,871,871,447,485,530,530,305,305,305,305,305,13,80,80],"floor_reached":56,"language":"ZHS","playtime":2229,"items_purged":["Strike_MRS","Strike_MRS+1","Writhe"],"score":2151,"play_id":"0e32b4c6-74bb-456a-896e-157da5c2199f","local_time":"20210214192031","is_ascension_mode":true,"campfire_choices":[{"data":"MilkyWay","floor":6.0,"key":"SMITH"},{"data":"MilkyWay","floor":10.0,"key":"SMITH"},{"data":"EnergyFlow","floor":12.0,"key":"SMITH"},{"floor":15.0,"key":"REST"},{"data":"AbsoluteMagnitude","floor":23.0,"key":"SMITH"},{"data":"EnergyFlow","floor":32.0,"key":"SMITH"},{"floor":47.0,"key":"RECALL"},{"data":"Gensokyo:TurboGranny","floor":49.0,"key":"SMITH"},{"data":"UltimateShortwave","floor":52.0,"key":"SMITH"}],"circlet_count":0,"master_deck":["AscendersBane","Defend_MRS","Defend_MRS+1","Defend_MRS","Defend_MRS+1","MasterSpark+1","UpSweep","MilkyWay+1","EnergyFlow+1","MilkyWay+1","ChargeUpSpray+1","MillisecondPulsars","CurseOfTheBell","MagicChant+1","AbsoluteMagnitude+1","EarthLightRay+1","MilkyWay+1","Acceleration+1","WitchOfGreed","GalacticHalo","OortCloud+1","EnergyFlow+1","UltimateShortwave+1","OortCloud","Gensokyo:TurboGranny+1","Parasite","Parasite"],"relics":["MiniHakkero","Whetstone","Gensokyo:OccultBall","Oddly Smooth Stone","Pear","Calling Bell","Toy Ornithopter","Mercury Hourglass","Old Coin","Lizard Tail","AmplifyWand","Orrery","Bottled Tornado","War Paint","CeramicFish","Cursed Key","Gremlin Horn","Bag of Marbles","OrangePellets","Vajra","Bag of Preparation","ShroomBag","Strawberry"],"acts_visited":["Gensokyo:Gensokyo","Gensokyo:Gensokyoer","Gensokyo:Gensokyoest","TheEnding"],"potions_floor_usage":[54,55,55,55,55,55,55,55],"damage_taken":[{"damage":0.0,"enemies":"Gensokyo:Python","floor":1.0,"turns":3.0},{"damage":1.0,"enemies":"Gensokyo:Gryphon","floor":2.0,"turns":3.0},{"damage":6.0,"enemies":"Gensokyo:3_Fairies","floor":7.0,"turns":9.0},{"damage":17.0,"enemies":"Gensokyo:Mamizou","floor":8.0,"turns":5.0},{"damage":20.0,"enemies":"Gensokyo:3_Kodama","floor":14.0,"turns":6.0},{"damage":27.0,"enemies":"Gensokyo:Kokoro","floor":16.0,"turns":10.0},{"damage":19.0,"enemies":"Gensokyo:CosmicMonolith","floor":18.0,"turns":5.0},{"damage":0.0,"enemies":"Gensokyo:Chomper","floor":22.0,"turns":5.0},{"damage":12.0,"enemies":"Gensokyo:Monolith_and_Dog","floor":25.0,"turns":7.0},{"damage":9.0,"enemies":"Gensokyo:Reisen","floor":27.0,"turns":5.0},{"damage":10.0,"enemies":"Gensokyo:Wraith","floor":29.0,"turns":5.0},{"damage":0.0,"enemies":"Gensokyo:Koishi","floor":31.0,"turns":4.0},{"damage":51.0,"enemies":"Gensokyo:Kaguya","floor":33.0,"turns":11.0},{"damage":33.0,"enemies":"Gensokyo:3_Boulders","floor":35.0,"turns":5.0},{"damage":8.0,"enemies":"Gensokyo:Kasen","floor":40.0,"turns":3.0},{"damage":0.0,"enemies":"Gensokyo:AncientGuardian","floor":41.0,"turns":6.0},{"damage":20.0,"enemies":"Gensokyo:Marisa","floor":42.0,"turns":3.0},{"damage":0.0,"enemies":"Gensokyo:3_Boulders","floor":45.0,"turns":6.0},{"damage":4.0,"enemies":"Gensokyo:Kasen","floor":46.0,"turns":4.0},{"damage":10.0,"enemies":"Gensokyo:Scarlet_Devils","floor":50.0,"turns":7.0},{"damage":43,"enemies":"Shield and Spear","floor":54,"turns":6},{"damage":8,"enemies":"The Heart","floor":55,"turns":8}],"seed_played":"-2321751146982603969","potions_obtained":[{"floor":1.0,"key":"Dexterity Potion"},{"floor":7.0,"key":"BottledSpark"},{"floor":8.0,"key":"FearPotion"},{"floor":18.0,"key":"ShroomBrew"},{"floor":25.0,"key":"Strength Potion"},{"floor":27.0,"key":"CultistPotion"},{"floor":29.0,"key":"BottledSpark"},{"floor":31.0,"key":"Regen Potion"},{"floor":33.0,"key":"BlessingOfTheForge"},{"floor":35.0,"key":"Energy Potion"},{"floor":40.0,"key":"DuplicationPotion"},{"floor":42.0,"key":"AttackPotion"},{"floor":42.0,"key":"ColorlessPotion"},{"floor":46.0,"key":"FearPotion"},{"floor":54,"key":"Block Potion"}],"is_trial":false,"path_per_floor":["M","M","COS","?","?","R","M","E","T","R","?","R","$","M","R","B",null,"M","$","?","$","M","R","?","M","T","E","$","M","?","E","R","B",null,"M","T","?","?","?","E","M","E","T","$","M","E","R","COS","R","B",null,"R","$","E","B",null],"character_chosen":"MARISA","items_purchased":["AmplifyWand","Orrery","WitchOfGreed","GalacticHalo","OrangePellets","Vajra","EntropicBrew","PowerPotion"],"campfire_rested":1,"item_purchase_floors":[19,19,19,19,44,44,53,53],"current_hp_per_floor":[63,62,62,62,62,62,56,39,39,39,29,29,29,9,33,6,62,43,43,43,43,49,49,49,43,43,45,45,41,41,47,47,27,67,40,40,40,40,40,43,49,45,45,45,51,58,58,58,58,64,76,76,76,51,87],"gold":80,"neow_bonus":"RANDOM_COMMON_RELIC","is_daily":false,"chose_seed":false,"campfire_upgraded":7,"win_rate":0.0,"timestamp":1613301631,"path_taken":["M","M","COS","?","?","R","M","E","T","R","?","R","$","?","R","BOSS","M","$","?","$","M","R","?","M","T","E","?","M","?","E","R","BOSS","M","?","?","?","?","E","?","E","T","$","M","E","R","COS","R","BOSS","R","$","E","BOSS"],"items_purchased_type":["Relic","Relic","Card","Card","Relic","Relic","Potion","Potion"],"build_version":"2020-12-22","purchased_purges":3,"victory":true,"max_hp_per_floor":[70,70,70,70,70,70,70,70,70,70,80,80,80,80,80,80,80,80,80,80,80,80,80,80,80,80,80,80,80,80,80,80,80,80,80,80,80,80,80,80,80,80,80,80,80,80,80,80,80,80,80,80,80,87,87],"card_choices":[{"not_picked":["UnstableBomb","Robbery"],"picked":"DeepEcoloBomb","floor":1.0},{"not_picked":["Acceleration","MysteriousBeam"],"picked":"MilkyWay","floor":2.0},{"not_picked":["PulseMagic","DoubleSpark"],"picked":"EnergyFlow","floor":7.0},{"not_picked":["SuperPerseids","6A"],"picked":"MilkyWay","floor":8.0},{"not_picked":["PowerUp","MilkyWay"],"picked":"ChargeUpSpray","floor":14.0},{"not_picked":["JA","TreasureHunter"],"picked":"MillisecondPulsars","floor":16.0},{"not_picked":["SporeBomb","NonDirectionalLaser","MagicChant"],"picked":"SKIP","floor":18.0},{"not_picked":["SporeBomb","NonDirectionalLaser"],"picked":"MagicChant","floor":18.0},{"not_picked":["DoubleSpark","StarlightTyphoon"],"picked":"AbsoluteMagnitude","floor":19.0},{"not_picked":["IllusionStar","DarkMatter"],"picked":"EarthLightRay","floor":19.0},{"not_picked":["StarDustReverie","PowerUp"],"picked":"MilkyWay","floor":19.0},{"not_picked":["MysteriousBeam","LuminesStrike"],"picked":"Acceleration","floor":19.0},{"not_picked":["GrandCross+1","DoubleSpark"],"picked":"OortCloud+1","floor":22.0},{"not_picked":["DoubleSpark","GalacticHalo","MilkyWay"],"picked":"SKIP","floor":25.0},{"not_picked":["WitchOfGreed","WitchLeyline","SuperNova"],"picked":"SKIP","floor":27.0},{"not_picked":["WitchOfGreed","WitchLeyline","SuperNova"],"picked":"SKIP","floor":27.0},{"not_picked":["UnstableBomb","EarthLightRay","SprinkleStarSeal"],"picked":"SKIP","floor":29.0},{"not_picked":["MilkyWay","DC","PulseMagic"],"picked":"SKIP","floor":31.0},{"not_picked":["SuperNova","JA"],"picked":"UltimateShortwave","floor":33.0},{"not_picked":["OpenUniverse","MysteriousBeam","PowerUp"],"picked":"SKIP","floor":35.0},{"not_picked":["DeepEcoloBomb","EarthLightRay","StarlightTyphoon"],"picked":"SKIP","floor":40.0},{"not_picked":["SprinkleStarSeal","OpenUniverse+1","WitchOfGreed"],"picked":"SKIP","floor":41.0},{"not_picked":["WitchOfGreed","GrandCross","MillisecondPulsars"],"picked":"SKIP","floor":42.0},{"not_picked":["GalacticHalo","WitchOfGreed+1"],"picked":"OortCloud","floor":45.0},{"not_picked":["MilkyWay","WitchOfGreed+1","GrandCross"],"picked":"SKIP","floor":46.0},{"not_picked":["GalacticHalo","Orbital+1","WitchLeyline+1"],"picked":"SKIP","floor":54}],"player_experience":743458,"relics_obtained":[{"floor":8.0,"key":"Gensokyo:OccultBall"},{"floor":8.0,"key":"Potion Belt"},{"floor":9.0,"key":"Oddly Smooth Stone"},{"floor":16.0,"key":"Gensokyo:OccultBall"},{"floor":17.0,"key":"Toy Ornithopter"},{"floor":17.0,"key":"Mercury Hourglass"},{"floor":17.0,"key":"Old Coin"},{"floor":26.0,"key":"Bottled Tornado"},{"floor":27.0,"key":"War Paint"},{"floor":29.0,"key":"Gensokyo:OccultBall"},{"floor":31.0,"key":"CeramicFish"},{"floor":33.0,"key":"Gensokyo:OccultBall"},{"floor":35.0,"key":"Gensokyo:OccultBall"},{"floor":40.0,"key":"Gremlin Horn"},{"floor":42.0,"key":"Bag of Marbles"},{"floor":46.0,"key":"Bag of Preparation"},{"floor":54,"key":"Strawberry"}],"event_choices":[],"is_beta":false,"boss_relics":[{"not_picked":["Coffee Dripper","Philosopher\u0027s Stone"],"picked":"Calling Bell"},{"not_picked":["SlaversCollar","BewitchedHakkero"],"picked":"Cursed Key"}],"items_purged_floors":[19,44,53],"is_endless":false,"potions_floor_spawned":[1,7,8,18,27,29,31,35,41,42,54],"ascension_level":19}}