{"host":"59wnhi65kiwmnpg4","time":1613301620,"event":{"mods":["2.2 Compatiblity","AchievementEnabler","BaseMod","BetterRewards","Colored Map","Custom Start","Disable Question Mark Monsters","Highlight Path","Minty Spire (QoL Compilation)","Permanent Neow","Relic Sorter","Relic Stats"],"gold_per_floor":[359,359,379,379,6,37,37,63,134,309,12,22,22,33,33,135,135,152,152,169,169,185,185,216,230,230,230,260,260,287,287,287],"floor_reached":31,"language":"ENG","playtime":6084,"items_purged":[],"score":481,"play_id":"a29eae97-131a-484e-b9a5-e26a4b9ce849","local_time":"20210214112020","is_ascension_mode":true,"campfire_choices":[{"floor":7.0,"key":"REST"},{"data":"BattleHymn","floor":15.0,"key":"SMITH"},{"floor":23,"key":"REST"},{"data":"Wish","floor":27,"key":"SMITH"},{"data":"Eruption","floor":29,"key":"SMITH"}],"circlet_count":0,"master_deck":["Strike_P","Strike_P","Strike_P","Strike_P","Defend_P","Defend_P","Defend_P","Defend_P","Eruption+1","Vigilance","BowlingBash+1","EmptyFist","BattleHymn+1","Tantrum","ThirdEye","Doubt","FlyingSleeves","Parasite","Establishment","FollowUp+1","RitualDagger","Wireheading+1","FlurryOfBlows","Meditate","Wish+1","ClearTheMind","Scrawl"],"relics":["HolyWater","Pantograph","OrangePellets","Nunchaku","Juzu Bracelet","Ice Cream","InkBottle","ClockworkSouvenir","MealTicket","Bronze Scales","Darkstone Periapt","Red Mask","Omamori"],"acts_visited":["Exordium","TheCity"],"potions_floor_usage":[30,31,31,31],"damage_taken":[{"damage":0.0,"enemies":"Cultist","floor":1.0,"turns":4.0},{"damage":7.0,"enemies":"Small Slimes","floor":3.0,"turns":4.0},{"damage":26.0,"enemies":"Gremlin Nob","floor":6.0,"turns":4.0},{"damage":19.0,"enemies":"Lagavulin","floor":8.0,"turns":6.0},{"damage":0.0,"enemies":"2 Louse","floor":12.0,"turns":1.0},{"damage":0.0,"enemies":"2 Fungi Beasts","floor":14.0,"turns":2.0},{"damage":0.0,"enemies":"Slime Boss","floor":16.0,"turns":4.0},{"damage":7,"enemies":"Chosen","floor":18,"turns":3},{"damage":0,"enemies":"Spheric Guardian","floor":20,"turns":3},{"damage":18,"enemies":"Shelled Parasite and Fungi","floor":22,"turns":3},{"damage":0,"enemies":"Gremlin Leader","floor":24,"turns":4},{"damage":10,"enemies":"Chosen and Byrds","floor":25,"turns":3},{"damage":9,"enemies":"Masked Bandits","floor":28,"turns":3},{"damage":33,"enemies":"Slavers","floor":30,"turns":4},{"damage":10,"enemies":"Snake Plant","floor":31,"turns":2}],"seed_played":"1267359305917485896","potions_obtained":[{"floor":6.0,"key":"SpeedPotion"},{"floor":14.0,"key":"Weak Potion"},{"floor":18,"key":"Dexterity Potion"},{"floor":22,"key":"Block Potion"},{"floor":28,"key":"BottledMiracle"},{"floor":30,"key":"SneckoOil"}],"is_trial":false,"path_per_floor":["M","T","M","?","$","E","R","E","T","?","$","M","?","M","R","B",null,"M","?","M","?","M","R","E","M","T","R","?","R","E","M"],"character_chosen":"WATCHER","items_purchased":["OrangePellets","Nunchaku","BattleHymn","ClockworkSouvenir","MealTicket"],"campfire_rested":2,"item_purchase_floors":[5,5,5,11,11],"current_hp_per_floor":[47,47,40,40,40,14,35,16,16,16,16,16,34,34,34,59,69,62,56,56,56,38,59,59,49,49,49,40,40,7,0,0],"gold":287,"neow_bonus":"TWO_FIFTY_GOLD","is_daily":false,"chose_seed":false,"campfire_upgraded":3,"win_rate":0.0,"timestamp":1613301620,"path_taken":["M","?","M","?","$","E","R","E","T","?","$","M","?","M","R","BOSS","M","?","M","?","M","R","E","M","T","R","?","R","E","M"],"items_purchased_type":["Relic","Relic","Card","Relic","Relic"],"build_version":"2020-12-22","purchased_purges":0,"victory":false,"max_hp_per_floor":[72,72,72,72,72,72,72,72,72,72,72,72,72,72,72,72,72,72,72,72,72,72,72,72,72,72,72,72,72,72,72,72],"relic_stats":{"Darkstone Periapt":0,"OrangePellets":[2],"Nunchaku":[11],"counters":[15,50],"Pantograph":25,"Bronze Scales":[55],"MealTicket":0,"Juzu Bracelet":2,"obtain_stats":[{"Ice Cream":8,"Darkstone Periapt":26,"Juzu Bracelet":6,"Omamori":30,"ClockworkSouvenir":11,"OrangePellets":5,"Nunchaku":5,"Pantograph":2,"Bronze Scales":24,"HolyWater":17,"MealTicket":11,"Red Mask":28,"PureWater":0,"InkBottle":9},{"Ice Cream":4,"Darkstone Periapt":12,"Juzu Bracelet":3,"Omamori":14,"ClockworkSouvenir":4,"OrangePellets":2,"Nunchaku":2,"Pantograph":1,"Bronze Scales":11,"HolyWater":7,"MealTicket":4,"Red Mask":13,"PureWater":0,"InkBottle":4},{"Ice Cream":18,"Darkstone Periapt":41,"Juzu Bracelet":12,"Omamori":48,"ClockworkSouvenir":18,"OrangePellets":8,"Nunchaku":8,"Pantograph":4,"Bronze Scales":38,"HolyWater":25,"MealTicket":18,"Red Mask":44,"PureWater":0,"InkBottle":18}],"InkBottle":[13]},"card_choices":[{"not_picked":["CutThroughFate","Crescendo"],"picked":"BowlingBash","floor":1.0},{"not_picked":["Worship","CarveReality"],"picked":"EmptyFist","floor":3.0},{"not_picked":["JustLucky","WaveOfTheHand"],"picked":"Tantrum","floor":6.0},{"not_picked":["Meditate","Weave"],"picked":"ThirdEye","floor":8.0},{"not_picked":["CarveReality","Vengeance"],"picked":"FlyingSleeves","floor":12.0},{"not_picked":["Swivel","EmptyFist","CrushJoints"],"picked":"SKIP","floor":14.0},{"not_picked":["Brilliance","Blasphemy"],"picked":"Establishment","floor":16.0},{"not_picked":["Consecrate","Protect+1"],"picked":"FollowUp+1","floor":18},{"not_picked":["CarveReality","FollowUp"],"picked":"Wireheading+1","floor":20},{"not_picked":["Crescendo","ReachHeaven"],"picked":"Meditate","floor":22},{"not_picked":["ReachHeaven","FlyingSleeves"],"picked":"Wish","floor":24},{"not_picked":["BattleHymn","Nirvana+1","PathToVictory+1"],"picked":"SKIP","floor":25},{"not_picked":["CutThroughFate","ThirdEye"],"picked":"ClearTheMind","floor":28},{"not_picked":["ClearTheMind","ReachHeaven"],"picked":"Scrawl","floor":30}],"player_experience":914153,"relics_obtained":[{"floor":2.0,"key":"Pantograph"},{"floor":6.0,"key":"Juzu Bracelet"},{"floor":8.0,"key":"Ice Cream"},{"floor":9.0,"key":"InkBottle"},{"floor":24,"key":"Bronze Scales"},{"floor":26,"key":"Darkstone Periapt"},{"floor":28,"key":"Red Mask"},{"floor":30,"key":"Omamori"}],"event_choices":[{"damage_healed":0.0,"max_hp_gain":0.0,"max_hp_loss":0.0,"gold_gain":0.0,"event_name":"Upgrade Shrine","player_choice":"Upgraded","floor":4.0,"gold_loss":0.0,"damage_taken":0.0,"cards_upgraded":["BowlingBash"]},{"damage_healed":0.0,"max_hp_gain":0.0,"max_hp_loss":0.0,"gold_gain":175.0,"event_name":"Liars Game","player_choice":"AGREE","floor":10.0,"gold_loss":0.0,"damage_taken":0.0,"cards_obtained":["Doubt"]},{"damage_healed":18.0,"max_hp_gain":0.0,"max_hp_loss":0.0,"gold_gain":0.0,"event_name":"Mushrooms","player_choice":"Healed and dodged fight","floor":13.0,"gold_loss":0.0,"damage_taken":0.0,"cards_obtained":["Parasite"]},{"damage_healed":0,"gold_gain":0,"player_choice":"Joined the Cult","damage_taken":6,"max_hp_gain":0,"max_hp_loss":0,"event_name":"Nest","floor":19,"gold_loss":0,"cards_obtained":["RitualDagger"]},{"damage_healed":0,"gold_gain":0,"player_choice":"Read","damage_taken":0,"max_hp_gain":0,"max_hp_loss":0,"event_name":"The Library","floor":21,"gold_loss":0,"cards_obtained":["FlurryOfBlows"]},{"damage_healed":0,"gold_gain":0,"player_choice":"Fought Bandits","damage_taken":0,"max_hp_gain":0,"max_hp_loss":0,"event_name":"Masked Bandits","floor":28,"gold_loss":0}],"is_beta":false,"boss_relics":[{"not_picked":["Philosopher\u0027s Stone","Cursed Key"],"picked":"HolyWater"}],"items_purged_floors":[],"is_endless":false,"potions_floor_spawned":[6,14,18,22,28,30],"killed_by":"Snake Plant","ascension_level":7}}