{"host":"4eao2pkwlmv012cz","time":1613296596,"event":{"mods":["BaseMod","Bestiary","Bossed Relics","Colored Powertips","Minty Spire (QoL Compilation)","Permanent Neow","Quick Restart","Random Character Button","StSLib"],"gold_per_floor":[18,36,36,61,136,136,150,150,177,193,209,209,227,241,241,241,241],"floor_reached":16,"language":"ENG","playtime":457,"items_purged":[],"score":192,"play_id":"88ac0a39-76f7-4342-bb9d-a3ed81d827c2","local_time":"20210214045636","is_ascension_mode":true,"campfire_choices":[{"data":"Biased Cognition","floor":6,"key":"SMITH"},{"floor":8,"key":"REST"},{"floor":12,"key":"REST"},{"floor":15,"key":"REST"}],"circlet_count":0,"master_deck":["AscendersBane","Strike_B","Strike_B","Strike_B","Strike_B","Defend_B","Defend_B","Defend_B","Defend_B","Zap","Dualcast","Biased Cognition+1","Melter","Cold Snap","Injury","Sweeping Beam","Darkness","Undo","White Noise","Machine Learning","Leap"],"relics":["Cracked Core","Golden Idol","Happy Flower"],"acts_visited":["Exordium"],"potions_floor_usage":[11,16],"damage_taken":[{"damage":4,"enemies":"2 Louse","floor":1,"turns":2},{"damage":0,"enemies":"Cultist","floor":2,"turns":2},{"damage":11,"enemies":"Small Slimes","floor":4,"turns":3},{"damage":15,"enemies":"2 Fungi Beasts","floor":7,"turns":3},{"damage":10,"enemies":"Blue Slaver","floor":10,"turns":4},{"damage":20,"enemies":"Gremlin Gang","floor":11,"turns":4},{"damage":19,"enemies":"Lots of Slimes","floor":13,"turns":5},{"damage":15,"enemies":"Exordium Wildlife","floor":14,"turns":4},{"damage":24,"enemies":"Slime Boss","floor":16,"turns":3}],"seed_played":"-3076121814660821426","potions_obtained":[{"floor":7,"key":"PowerPotion"},{"floor":10,"key":"Dexterity Potion"}],"is_trial":false,"path_per_floor":["M","M","?","M","?","R","M","R","T","M","M","R","M","M","R","B"],"character_chosen":"DEFECT","items_purchased":[],"campfire_rested":3,"item_purchase_floors":[],"current_hp_per_floor":[60,60,60,49,38,38,23,44,44,34,14,35,16,1,22,0,0],"gold":241,"neow_bonus":"THREE_RARE_CARDS","is_daily":false,"chose_seed":false,"campfire_upgraded":1,"win_rate":0.0,"timestamp":1613296596,"path_taken":["M","M","?","M","?","R","M","R","T","M","M","R","M","M","R","BOSS"],"items_purchased_type":[],"build_version":"2020-12-22","purchased_purges":0,"victory":false,"max_hp_per_floor":[71,71,71,71,71,71,71,71,71,71,71,71,71,71,71,71,71],"card_choices":[{"not_picked":["Fission","Reboot"],"picked":"Biased Cognition","floor":0},{"not_picked":["Coolheaded","Leap"],"picked":"Melter","floor":1},{"not_picked":["Turbo","Conserve Battery"],"picked":"Cold Snap","floor":2},{"not_picked":["Barrage","Steam"],"picked":"Sweeping Beam","floor":4},{"not_picked":["Leap","Steam"],"picked":"Darkness","floor":7},{"not_picked":["Melter","Go for the Eyes"],"picked":"Undo","floor":10},{"not_picked":["Sweeping Beam","Leap"],"picked":"White Noise","floor":11},{"not_picked":["Genetic Algorithm","Turbo"],"picked":"Machine Learning","floor":13},{"not_picked":["Gash","Stack"],"picked":"Leap","floor":14}],"player_experience":2937139,"relics_obtained":[{"floor":9,"key":"Happy Flower"}],"event_choices":[{"damage_healed":0,"gold_gain":0,"player_choice":"Take Wound","damage_taken":0,"relics_obtained":["Golden Idol"],"max_hp_gain":0,"max_hp_loss":0,"event_name":"Golden Idol","floor":3,"gold_loss":0,"cards_obtained":["Injury"]},{"damage_healed":0,"gold_gain":75,"player_choice":"Gather Gold","damage_taken":11,"max_hp_gain":0,"max_hp_loss":0,"event_name":"World of Goop","floor":5,"gold_loss":0}],"is_beta":false,"boss_relics":[],"items_purged_floors":[],"is_endless":false,"potions_floor_spawned":[7,10],"killed_by":"Slime Boss","ascension_level":20}}