{"host":"dpbezu80jg8zk7un","time":1613329729,"event":{"mods":["BaseMod","Colored Map","Colored Powertips","Custom Start","DeckTracker","Minty Spire (QoL Compilation)","Quick Restart","StSLib","SuperFastMode"],"gold_per_floor":[115,115,115,126,126,154,154,166,166,201,201,262,262,276,276,348,348,359,359,116,129,147,174,190,190,190,190,209,235,235,135,135,213,213,227,252,252,252,87,112,144,161,232,82,82,107,107,142,142,142,142,142,142,46,72,72],"floor_reached":57,"language":"KOR","playtime":2685,"items_purged":["Strike_P","Defend_P","Defend_P+1","Conclude+1"],"score":3574,"play_id":"21704689-5028-419d-bab5-748de1dc0714","local_time":"20210215040849","is_ascension_mode":true,"campfire_choices":[{"data":"Eruption","floor":7.0,"key":"SMITH"},{"data":"Adaptation","floor":11.0,"key":"SMITH"},{"data":"TalkToTheHand","floor":13.0,"key":"SMITH"},{"data":"WheelKick","floor":15.0,"key":"SMITH"},{"floor":25.0,"key":"REST"},{"floor":27.0,"key":"REST"},{"floor":30.0,"key":"RECALL"},{"data":"InnerPeace","floor":32.0,"key":"SMITH"},{"floor":49.0,"key":"REST"},{"floor":53.0,"key":"REST"}],"circlet_count":0,"master_deck":["AscendersBane","Eruption+1","Vigilance+1","TalkToTheHand+1","WheelKick+1","Adaptation+1","LessonLearned+1","EmptyFist+1","Omniscience+1","MentalFortress+1","InnerPeace+1","TalkToTheHand+1","Adaptation+1","Purity+1"],"relics":["PureWater","NeowsBlessing","InkBottle","Lizard Tail","Singing Bowl","Boot","Potion Belt","Astrolabe","Art of War","Akabeko","Bag of Marbles","Torii","Busted Crown","WingedGreaves","Turnip","Pen Nib","Pantograph","Letter Opener","Eternal Feather","Mummified Hand"],"acts_visited":["Exordium","TheCity","TheBeyond","TheEnding"],"potions_floor_usage":[56,56],"damage_taken":[{"damage":0.0,"enemies":"Jaw Worm","floor":1.0,"turns":1.0},{"damage":0.0,"enemies":"Small Slimes","floor":4.0,"turns":1.0},{"damage":0.0,"enemies":"Gremlin Nob","floor":6.0,"turns":1.0},{"damage":0.0,"enemies":"Cultist","floor":8.0,"turns":2.0},{"damage":5.0,"enemies":"3 Sentries","floor":10.0,"turns":3.0},{"damage":37.0,"enemies":"3 Sentries","floor":12.0,"turns":7.0},{"damage":1.0,"enemies":"Looter","floor":14.0,"turns":3.0},{"damage":9.0,"enemies":"Hexaghost","floor":16.0,"turns":6.0},{"damage":5.0,"enemies":"Chosen","floor":18.0,"turns":4.0},{"damage":4.0,"enemies":"Shell Parasite","floor":21.0,"turns":4.0},{"damage":11.0,"enemies":"Chosen and Byrds","floor":22.0,"turns":6.0},{"damage":36.0,"enemies":"Slavers","floor":23.0,"turns":7.0},{"damage":0.0,"enemies":"Sentry and Sphere","floor":24.0,"turns":3.0},{"damage":0.0,"enemies":"Snake Plant","floor":28.0,"turns":4.0},{"damage":1.0,"enemies":"Gremlin Leader","floor":29.0,"turns":6.0},{"damage":0.0,"enemies":"Automaton","floor":33.0,"turns":5.0},{"damage":2.0,"enemies":"3 Shapes","floor":35.0,"turns":3.0},{"damage":0.0,"enemies":"Mind Bloom Boss Battle","floor":36.0,"turns":6.0},{"damage":0.0,"enemies":"Reptomancer","floor":40.0,"turns":2.0},{"damage":0.0,"enemies":"Giant Head","floor":41.0,"turns":4.0},{"damage":1.0,"enemies":"Orb Walker","floor":42.0,"turns":2.0},{"damage":0.0,"enemies":"Reptomancer","floor":46.0,"turns":2.0},{"damage":1.0,"enemies":"Giant Head","floor":48.0,"turns":2.0},{"damage":6.0,"enemies":"Awakened One","floor":50.0,"turns":4.0},{"damage":0.0,"enemies":"Time Eater","floor":51.0,"turns":10.0},{"damage":0.0,"enemies":"Shield and Spear","floor":55.0,"turns":2.0},{"damage":0,"enemies":"The Heart","floor":56,"turns":6}],"seed_played":"-4493116845717996770","potions_obtained":[{"floor":4.0,"key":"Weak Potion"},{"floor":6.0,"key":"SkillPotion"},{"floor":10.0,"key":"FearPotion"},{"floor":12.0,"key":"ColorlessPotion"},{"floor":14.0,"key":"LiquidMemories"},{"floor":18.0,"key":"Fire Potion"},{"floor":21.0,"key":"Block Potion"},{"floor":24.0,"key":"Fire Potion"},{"floor":28.0,"key":"Swift Potion"},{"floor":29.0,"key":"Strength Potion"},{"floor":35.0,"key":"Ambrosia"},{"floor":40.0,"key":"Fire Potion"},{"floor":46.0,"key":"BottledMiracle"}],"is_trial":false,"path_per_floor":["M","?","?","M","?","E","R","M","T","E","R","?","R","M","R","B",null,"M","?","$","M","M","E","M","R","T","R","M","E","R","$","R","B",null,"M","?","T","?","$","E","E","M","T","$","?","E","?","E","R","B","B",null,"R","$","E","B",null],"character_chosen":"WATCHER","items_purchased":["MentalFortress","DistilledChaos","Adaptation","Purity"],"campfire_rested":4,"item_purchase_floors":[20,20,39,54],"current_hp_per_floor":[61,54,54,54,59,59,59,59,59,54,54,19,19,20,20,11,61,58,58,58,54,45,11,13,38,38,63,65,66,66,66,66,68,85,85,87,87,87,87,89,91,92,92,92,92,94,94,95,105,99,105,105,105,105,107,107],"gold":72,"neow_bonus":"THREE_ENEMY_KILL","is_daily":false,"chose_seed":false,"campfire_upgraded":5,"win_rate":0.0,"timestamp":1613329729,"path_taken":["M","?","?","?","?","E","R","M","T","E","R","?","R","M","R","BOSS","M","?","$","?","M","E","M","R","T","R","M","E","R","?","R","BOSS","M","?","?","?","$","E","E","?","T","$","?","E","?","E","R","BOSS","BOSS","R","$","E","BOSS"],"items_purchased_type":["Card","Potion","Card","Card"],"build_version":"2020-12-22","purchased_purges":4,"victory":true,"max_hp_per_floor":[68,68,68,68,73,73,73,73,73,73,73,75,75,77,77,77,77,79,79,79,79,81,83,85,85,85,85,87,89,89,89,89,91,91,93,95,95,95,95,97,99,101,101,101,101,103,103,105,105,105,105,105,105,105,107,107],"card_choices":[{"not_picked":["PathToVictory","FlyingSleeves"],"picked":"TalkToTheHand","floor":1.0},{"not_picked":["WindmillStrike","Consecrate","Perseverance"],"picked":"SKIP","floor":4.0},{"not_picked":["FollowUp","Devotion"],"picked":"Conclude","floor":6.0},{"not_picked":["BowlingBash","ThirdEye"],"picked":"WheelKick","floor":8.0},{"not_picked":["Swivel","SashWhip"],"picked":"Adaptation","floor":10.0},{"not_picked":["Consecrate","Crescendo","PathToVictory"],"picked":"Singing Bowl","floor":12.0},{"not_picked":["ThirdEye","Sanctity","Nirvana"],"picked":"Singing Bowl","floor":14.0},{"not_picked":["Omniscience","Alpha"],"picked":"LessonLearned","floor":16.0},{"not_picked":["PathToVictory","FollowUp+1","JustLucky"],"picked":"Singing Bowl","floor":18.0},{"not_picked":["Halt","DeceiveReality"],"picked":"InnerPeace","floor":21.0},{"not_picked":["Nirvana","FlurryOfBlows","Evaluate"],"picked":"Singing Bowl","floor":22.0},{"not_picked":["MentalFortress","MasterReality","Protect"],"picked":"Singing Bowl","floor":23.0},{"not_picked":["SandsOfTime","Worship","BowlingBash"],"picked":"Singing Bowl","floor":24.0},{"not_picked":["EmptyFist+1","ClearTheMind","JustLucky"],"picked":"Singing Bowl","floor":28.0},{"not_picked":["PathToVictory+1","Sanctity+1","ThirdEye"],"picked":"Singing Bowl","floor":29.0},{"not_picked":["Brilliance","Devotion","Wish"],"picked":"Singing Bowl","floor":33.0},{"not_picked":["Consecrate"],"picked":"Singing Bowl","floor":35.0},{"not_picked":["MentalFortress"],"picked":"Singing Bowl","floor":36.0},{"not_picked":["EmptyFist"],"picked":"Singing Bowl","floor":40.0},{"not_picked":["Nirvana+1"],"picked":"Singing Bowl","floor":41.0},{"not_picked":["FlyingSleeves"],"picked":"Singing Bowl","floor":42.0},{"not_picked":["Wireheading"],"picked":"Singing Bowl","floor":46.0},{"not_picked":["WheelKick"],"picked":"Singing Bowl","floor":48.0},{"not_picked":["LikeWater"],"picked":"Singing Bowl","floor":55.0}],"player_experience":2967458,"relics_obtained":[{"floor":3.0,"key":"InkBottle"},{"floor":6.0,"key":"Lizard Tail"},{"floor":9.0,"key":"Singing Bowl"},{"floor":10.0,"key":"Boot"},{"floor":23.0,"key":"Akabeko"},{"floor":26.0,"key":"Bag of Marbles"},{"floor":29.0,"key":"Torii"},{"floor":36.0,"key":"WingedGreaves"},{"floor":40.0,"key":"Turnip"},{"floor":41.0,"key":"Pen Nib"},{"floor":43.0,"key":"Pantograph"},{"floor":46.0,"key":"Letter Opener"},{"floor":48.0,"key":"Eternal Feather"},{"floor":55.0,"key":"Mummified Hand"}],"event_choices":[{"cards_removed":["Defend_P"],"damage_healed":0.0,"max_hp_gain":0.0,"max_hp_loss":0.0,"gold_gain":0.0,"event_name":"Golden Wing","player_choice":"Card Removal","floor":2.0,"gold_loss":0.0,"damage_taken":7.0},{"damage_healed":0.0,"max_hp_gain":0.0,"max_hp_loss":0.0,"gold_gain":0.0,"event_name":"Wheel of Change","player_choice":"Relic","floor":3.0,"gold_loss":0.0,"damage_taken":0.0},{"damage_healed":0.0,"max_hp_gain":5.0,"max_hp_loss":0.0,"gold_gain":0.0,"event_name":"Big Fish","player_choice":"Donut","floor":5.0,"gold_loss":0.0,"damage_taken":0.0},{"damage_healed":0.0,"max_hp_gain":0.0,"max_hp_loss":0.0,"gold_gain":0.0,"event_name":"Dead Adventurer","player_choice":"Searched \u00272\u0027 times","floor":12.0,"gold_loss":0.0,"damage_taken":0.0,"relics_obtained":["Potion Belt"]},{"damage_healed":0.0,"max_hp_gain":0.0,"max_hp_loss":0.0,"gold_gain":0.0,"event_name":"WeMeetAgain","player_choice":"Gave Potion","floor":19.0,"gold_loss":0.0,"damage_taken":0.0,"relics_obtained":["Art of War"]},{"damage_healed":0.0,"max_hp_gain":0.0,"max_hp_loss":0.0,"gold_gain":0.0,"event_name":"MindBloom","player_choice":"Fight","floor":36.0,"gold_loss":0.0,"damage_taken":0.0},{"damage_healed":0.0,"max_hp_gain":0.0,"max_hp_loss":0.0,"gold_gain":0.0,"cards_transformed":["Strike_P"],"event_name":"Transmorgrifier","player_choice":"Transformed","floor":38.0,"gold_loss":0.0,"damage_taken":0.0,"cards_obtained":["TalkToTheHand"]},{"cards_removed":["BowlingBash"],"damage_healed":0.0,"max_hp_gain":0.0,"max_hp_loss":0.0,"gold_gain":0.0,"event_name":"Falling","player_choice":"Removed Attack","floor":45.0,"gold_loss":0.0,"damage_taken":0.0},{"damage_healed":0.0,"max_hp_gain":0.0,"max_hp_loss":0.0,"gold_gain":0.0,"event_name":"SecretPortal","player_choice":"Ignored","floor":47.0,"gold_loss":0.0,"damage_taken":0.0}],"is_beta":false,"boss_relics":[{"not_picked":["Coffee Dripper","Calling Bell"],"picked":"Astrolabe"},{"not_picked":["Philosopher\u0027s Stone","Pandora\u0027s Box"],"picked":"Busted Crown"}],"items_purged_floors":[20,31,39,44],"is_endless":false,"potions_floor_spawned":[4,6,10,12,14,18,21,24,28,29,35,40,46,55],"ascension_level":20}}