{"host":"15f3wpiimhe5yrng","time":1613299512,"event":{"mods":["BaseMod","Better Altar","Better Match","Better Note","Better Sensory Stone","Better Skull","Better Third Choice","BetterRewards","Bossed Relics","Colored Map","Downfall","GifTheSpireLib","Good Game Mod","Minty Spire (QoL Compilation)","Permanent Neow","Spire Arcade","StSLib","The Disciple","The Marked","The Servant 0.9.4"],"gold_per_floor":[99,99,99,24,24,24,24,24,24,24,24],"floor_reached":10,"language":"ENG","playtime":409,"items_purged":["Dualcast"],"score":111,"play_id":"8efd2c79-2df6-4ba6-aed3-1a7c52252505","local_time":"20210214114512","is_ascension_mode":true,"campfire_choices":[],"circlet_count":0,"master_deck":["AscendersBane","Strike_B","Strike_B","Strike_B","Defend_B","Defend_B","Defend_B","Defend_B","Zap","Secret Weapon","Gash","Scrape","Echo Form","Reinforced Body"],"relics":["REME:ComplimentaryCards","Ectoplasm","Sundial","Ancient Tea Set","Eternal Feather","PreservedInsect"],"acts_visited":["Exordium"],"potions_floor_usage":[6],"damage_taken":[{"damage":9,"enemies":"Small Slimes","floor":1,"turns":4},{"damage":10,"enemies":"2 Louse","floor":3,"turns":3},{"damage":22,"enemies":"Gremlin Nob","floor":6,"turns":4},{"damage":15,"enemies":"3 Sentries","floor":8,"turns":7},{"damage":28,"enemies":"Gremlin Nob","floor":10,"turns":3}],"seed_played":"-6002464350336248520","potions_obtained":[{"floor":3,"key":"Guardian:BlockOnCardUsePotion"}],"is_trial":false,"path_per_floor":["M","?","M","$","?","E","?","E","T","E"],"character_chosen":"DEFECT","items_purchased":[],"campfire_rested":0,"item_purchase_floors":[],"current_hp_per_floor":[59,59,49,49,49,27,27,12,12,0,0],"gold":24,"neow_bonus":"BOSS_RELIC","is_daily":false,"chose_seed":false,"campfire_upgraded":0,"win_rate":0.0,"timestamp":1613299512,"path_taken":["M","?","M","$","?","E","?","E","T","E"],"items_purchased_type":[],"build_version":"2020-12-22","purchased_purges":1,"victory":false,"max_hp_per_floor":[75,75,75,75,75,75,75,75,75,75,75],"card_choices":[{"not_picked":["Scrape","Steam"],"picked":"Gash","floor":1},{"not_picked":["Turbo","Rebound"],"picked":"Scrape","floor":3},{"not_picked":["Sweeping Beam","Genetic Algorithm"],"picked":"Echo Form","floor":6},{"not_picked":["Loop","Consume"],"picked":"Reinforced Body","floor":8}],"player_experience":150400,"relics_obtained":[{"floor":6,"key":"Ancient Tea Set"},{"floor":8,"key":"Eternal Feather"},{"floor":9,"key":"PreservedInsect"}],"event_choices":[{"damage_healed":0,"gold_gain":0,"player_choice":"Ignored","damage_taken":99,"max_hp_gain":0,"max_hp_loss":0,"event_name":"betterThird:BetterSerpent","floor":2,"gold_loss":0},{"cards_removed":["Strike_B"],"damage_healed":0,"gold_gain":0,"player_choice":"Forget","damage_taken":0,"max_hp_gain":0,"max_hp_loss":0,"event_name":"Living Wall","floor":7,"gold_loss":0}],"is_beta":false,"boss_relics":[],"items_purged_floors":[4],"is_endless":false,"potions_floor_spawned":[3],"killed_by":"Gremlin Nob","ascension_level":10}}