{"host":"gfxjwtol062e9znw","time":1613271641,"event":{"mods":["BaseMod","Colored Map","Minty Spire (QoL Compilation)","Rare Cards Sparkle","StSLib"],"gold_per_floor":[117,117,217,242,265,265,304,322,322,338,338,379,404,423,423,548,548,571,602,602,602,623,623,661,661,661,699,699,699,712,736,736,736,736],"floor_reached":33,"language":"ENG","playtime":2314,"items_purged":[],"score":475,"play_id":"f40d4454-4b75-4e4f-b2ad-d7e6a6335fbc","local_time":"20210214140041","is_ascension_mode":true,"campfire_choices":[{"floor":6.0,"key":"REST"},{"floor":11.0,"key":"REST"},{"floor":15.0,"key":"REST"},{"floor":23,"key":"REST"},{"data":"Fire Breathing","floor":25,"key":"SMITH"},{"floor":32,"key":"REST"}],"circlet_count":0,"master_deck":["AscendersBane","Strike_R","Strike_R","Strike_R","Strike_R","Strike_R","Defend_R","Defend_R","Defend_R","Defend_R","Bash","Perfected Strike","Shockwave","Ghostly Armor","Ghostly Armor","Carnage","Armaments","Fire Breathing+1","Cleave","Shrug It Off","Immolate","Whirlwind","Disarm","Infernal Blade+1","Reaper","Writhe","Seeing Red+1","Power Through"],"relics":["Burning Blood","Golden Idol","Peace Pipe","TungstenRod","Champion Belt","Mark of Pain","Red Mask","Bottled Tornado","White Beast Statue","Tiny Chest","Strawberry","PreservedInsect"],"acts_visited":["Exordium","TheCity"],"potions_floor_usage":[19,27,31,31,33],"damage_taken":[{"damage":12.0,"enemies":"Small Slimes","floor":1.0,"turns":3.0},{"damage":7.0,"enemies":"Jaw Worm","floor":4.0,"turns":5.0},{"damage":2.0,"enemies":"Cultist","floor":5.0,"turns":4.0},{"damage":27.0,"enemies":"Gremlin Nob","floor":7.0,"turns":5.0},{"damage":22.0,"enemies":"Exordium Wildlife","floor":8.0,"turns":8.0},{"damage":20.0,"enemies":"Large Slime","floor":10.0,"turns":8.0},{"damage":10.0,"enemies":"Lagavulin","floor":12.0,"turns":6.0},{"damage":0.0,"enemies":"3 Louse","floor":13.0,"turns":3.0},{"damage":14.0,"enemies":"Exordium Wildlife","floor":14.0,"turns":3.0},{"damage":44.0,"enemies":"Hexaghost","floor":16.0,"turns":11.0},{"damage":14.0,"enemies":"2 Thieves","floor":18.0,"turns":3.0},{"damage":56,"enemies":"Masked Bandits","floor":19,"turns":5},{"damage":1,"enemies":"3 Byrds","floor":22,"turns":5},{"damage":19,"enemies":"Book of Stabbing","floor":24,"turns":6},{"damage":33,"enemies":"Slavers","floor":27,"turns":5},{"damage":2,"enemies":"3 Cultists","floor":30,"turns":5},{"damage":11,"enemies":"Snake Plant","floor":31,"turns":4},{"damage":72,"enemies":"Collector","floor":33,"turns":8}],"seed_played":"29819457128066484","potions_obtained":[{"floor":5.0,"key":"Dexterity Potion"},{"floor":10.0,"key":"Energy Potion"},{"floor":12.0,"key":"SteroidPotion"},{"floor":13.0,"key":"DuplicationPotion"},{"floor":18.0,"key":"BlessingOfTheForge"},{"floor":22,"key":"GamblersBrew"},{"floor":27,"key":"Swift Potion"},{"floor":30,"key":"EssenceOfSteel"},{"floor":31,"key":"SpeedPotion"}],"is_trial":false,"path_per_floor":["M","?","?","M","M","R","E","M","T","M","R","E","M","M","R","B",null,"M","?","?","?","M","R","E","R","T","E","?","T","M","M","R","B"],"character_chosen":"IRONCLAD","items_purchased":[],"campfire_rested":5,"item_purchase_floors":[],"current_hp_per_floor":[66,46,46,45,49,73,52,36,36,22,46,42,48,40,64,26,67,59,9,9,35,40,64,51,51,51,24,31,31,43,38,64,0,0],"gold":736,"neow_bonus":"THREE_CARDS","is_daily":false,"chose_seed":false,"campfire_upgraded":1,"win_rate":0.0,"timestamp":1613271641,"path_taken":["M","?","?","M","M","R","E","M","T","?","R","E","M","M","R","BOSS","M","?","?","?","M","R","E","R","T","E","?","?","M","?","R","BOSS"],"items_purchased_type":[],"build_version":"2020-12-22","purchased_purges":0,"victory":false,"max_hp_per_floor":[80,80,80,80,80,80,80,80,80,80,80,80,80,80,80,80,80,80,80,80,80,80,80,80,80,80,80,87,87,87,87,87,87,87],"card_choices":[{"not_picked":["Clash","Blood for Blood"],"picked":"Perfected Strike","floor":0.0},{"not_picked":["Flex","Sword Boomerang"],"picked":"Shockwave","floor":1.0},{"not_picked":["Blood for Blood","Inflame"],"picked":"Ghostly Armor","floor":4.0},{"not_picked":["Perfected Strike","Anger"],"picked":"Ghostly Armor","floor":5.0},{"not_picked":["Fiend Fire","Sentinel","Havoc"],"picked":"SKIP","floor":7.0},{"not_picked":["Twin Strike","Sword Boomerang"],"picked":"Carnage","floor":8.0},{"not_picked":["Heavy Blade","Havoc"],"picked":"Armaments","floor":10.0},{"not_picked":["Cleave","Shockwave"],"picked":"Fire Breathing","floor":12.0},{"not_picked":["True Grit","Twin Strike"],"picked":"Cleave","floor":13.0},{"not_picked":["Sever Soul","True Grit"],"picked":"Shrug It Off","floor":14.0},{"not_picked":["Brutality","Demon Form"],"picked":"Immolate","floor":16.0},{"not_picked":["Sentinel","Combust","Flex"],"picked":"SKIP","floor":18.0},{"not_picked":["Clash","Sword Boomerang"],"picked":"Whirlwind","floor":19},{"not_picked":["Shrug It Off","Spot Weakness+1"],"picked":"Disarm","floor":22},{"not_picked":["Clothesline","Sentinel+1"],"picked":"Infernal Blade+1","floor":24},{"not_picked":["Headbutt","Twin Strike"],"picked":"Reaper","floor":27},{"not_picked":["Iron Wave","Disarm"],"picked":"Seeing Red+1","floor":30},{"not_picked":["Bloodletting","Clothesline"],"picked":"Power Through","floor":31}],"player_experience":169747,"relics_obtained":[{"floor":7.0,"key":"Peace Pipe"},{"floor":9.0,"key":"TungstenRod"},{"floor":12.0,"key":"Champion Belt"},{"floor":19,"key":"Red Mask"},{"floor":24,"key":"Bottled Tornado"},{"floor":26,"key":"White Beast Statue"},{"floor":27,"key":"Tiny Chest"},{"floor":29,"key":"PreservedInsect"}],"event_choices":[{"damage_healed":0.0,"max_hp_gain":0.0,"max_hp_loss":0.0,"gold_gain":0.0,"event_name":"Golden Idol","player_choice":"Take Damage","floor":2.0,"gold_loss":0.0,"damage_taken":20.0,"relics_obtained":["Golden Idol"]},{"damage_healed":0.0,"max_hp_gain":0.0,"max_hp_loss":0.0,"gold_gain":100.0,"event_name":"Golden Shrine","player_choice":"Pray","floor":3.0,"gold_loss":0.0,"damage_taken":0.0},{"damage_healed":0,"gold_gain":0,"player_choice":"Fought Bandits","damage_taken":0,"max_hp_gain":0,"max_hp_loss":0,"event_name":"Masked Bandits","floor":19,"gold_loss":0},{"damage_healed":0,"gold_gain":0,"player_choice":"Ignored","damage_taken":0,"max_hp_gain":0,"max_hp_loss":0,"event_name":"Ghosts","floor":20,"gold_loss":0},{"damage_healed":26,"gold_gain":0,"player_choice":"Heal","damage_taken":0,"max_hp_gain":0,"max_hp_loss":0,"event_name":"The Library","floor":21,"gold_loss":0},{"damage_healed":0,"gold_gain":0,"player_choice":"Opened","damage_taken":0,"relics_obtained":["Strawberry"],"max_hp_gain":0,"max_hp_loss":0,"event_name":"The Mausoleum","floor":28,"gold_loss":0,"cards_obtained":["Writhe"]}],"is_beta":false,"boss_relics":[{"not_picked":["Sozu","SacredBark"],"picked":"Mark of Pain"}],"items_purged_floors":[],"is_endless":false,"potions_floor_spawned":[5,10,12,13,18,22,27,30,31],"killed_by":"Collector","ascension_level":12}}