{"host":"8is2j71l4wmybkoi","time":1613311543,"event":{"mods":["AchievementEnabler","BaseMod","Colored Map","DeckTracker","Minty Spire (QoL Compilation)","Rare Cards Sparkle","Relic Stats","StSLib","SuperFastMode"],"gold_per_floor":[212,222,239,239,62,103,103,147,147,185,198,198,198,213,213,308,308,308,324,340,359,377,377,377],"floor_reached":23,"language":"KOR","playtime":902,"items_purged":[],"score":376,"play_id":"b0bdc065-f7d1-4523-adba-8eb83397dd1c","local_time":"20210214230543","is_ascension_mode":true,"campfire_choices":[{"data":"Apotheosis","floor":7,"key":"SMITH"},{"data":"Body Slam","floor":15,"key":"SMITH"}],"circlet_count":0,"master_deck":["AscendersBane","Strike_R","Strike_R","Strike_R","Strike_R","Strike_R","Defend_R","Defend_R","Defend_R","Defend_R","Bash","Rage","Battle Trance","Cleave","Apotheosis+1","Body Slam+1","Uppercut","Fire Breathing+1","Double Tap","Immolate","Power Through"],"relics":["Burning Blood","Golden Idol","Pantograph","Meat on the Bone","Frozen Egg 2","Question Card","Dream Catcher","Fusion Hammer"],"acts_visited":["Exordium","TheCity"],"potions_floor_usage":[6,8,11,18,21,22],"damage_taken":[{"damage":4,"enemies":"Small Slimes","floor":1,"turns":4},{"damage":12,"enemies":"Jaw Worm","floor":2,"turns":2},{"damage":1,"enemies":"Cultist","floor":3,"turns":4},{"damage":16,"enemies":"Gremlin Nob","floor":6,"turns":4},{"damage":10,"enemies":"3 Sentries","floor":8,"turns":5},{"damage":7,"enemies":"Lagavulin","floor":10,"turns":7},{"damage":0,"enemies":"Gremlin Gang","floor":11,"turns":2},{"damage":24,"enemies":"Exordium Wildlife","floor":14,"turns":4},{"damage":25,"enemies":"The Guardian","floor":16,"turns":15},{"damage":0,"enemies":"2 Thieves","floor":18,"turns":1},{"damage":7,"enemies":"Shell Parasite","floor":19,"turns":4},{"damage":21,"enemies":"Centurion and Healer","floor":20,"turns":6},{"damage":53,"enemies":"Snecko","floor":21,"turns":5},{"damage":21,"enemies":"Snake Plant","floor":22,"turns":4},{"damage":30,"enemies":"Book of Stabbing","floor":23,"turns":3}],"seed_played":"1064201574010099491","potions_obtained":[{"floor":1,"key":"Dexterity Potion"},{"floor":3,"key":"SteroidPotion"},{"floor":10,"key":"Explosive Potion"},{"floor":13,"key":"Energy Potion"},{"floor":13,"key":"SmokeBomb"},{"floor":20,"key":"BloodPotion"},{"floor":21,"key":"GamblersBrew"}],"is_trial":false,"path_per_floor":["M","M","M","?","$","E","R","E","T","E","M","?","?","M","R","B",null,"M","M","M","M","M","E"],"character_chosen":"IRONCLAD","items_purchased":["Apotheosis"],"campfire_rested":0,"item_purchase_floors":[5],"current_hp_per_floor":[70,64,69,68,68,58,58,54,54,53,59,54,54,48,48,49,63,68,67,52,30,27,0,0],"gold":377,"neow_bonus":"HUNDRED_GOLD","is_daily":false,"chose_seed":false,"campfire_upgraded":2,"win_rate":0.0,"timestamp":1613311543,"path_taken":["M","M","M","?","$","E","R","E","T","E","M","?","?","M","R","BOSS","M","M","M","M","?","E"],"items_purchased_type":["Card"],"build_version":"2020-12-22","purchased_purges":0,"victory":false,"max_hp_per_floor":[75,75,75,68,68,68,68,68,68,68,68,68,68,68,68,68,68,68,68,68,68,68,68,68],"relic_stats":{"Dream Catcher":0,"counters":[15,70],"Golden Idol":68,"Pantograph":20,"Question Card":7,"obtain_stats":[{"Dream Catcher":12,"Golden Idol":4,"Pantograph":6,"Fusion Hammer":17,"Frozen Egg 2":9,"Question Card":10,"Burning Blood":0,"Meat on the Bone":8},{"Dream Catcher":7,"Golden Idol":3,"Pantograph":4,"Fusion Hammer":9,"Frozen Egg 2":5,"Question Card":6,"Burning Blood":0,"Meat on the Bone":5},{"Dream Catcher":28,"Golden Idol":10,"Pantograph":14,"Fusion Hammer":47,"Frozen Egg 2":19,"Question Card":26,"Burning Blood":0,"Meat on the Bone":19}],"Burning Blood":83,"Meat on the Bone":36},"card_choices":[{"not_picked":["Clash","Thunderclap"],"picked":"Rage","floor":1},{"not_picked":["Perfected Strike","Spot Weakness"],"picked":"Battle Trance","floor":2},{"not_picked":["Burning Pact","Clash"],"picked":"Cleave","floor":3},{"not_picked":["Perfected Strike","Blood for Blood"],"picked":"Body Slam","floor":6},{"not_picked":["Pommel Strike","Bloodletting"],"picked":"Uppercut","floor":8},{"not_picked":["Ghostly Armor","Uppercut","Flex"],"picked":"SKIP","floor":10},{"not_picked":["Whirlwind","Second Wind","Battle Trance"],"picked":"Fire Breathing+1","floor":11},{"not_picked":["Sword Boomerang","Sentinel","Clothesline"],"picked":"Double Tap","floor":14},{"not_picked":["Bludgeon","Impervious","Corruption+1"],"picked":"Immolate","floor":16},{"not_picked":["Infernal Blade","Perfected Strike","Inflame+1","Twin Strike"],"picked":"SKIP","floor":19},{"not_picked":["Wild Strike","Clash","Twin Strike","Armaments"],"picked":"SKIP","floor":20},{"not_picked":["Shrug It Off","Intimidate","Cleave"],"picked":"Power Through","floor":21},{"not_picked":["Clothesline","Havoc","Fire Breathing+1","Demon Form+1"],"picked":"SKIP","floor":22},{"not_picked":["Clothesline","Havoc","Fire Breathing+1","Demon Form+1"],"picked":"SKIP","floor":22}],"player_experience":1211220,"relics_obtained":[{"floor":6,"key":"Pantograph"},{"floor":8,"key":"Meat on the Bone"},{"floor":9,"key":"Frozen Egg 2"},{"floor":10,"key":"Question Card"}],"event_choices":[{"damage_healed":0,"gold_gain":0,"player_choice":"Lose Max HP","damage_taken":0,"relics_obtained":["Golden Idol"],"max_hp_gain":0,"max_hp_loss":7,"event_name":"Golden Idol","floor":4,"gold_loss":0},{"damage_healed":0,"gold_gain":0,"player_choice":"Success","damage_taken":5,"relics_obtained":["Dream Catcher"],"max_hp_gain":0,"max_hp_loss":0,"event_name":"Scrap Ooze","floor":12,"gold_loss":0},{"damage_healed":0,"gold_gain":0,"player_choice":"Got Potions","damage_taken":0,"max_hp_gain":0,"max_hp_loss":0,"event_name":"Lab","floor":13,"gold_loss":0}],"is_beta":false,"boss_relics":[{"not_picked":["Runic Pyramid","Cursed Key"],"picked":"Fusion Hammer"}],"items_purged_floors":[],"is_endless":false,"potions_floor_spawned":[1,3,10,14,18,20,21],"killed_by":"Book of Stabbing","ascension_level":15}}