{"host":"ndpbn7fqb3wjbd7p","time":1613341703,"event":{"mods":["AchievementEnabler","Act Like it!","AlwaysNeverKeys","BaseMod","Better Vampires","Block Reminder","Colored Powertips","DeckTracker","Defuse TimeMaze Blight","Friendly Minions","Hermit","Highlight Path","MarisaÅiñ∂âJÅ@ñÇóùçπÅj","Minty Spire (QoL Compilation)","Permanent Neow","Shade Mod","StSLib","SuperFastMode","Synergy Search","The Mystic","Unceasing Turn Reminder","Wandering Minibosses"],"gold_per_floor":[14,14,14,38,58,58,73,73,73,112,37,37,80,98,98,188,188,151,151,151,165,65,65,80,80,80,80,80],"floor_reached":27,"language":"ENG","playtime":1409,"items_purged":["Strike_B","Strike_B"],"score":365,"play_id":"e893e32d-b8c8-4ad1-9b08-303d967d1f13","local_time":"20210214232823","is_ascension_mode":true,"campfire_choices":[{"data":"Consume","floor":6,"key":"SMITH"},{"data":"Capacitor","floor":8,"key":"SMITH"},{"data":"Zap","floor":15,"key":"SMITH"},{"data":"Genetic Algorithm","floor":23,"key":"SMITH"},{"data":"Dualcast","floor":25,"key":"SMITH"}],"circlet_count":0,"master_deck":["AscendersBane","Defend_B","Defend_B","Defend_B","Defend_B","Zap+1","Dualcast+1","Consume+1","Ball Lightning","Capacitor+1","Self Repair","White Noise","Coolheaded","Electrodynamics","Genetic Algorithm+1","Auto Shields"],"relics":["Pocketwatch","Golden Idol","StrikeDummy","Kunai","Mango","Inserter","Darkstone Periapt"],"acts_visited":["Exordium","TheCity"],"potions_floor_usage":[16,16,24],"damage_taken":[{"damage":0,"enemies":"2 Louse","floor":1,"turns":2},{"damage":2,"enemies":"Jaw Worm","floor":4,"turns":3},{"damage":8,"enemies":"Small Slimes","floor":5,"turns":3},{"damage":16,"enemies":"3 Louse","floor":7,"turns":4},{"damage":25,"enemies":"3 Sentries","floor":10,"turns":6},{"damage":20,"enemies":"Lagavulin","floor":13,"turns":6},{"damage":15,"enemies":"Exordium Thugs","floor":14,"turns":5},{"damage":17,"enemies":"The Guardian","floor":16,"turns":10},{"damage":28,"enemies":"Shell Parasite","floor":18,"turns":7},{"damage":34,"enemies":"3 Byrds","floor":21,"turns":3},{"damage":19,"enemies":"Snake Plant","floor":24,"turns":5},{"damage":19,"enemies":"Sentry and Sphere","floor":27,"turns":4}],"seed_played":"-5092902385827231239","potions_obtained":[{"floor":4,"key":"Dexterity Potion"},{"floor":13,"key":"SkillPotion"},{"floor":16,"key":"Dexterity Potion"},{"floor":18,"key":"Strength Potion"}],"is_trial":false,"path_per_floor":["M","?","?","M","M","R","M","R","T","E","$","?","E","M","R","B",null,"M","?","?","M","$","R","M","R","T","M"],"character_chosen":"DEFECT","items_purchased":[],"campfire_rested":0,"item_purchase_floors":[],"current_hp_per_floor":[68,68,68,66,58,58,42,42,42,17,17,40,41,33,33,23,68,47,47,47,20,20,20,15,15,15,0,0],"gold":80,"neow_bonus":"ONE_RARE_RELIC","is_daily":false,"chose_seed":false,"campfire_upgraded":5,"win_rate":0.0,"timestamp":1613341703,"path_taken":["M","?","?","M","M","R","M","R","T","E","?","?","E","M","R","BOSS","M","?","?","M","$","R","?","R","T","M"],"items_purchased_type":[],"build_version":"2020-12-22","purchased_purges":2,"victory":false,"max_hp_per_floor":[75,69,69,69,69,69,69,69,69,69,69,69,83,83,83,83,83,83,83,83,83,83,83,83,83,83,83,83],"card_choices":[{"not_picked":["Compile Driver","Ball Lightning"],"picked":"Consume","floor":1},{"not_picked":["Reprogram","Gash"],"picked":"Ball Lightning","floor":4},{"not_picked":["Go for the Eyes","Streamline","Rip and Tear"],"picked":"SKIP","floor":5},{"not_picked":["BootSequence","Ball Lightning"],"picked":"Capacitor","floor":7},{"not_picked":["Ball Lightning","Heatsinks"],"picked":"Self Repair","floor":10},{"not_picked":["Reprogram","Doom and Gloom"],"picked":"White Noise","floor":13},{"not_picked":["Sweeping Beam","Amplify"],"picked":"Coolheaded","floor":14},{"not_picked":["Hyperbeam","Multi-Cast"],"picked":"Electrodynamics","floor":16},{"not_picked":["Redo","Go for the Eyes"],"picked":"Genetic Algorithm","floor":18},{"not_picked":["Compile Driver","FTL","Blizzard"],"picked":"SKIP","floor":21},{"not_picked":["Reprogram","Scrape"],"picked":"Auto Shields","floor":24}],"player_experience":1229950,"relics_obtained":[{"floor":9,"key":"StrikeDummy"},{"floor":10,"key":"Kunai"},{"floor":13,"key":"Mango"},{"floor":26,"key":"Darkstone Periapt"}],"event_choices":[{"damage_healed":0,"gold_gain":0,"player_choice":"Lose Max HP","damage_taken":0,"relics_obtained":["Golden Idol"],"max_hp_gain":0,"max_hp_loss":6,"event_name":"Golden Idol","floor":2,"gold_loss":0},{"cards_removed":["Strike_B"],"damage_healed":0,"gold_gain":0,"player_choice":"Forget","damage_taken":0,"max_hp_gain":0,"max_hp_loss":0,"event_name":"Living Wall","floor":3,"gold_loss":0},{"damage_healed":23,"gold_gain":0,"player_choice":"Banana","damage_taken":0,"max_hp_gain":0,"max_hp_loss":0,"event_name":"Big Fish","floor":12,"gold_loss":0},{"cards_removed":["Strike_B"],"damage_healed":0,"gold_gain":0,"player_choice":"Elegance","damage_taken":0,"max_hp_gain":0,"max_hp_loss":0,"event_name":"Back to Basics","floor":19,"gold_loss":0},{"damage_healed":0,"gold_gain":0,"player_choice":"Ignored","damage_taken":0,"max_hp_gain":0,"max_hp_loss":0,"event_name":"The Mausoleum","floor":20,"gold_loss":0}],"is_beta":false,"boss_relics":[{"not_picked":["Velvet Choker","Astrolabe"],"picked":"Inserter"}],"items_purged_floors":[11,22],"is_endless":false,"potions_floor_spawned":[4,13,14,16,18],"killed_by":"Sentry and Sphere","ascension_level":13}}