{"host":"2p3jwbtacxwf1d73","time":1613274483,"event":{"mods":["BaseMod","Colored Powertips","Hermit","Hubris","Minty Spire (QoL Compilation)","Potionbrewer","Quick Restart","Reliquary","Small Relic Pack","StSLib","The Cursed","The Death Knight","The Gatherer","The Hierophant","The Necromancer","The Servant 0.9.4"],"gold_per_floor":[114,114,114,124,141,174,174,55,55,55,75,0,20,31,31,128,128,142,142,159,13,28,28,28,42,42,56,56,56,74,92,92,192,192,209,224,20,33,53,79,79,92,92,111,0,45,45,56,56,56],"floor_reached":51,"language":"ENG","playtime":2208,"items_purged":[],"score":760,"play_id":"571b8c77-e050-4ba1-8d97-3bf8eece7252","local_time":"20210213214803","daily_mods":["SealedDeck","Heirloom"],"is_ascension_mode":false,"campfire_choices":[{"floor":7,"key":"DIG"},{"floor":10,"key":"DIG"},{"floor":15,"key":"REST"},{"floor":23,"key":"REST"},{"floor":29,"key":"DIG"},{"floor":32,"key":"DIG"},{"floor":41,"key":"REST"},{"floor":49,"key":"REST"}],"circlet_count":0,"master_deck":["Escape Plan","Blade Dance","Backflip+1","Backflip","Quick Slash","Blade Dance","Dagger Spray","Accuracy","Infinite Blades","Accuracy","Flying Knee","Venomology+1","A Thousand Cuts","Cloak And Dagger","Blade Dance+1","Calculated Gamble+1"],"relics":["Ring of the Snake","Shovel","Dream Catcher","DeathKnight:PutricidesVial","reliquary:Firecrackers","Singing Bowl","SacredBark","potionbrewer:Torch","PreservedInsect","reliquary:RoseTintedGlasses","WristBlade","hubris:HerbalPaste","Torii","The Courier","Red Mask","reliquary:TatteredRug"],"acts_visited":["Exordium","TheCity","TheBeyond"],"potions_floor_usage":[8,11,13,16,18,22,22,25,25,27,30,30,31,31,33,33,36,36,38,39,39,40,42,42,44,48,50,50,50,50],"damage_taken":[{"damage":0,"enemies":"Cultist","floor":1,"turns":2},{"damage":0,"enemies":"2 Louse","floor":4,"turns":2},{"damage":0,"enemies":"Jaw Worm","floor":5,"turns":2},{"damage":10,"enemies":"3 Sentries","floor":6,"turns":4},{"damage":10,"enemies":"Exordium Thugs","floor":11,"turns":2},{"damage":0,"enemies":"2 Fungi Beasts","floor":13,"turns":2},{"damage":0,"enemies":"Large Slime","floor":14,"turns":2},{"damage":42,"enemies":"Hexaghost","floor":16,"turns":4},{"damage":5,"enemies":"2 Thieves","floor":18,"turns":3},{"damage":0,"enemies":"3 Byrds","floor":20,"turns":3},{"damage":20,"enemies":"Sentry and Sphere","floor":22,"turns":4},{"damage":4,"enemies":"Snecko","floor":25,"turns":4},{"damage":0,"enemies":"Shelled Parasite and Fungi","floor":27,"turns":3},{"damage":0,"enemies":"Snake Plant","floor":30,"turns":4},{"damage":0,"enemies":"Centurion and Healer","floor":31,"turns":3},{"damage":10,"enemies":"hubris:MusketHawk","floor":33,"turns":6},{"damage":30,"enemies":"3 Shapes","floor":35,"turns":3},{"damage":40,"enemies":"3 Darklings","floor":36,"turns":3},{"damage":1,"enemies":"Transient","floor":38,"turns":5},{"damage":0,"enemies":"Spire Growth","floor":39,"turns":1},{"damage":0,"enemies":"Giant Head","floor":40,"turns":4},{"damage":0,"enemies":"4 Shapes","floor":42,"turns":1},{"damage":7,"enemies":"Sphere and 2 Shapes","floor":44,"turns":3},{"damage":22,"enemies":"Transient","floor":48,"turns":5},{"damage":19,"enemies":"Time Eater","floor":50,"turns":6}],"seed_played":"1350047849016448678","potions_obtained":[{"floor":1,"key":"FearPotion"},{"floor":5,"key":"potionbrewer:BlacksmithPotion"},{"floor":13,"key":"potionbrewer:ToxicPotion"},{"floor":16,"key":"DeathKnight:RimePotion"},{"floor":22,"key":"potionbrewer:BoundlessPotion"},{"floor":25,"key":"potionbrewer:EndurancePotion"},{"floor":31,"key":"potionbrewer:QuicksilverPotion"},{"floor":33,"key":"GamblersBrew"},{"floor":39,"key":"potionbrewer:QuicksilverPotion"},{"floor":40,"key":"CultistPotion"},{"floor":42,"key":"Weak Potion"}],"is_trial":true,"path_per_floor":["M","?","?","M","M","E","R","$","T","R","M","$","M","M","R","B",null,"M","?","M","$","M","R","?","M","T","M","?","R","M","M","R","B",null,"M","M","$","M","M","E","R","M","T","M","?","T","$","M","R","B",null],"character_chosen":"THE_SILENT","items_purchased":["Accuracy","Block Potion","potionbrewer:MidasPotion","A Thousand Cuts","hubris:HerbalPaste","Energy Potion"],"campfire_rested":4,"item_purchase_floors":[8,8,12,21,37,37],"current_hp_per_floor":[70,70,70,70,70,60,60,60,60,60,52,52,54,56,76,34,76,73,67,69,69,49,75,75,73,73,75,75,75,77,79,79,71,92,64,26,26,31,33,41,71,73,73,73,73,73,73,59,92,79],"gold":56,"neow_bonus":"","is_daily":false,"chose_seed":false,"campfire_upgraded":0,"win_rate":0.0,"timestamp":1613274483,"path_taken":["M","?","?","M","M","E","R","$","T","R","M","$","?","M","R","BOSS","M","?","M","$","?","R","?","M","T","M","?","R","M","M","R","BOSS","M","?","$","M","M","E","R","?","T","M","?","?","?","M","R","BOSS"],"items_purchased_type":["Card","Potion","Potion","Card","Relic","Potion"],"build_version":"2020-12-22","purchased_purges":0,"victory":true,"max_hp_per_floor":[70,70,70,70,70,70,70,70,70,70,72,72,74,76,76,76,76,78,78,80,80,80,82,82,84,84,86,86,86,88,90,90,92,92,94,96,96,96,98,100,100,102,102,104,104,104,104,106,108,108],"card_choices":[{"not_picked":["Bane","Poisoned Stab","Endless Agony"],"picked":"SKIP","floor":1},{"not_picked":["Bouncing Flask","Leg Sweep","Dagger Spray"],"picked":"SKIP","floor":4},{"not_picked":["Tactician","Dash","Crippling Poison"],"picked":"SKIP","floor":5},{"not_picked":["Masterful Stab","Dagger Throw","Deadly Poison"],"picked":"SKIP","floor":6},{"not_picked":["Prepared","Quick Slash","Dodge and Roll"],"picked":"Singing Bowl","floor":11},{"not_picked":["Sucker Punch","Catalyst","Malaise"],"picked":"Singing Bowl","floor":13},{"not_picked":["Backflip","Sucker Punch","PiercingWail"],"picked":"Singing Bowl","floor":14},{"not_picked":["Crippling Poison","Footwork"],"picked":"Flying Knee","floor":15},{"not_picked":["Malaise","Corpse Explosion"],"picked":"Venomology","floor":16},{"not_picked":["Deflect","Sucker Punch","Catalyst"],"picked":"Singing Bowl","floor":18},{"not_picked":["Deflect","Distraction","Deadly Poison"],"picked":"Singing Bowl","floor":20},{"not_picked":["Flying Knee","Dash"],"picked":"Cloak And Dagger","floor":22},{"not_picked":["Noxious Fumes+1","Escape Plan","hubris:SlightOfHand"],"picked":"Singing Bowl","floor":23},{"not_picked":["Dash","Eviscerate","Prepared"],"picked":"Singing Bowl","floor":25},{"not_picked":["Quick Slash","PiercingWail","hubris:SlightOfHand"],"picked":"Singing Bowl","floor":27},{"not_picked":["Sucker Punch","Calculated Gamble","Acrobatics"],"picked":"Singing Bowl","floor":30},{"not_picked":["Sucker Punch","Well Laid Plans+1","Dagger Spray+1"],"picked":"Singing Bowl","floor":31},{"not_picked":["Corpse Explosion","Venomology","Burst"],"picked":"Singing Bowl","floor":33},{"not_picked":["Dagger Spray+1","Deflect+1","Outmaneuver"],"picked":"Singing Bowl","floor":35},{"not_picked":["Sucker Punch","hubris:TrickCloak+1","Slice"],"picked":"Singing Bowl","floor":36},{"not_picked":["Outmaneuver+1","Underhanded Strike+1"],"picked":"Blade Dance+1","floor":38},{"not_picked":["Expertise+1","Night Terror","Outmaneuver+1"],"picked":"Singing Bowl","floor":39},{"not_picked":["Predator","Terror","Poisoned Stab"],"picked":"Singing Bowl","floor":40},{"not_picked":["Poisoned Stab+1","Riddle With Holes"],"picked":"Calculated Gamble+1","floor":41},{"not_picked":["Heel Hook","Flechettes","Dagger Spray"],"picked":"Singing Bowl","floor":42},{"not_picked":["hubris:Counter","Acrobatics+1","Quick Slash"],"picked":"Singing Bowl","floor":44},{"not_picked":["Dodge and Roll+1","Poisoned Stab","Backflip+1"],"picked":"Singing Bowl","floor":48},{"not_picked":["Quick Slash","Eviscerate+1","Skewer+1"],"picked":"Singing Bowl","floor":49}],"player_experience":473265,"relics_obtained":[{"floor":6,"key":"Dream Catcher"},{"floor":7,"key":"DeathKnight:PutricidesVial"},{"floor":9,"key":"reliquary:Firecrackers"},{"floor":10,"key":"Singing Bowl"},{"floor":26,"key":"potionbrewer:Torch"},{"floor":29,"key":"PreservedInsect"},{"floor":32,"key":"reliquary:RoseTintedGlasses"},{"floor":40,"key":"Torii"},{"floor":43,"key":"The Courier"},{"floor":46,"key":"reliquary:TatteredRug"}],"event_choices":[{"damage_healed":0,"gold_gain":0,"player_choice":"Ignored","damage_taken":0,"max_hp_gain":0,"max_hp_loss":0,"event_name":"Liars Game","floor":2,"gold_loss":0},{"cards_removed":["Dagger Throw"],"damage_healed":0,"gold_gain":0,"player_choice":"Purged","damage_taken":0,"max_hp_gain":0,"max_hp_loss":0,"event_name":"Purifier","floor":3,"gold_loss":0},{"damage_healed":0,"gold_gain":0,"player_choice":"","damage_taken":6,"max_hp_gain":0,"max_hp_loss":0,"event_name":"Knowing Skull","floor":19,"potions_obtained":[],"gold_loss":0,"cards_obtained":[]},{"damage_healed":0,"gold_gain":0,"player_choice":"Forge","damage_taken":0,"max_hp_gain":0,"max_hp_loss":0,"event_name":"Accursed Blacksmith","floor":28,"gold_loss":0,"cards_upgraded":["Venomology"]},{"damage_healed":0,"gold_gain":0,"player_choice":"Paid","damage_taken":0,"relics_obtained":["Red Mask"],"max_hp_gain":0,"max_hp_loss":0,"event_name":"Tomb of Lord Red Mask","floor":45,"gold_loss":111}],"is_beta":false,"boss_relics":[{"not_picked":["reliquary:RedPaperclip","relicPack:StarArrow"],"picked":"SacredBark"},{"not_picked":["reliquary:Ember","relicPack:KazumaCape"],"picked":"WristBlade"}],"items_purged_floors":[],"is_endless":false,"potions_floor_spawned":[1,5,13,16,22,25,31,33,39,40,42],"ascension_level":0}}