{"host":"lmshf3swj20gmdor","time":1613289852,"event":{"mods":["2.2 Compatiblity","BaseMod","Conspire","Downfall","Googly Eyes","Hubris","Minty Spire (QoL Compilation)","Replay The Spire","Spikes Relics","StSLib","Synergy Search","The Servant 0.9.4"],"gold_per_floor":[110,110,120,136,150,150,181,181,208,221,221,238,267,123,123,228,228,228,178,178,178,178,178,178,178,178,178,178,35,35,35,35,35,35,35,35,35,35,35,35,35,35,35,35,35,35,35,35,35,35],"floor_reached":51,"language":"ENG","playtime":2349,"items_purged":["Strike_S"],"score":1096,"play_id":"126c34d5-cee3-4921-8ad6-9c3dd1d5445f","local_time":"20210214080412","is_ascension_mode":false,"campfire_choices":[{"data":"MurderousAura","floor":6,"key":"SMITH"},{"data":"Hightail","floor":8,"key":"SMITH"},{"floor":15,"key":"REST"},{"data":"MurderousAura","floor":23,"key":"SMITH"},{"data":"InstantArmor","floor":25,"key":"SMITH"},{"data":"InstantArmor","floor":27,"key":"SMITH"},{"floor":32,"key":"DIG"},{"data":"SilverBlades","floor":40,"key":"SMITH"},{"data":"InstantArmor","floor":46,"key":"SMITH"},{"floor":49,"key":"DIG"}],"circlet_count":0,"master_deck":["Strike_S","Defend_S","Defend_S","Defend_S","Defend_S","KidneyShot","Exchange","MurderousAura+1","InstantArmor+1","BottledTime","Hightail+1","TheWorld","MurderousAura+1","InstantArmor+1","InstantArmor+1","SoulSculpture","Luminosity","SilverBlades+1","SoulSculpture","Luminosity","ReplayTheSpireMod:Limb From Limb"],"relics":["Uniform","Omamori","Smiling Mask","PocketWatch","Pan","Ectoplasm","hubris:DisguiseKit","hubris:SlimyHat","KneeBrace","Oddly Smooth Stone","Chameleon Ring","StoneMask","Pocketwatch","Blue Candle","Bronze Scales","Replay:Wax Seal"],"acts_visited":["Exordium","TheCity","TheBeyond"],"potions_floor_usage":[33,33,50],"damage_taken":[{"damage":5,"enemies":"Jaw Worm","floor":1,"turns":4},{"damage":0,"enemies":"Cultist","floor":3,"turns":4},{"damage":0,"enemies":"2 Louse","floor":4,"turns":3},{"damage":5,"enemies":"Gremlin Gang","floor":5,"turns":7},{"damage":10,"enemies":"Lagavulin","floor":7,"turns":7},{"damage":7,"enemies":"Exordium Thugs","floor":10,"turns":5},{"damage":0,"enemies":"2 Fungi Beasts","floor":12,"turns":3},{"damage":10,"enemies":"3 Sentries","floor":13,"turns":9},{"damage":10,"enemies":"Fading Forest","floor":16,"turns":11},{"damage":0,"enemies":"3 Byrds","floor":18,"turns":4},{"damage":0,"enemies":"Chosen","floor":20,"turns":5},{"damage":0,"enemies":"Snake Plant","floor":21,"turns":5},{"damage":0,"enemies":"Snecko","floor":22,"turns":7},{"damage":0,"enemies":"Book of Stabbing","floor":24,"turns":7},{"damage":11,"enemies":"Gremlin Leader","floor":28,"turns":6},{"damage":0,"enemies":"Book of Stabbing","floor":30,"turns":8},{"damage":0,"enemies":"3 Cultists","floor":31,"turns":3},{"damage":0,"enemies":"Pondfish","floor":33,"turns":12},{"damage":0,"enemies":"3 Darklings","floor":35,"turns":3},{"damage":0,"enemies":"Orb Walker","floor":36,"turns":3},{"damage":0,"enemies":"Spire Growth","floor":37,"turns":3},{"damage":0,"enemies":"Mind Bloom Boss Battle","floor":38,"turns":4},{"damage":4,"enemies":"4 Shapes","floor":39,"turns":4},{"damage":0,"enemies":"Sphere and 2 Shapes","floor":44,"turns":4},{"damage":17,"enemies":"3 Darklings","floor":45,"turns":3},{"damage":14,"enemies":"Jaw Worm Horde","floor":48,"turns":3},{"damage":21,"enemies":"hubris:GrandSnecko","floor":50,"turns":11}],"seed_played":"-7431318779653204741","potions_obtained":[{"floor":3,"key":"Swift Potion"},{"floor":5,"key":"PowerPotion"},{"floor":10,"key":"ColorlessPotion"},{"floor":35,"key":"Block Potion"},{"floor":36,"key":"Block Potion"}],"is_trial":false,"path_per_floor":["M","?","M","M","M","R","E","R","T","M","?","M","E","$","R","B",null,"M","$","M","M","M","R","E","R","T","R","E","$","E","M","R","B",null,"M","M","M","?","M","R","$","?","T","M","M","R","?","M","R","B",null],"character_chosen":"THE_SERVANT","items_purchased":["Pan","SoulSculpture"],"campfire_rested":1,"item_purchase_floors":[14,29],"current_hp_per_floor":[60,60,60,60,55,55,45,45,45,38,38,38,28,28,47,47,65,65,65,65,65,65,65,65,65,65,65,54,54,54,54,54,54,65,66,67,68,69,69,69,69,64,64,73,59,59,59,54,54,36],"gold":35,"neow_bonus":"ONE_RANDOM_RARE_CARD","is_daily":false,"chose_seed":false,"campfire_upgraded":7,"win_rate":0.0,"timestamp":1613289852,"path_taken":["M","?","M","?","M","R","E","R","T","M","?","M","E","$","R","BOSS","M","$","M","M","M","R","E","R","T","R","E","$","E","M","R","BOSS","M","?","M","?","M","R","$","?","T","M","M","R","?","M","R","BOSS"],"items_purchased_type":["Relic","Card"],"build_version":"2020-12-22","purchased_purges":1,"victory":true,"max_hp_per_floor":[65,65,65,65,65,65,65,65,65,65,65,65,65,65,65,65,65,65,65,65,65,65,65,65,65,65,65,65,65,65,65,65,65,65,66,67,68,69,73,73,73,73,73,76,77,77,77,80,80,81],"card_choices":[{"not_picked":["Revamp","Rewind"],"picked":"InstantArmor","floor":1},{"not_picked":["Snipe","Alleviate","Potential"],"picked":"SKIP","floor":3},{"not_picked":["Moondial","ShatteredReality"],"picked":"BottledTime","floor":4},{"not_picked":["DoubleEdge","Revamp"],"picked":"Ricochet","floor":5},{"not_picked":["BestPractice","ShatteredReality"],"picked":"Hightail","floor":7},{"not_picked":["Starlight","MoonPhase","FastForward"],"picked":"SKIP","floor":10},{"not_picked":["Deny","Potential","Revamp"],"picked":"SKIP","floor":12},{"not_picked":["Potential","RealityMarble"],"picked":"TheWorld","floor":13},{"not_picked":["FloweringNight","Dilation"],"picked":"MurderousAura","floor":16},{"not_picked":["Ricochet","TimeWarp","Rewind"],"picked":"SKIP","floor":18},{"not_picked":["Potential","Misdirection+1"],"picked":"InstantArmor","floor":20},{"not_picked":["Revamp","DoubleEdge","ShatteredReality+1"],"picked":"SKIP","floor":21},{"not_picked":["WasteNot+1","MoonPhase"],"picked":"InstantArmor","floor":22},{"not_picked":["Ricochet","ShiftingGears","Alleviate"],"picked":"SKIP","floor":24},{"not_picked":["TimeWarp","DualDimension","TimeTheft","Wild Strike"],"picked":"SKIP","floor":28},{"not_picked":["Shuttle","Replace","Invigoration"],"picked":"Luminosity","floor":30},{"not_picked":["Comet+1","Replace","Replay:Undeath\u0027s Touch"],"picked":"SilverBlades","floor":31},{"not_picked":["LightFlow","Deny","Immolate"],"picked":"SoulSculpture","floor":33},{"not_picked":["Rewind","Ricochet+1","Cleave"],"picked":"Luminosity","floor":35},{"not_picked":["SpecialFormula","Misdirection","Deadline","Clothesline"],"picked":"SKIP","floor":36},{"not_picked":["Unruled+1","ShatteredReality","DoubleEdge+1"],"picked":"ReplayTheSpireMod:Limb From Limb","floor":37},{"not_picked":["Hightail","FastForward+1","TimeWarp","Wild Strike"],"picked":"SKIP","floor":39},{"not_picked":["MoonPhase","Revamp","TimeWarp","Heavy Blade"],"picked":"SKIP","floor":44},{"not_picked":["FastForward","Alleviate","Potential+1","Reckless Charge"],"picked":"SKIP","floor":45},{"not_picked":["Barrier+1","Rewind","ReturningBlade+1","ReplayTheSpireMod:Corrosion Curse"],"picked":"SKIP","floor":48}],"player_experience":807418,"relics_obtained":[{"floor":7,"key":"Omamori"},{"floor":9,"key":"Smiling Mask"},{"floor":13,"key":"PocketWatch"},{"floor":24,"key":"hubris:DisguiseKit"},{"floor":26,"key":"hubris:SlimyHat"},{"floor":28,"key":"KneeBrace"},{"floor":30,"key":"Oddly Smooth Stone"},{"floor":32,"key":"Chameleon Ring"},{"floor":38,"key":"Pocketwatch"},{"floor":43,"key":"Bronze Scales"},{"floor":49,"key":"Replay:Wax Seal"}],"event_choices":[{"cards_removed":["Strike_S"],"damage_healed":0,"gold_gain":0,"player_choice":"Offered Basic","damage_taken":0,"max_hp_gain":0,"max_hp_loss":0,"event_name":"Bonfire Elementals","floor":2,"gold_loss":0},{"cards_removed":["Strike_S"],"damage_healed":0,"gold_gain":0,"player_choice":"Purged","damage_taken":0,"max_hp_gain":0,"max_hp_loss":0,"event_name":"Purifier","floor":11,"gold_loss":0},{"damage_healed":0,"gold_gain":0,"player_choice":"Fight","damage_taken":0,"max_hp_gain":0,"max_hp_loss":0,"event_name":"MindBloom","floor":38,"gold_loss":0},{"cards_removed":["Ricochet"],"damage_healed":0,"gold_gain":0,"player_choice":"Removed Attack","damage_taken":0,"max_hp_gain":0,"max_hp_loss":0,"event_name":"Falling","floor":47,"gold_loss":0}],"is_beta":false,"boss_relics":[{"not_picked":["Replay:Ancient Bell","hubris:RunicObelisk"],"picked":"Ectoplasm"},{"not_picked":["hubris:TerracottaHorce","Honey Jar"],"picked":"StoneMask"}],"items_purged_floors":[19],"is_endless":false,"potions_floor_spawned":[3,5,10,13,21,22,28,30,35,36,45,48],"ascension_level":0}}