{"host":"k1qq3tnzhl68zvao","time":1613277343,"event":{"mods":["ATMod(阿瑾Mod)","AchievementEnabler","BaseMod","Colored Powertips","Conspire","DeckTracker","Downfall","Energized Spire","GifTheSpireLib","Minty Spire (QoL Compilation)","Quick Restart","Relic Filter Mod","Replay The Spire","Spicy Shops","StSLib","【遗物卡牌】REMEMod"],"gold_per_floor":[112,123,123,48,60,85,85,130,130,157,169,180,180,213,213,287,287,306,49,49,49,59,59,59,59,94,94,148,167,181,196,224,243,243,317,317,330,330,346,363,388,416,416,79,79,92,127,127,152,164,164,164],"floor_reached":53,"language":"ZHS","playtime":2476,"items_purged":["Defend_R","Strike_R","Strike_R+1"],"score":1692,"play_id":"861c9dbc-f5bd-4399-8306-8c17d935804f","local_time":"20210214123543","is_ascension_mode":true,"campfire_choices":[{"data":"AT_BreakingExtremeWeapon","floor":7.0,"key":"SMITH"},{"data":"AT_ShrugMaster","floor":13.0,"key":"SMITH"},{"data":"Flex","floor":15.0,"key":"SMITH"},{"data":"Replay:Many Hands","floor":23,"key":"SMITH"},{"data":"conspire:Purge","floor":27,"key":"SMITH"},{"data":"Burning Pact","floor":34,"key":"SMITH"},{"data":"Reaper","floor":43,"key":"SMITH"},{"floor":48,"key":"RECALL"},{"data":"ReplayTheSpireMod:Strike From Hell","floor":51,"key":"SMITH"}],"circlet_count":0,"master_deck":["AscendersBane","AT_BreakingExtremeWeapon+1","Reaper+1","Flex+1","AT_ShrugMaster+1","ReplayTheSpireMod:Strike From Hell+1","conspire:Purge+1","Replay:Many Hands+1","Burning Pact+1"],"relics":["Burning Blood","AT_ATBox","REME_ComplimentaryCards","Eternal Feather","AT_TimeSand","Replay:Accelerometer","The Courier","Quantum Egg","Philosopher\u0027s Stone","REME_HandOfSuture","Toolbox","AT_DeathDance","Pen Nib","Replay:Bottled Flurry","Busted Crown","Charon\u0027s Ashes","Blue Doll","Anchor","Omamori","AT_GuinsooRageblade","ReplayTheSpireMod:Ninjato","War Paint"],"acts_visited":["Exordium","TheCity","TheBeyond"],"potions_floor_usage":[33],"damage_taken":[{"damage":0.0,"enemies":"2 Louse","floor":1.0,"turns":3.0},{"damage":1.0,"enemies":"Jaw Worm","floor":2.0,"turns":4.0},{"damage":0.0,"enemies":"Small Slimes","floor":5.0,"turns":3.0},{"damage":37.0,"enemies":"3 Sentries","floor":6.0,"turns":8.0},{"damage":32.0,"enemies":"Gremlin Nob","floor":10.0,"turns":4.0},{"damage":8.0,"enemies":"Exordium Thugs","floor":11.0,"turns":2.0},{"damage":17.0,"enemies":"3 Louse","floor":12.0,"turns":3.0},{"damage":15.0,"enemies":"3 Sentries","floor":14.0,"turns":5.0},{"damage":26.0,"enemies":"Slime Boss","floor":16.0,"turns":4.0},{"damage":22.0,"enemies":"Shell Parasite","floor":18.0,"turns":3.0},{"damage":0,"enemies":"3 Byrds","floor":22,"turns":1},{"damage":12,"enemies":"Book of Stabbing","floor":26,"turns":2},{"damage":0,"enemies":"Cultist and Chosen","floor":29,"turns":1},{"damage":3,"enemies":"Shelled Parasite and Fungi","floor":30,"turns":2},{"damage":13,"enemies":"Snake Plant","floor":31,"turns":2},{"damage":22,"enemies":"REME_1_Revenger","floor":32,"turns":3},{"damage":24,"enemies":"Chosen and Byrds","floor":33,"turns":2},{"damage":5,"enemies":"Champ","floor":35,"turns":2},{"damage":33,"enemies":"3 Shapes","floor":37,"turns":3},{"damage":3,"enemies":"Orb Walker","floor":39,"turns":2},{"damage":12,"enemies":"4 Shapes","floor":40,"turns":1},{"damage":0,"enemies":"Mind Bloom Boss Battle","floor":41,"turns":2},{"damage":7,"enemies":"R_Hoarder","floor":42,"turns":4},{"damage":0,"enemies":"Transient","floor":46,"turns":1},{"damage":0,"enemies":"Reptomancer","floor":47,"turns":1},{"damage":0,"enemies":"R_Hoarder","floor":49,"turns":2},{"damage":0,"enemies":"Jaw Worm Horde","floor":50,"turns":1},{"damage":27,"enemies":"conspire:OrnateMirror","floor":52,"turns":2}],"seed_played":"3885745639611099715","potions_obtained":[{"floor":1.0,"key":"Weak Potion"},{"floor":10.0,"key":"Venom Potion"},{"floor":12.0,"key":"bronze:BurnAndBuffPotion"},{"floor":16.0,"key":"Dexterity Potion"},{"floor":32,"key":"BloodPotion"},{"floor":33,"key":"Block Potion"}],"is_trial":false,"path_per_floor":["M","M","?","$","M","E","R","?","T","E","M","M","R","E","R","B",null,"M","$","?","?","M","R","PTL","PTL","E","R","T","M","M","M","E","M","R","B",null,"M","?","M","M","?","E","R","$","T","M","E","R","E","M","R","B",null],"character_chosen":"IRONCLAD","items_purchased":["REME_HandOfSuture","Toolbox","Anchor","Omamori"],"campfire_rested":0,"item_purchase_floors":[19,19,44,44],"current_hp_per_floor":[82,82,75,75,82,73,79,79,79,53,51,66,75,82,82,75,80,64,64,64,48,54,63,63,63,57,66,66,72,75,68,68,67,76,77,85,82,82,87,81,87,86,87,87,87,87,87,87,87,87,87,87],"gold":164,"neow_bonus":"TEN_PERCENT_HP_BONUS","is_daily":false,"chose_seed":false,"campfire_upgraded":8,"win_rate":0.0,"timestamp":1613277343,"path_taken":["M","M","?","$","M","E","R","?","T","E","M","?","R","E","R","BOSS","M","$","?","?","M","R","PTL","PTL","E","R","T","M","M","M","E","M","R","BOSS","M","?","?","M","?","E","R","$","T","M","E","R","E","M","R","BOSS"],"items_purchased_type":["Relic","Relic","Relic","Relic"],"build_version":"2020-12-22","purchased_purges":3,"victory":true,"max_hp_per_floor":[82,82,82,82,82,82,82,82,82,82,82,82,82,82,82,82,82,82,82,82,87,87,87,87,87,87,87,87,87,87,87,87,87,87,87,87,87,87,87,87,87,87,87,87,87,87,87,87,87,87,87,87],"card_choices":[{"not_picked":["AT_CaressingTears","AT_GerminateFire"],"picked":"Iron Wave","floor":1.0},{"not_picked":["Sentinel","Thunderclap"],"picked":"Anger","floor":2.0},{"not_picked":["Pommel Strike","Heavy Blade"],"picked":"ReplayTheSpireMod:Muscle Training","floor":5.0},{"not_picked":["Heavy Blade","ReplayTheSpireMod:Corrosion Curse","Run Through"],"picked":"SKIP","floor":6.0},{"not_picked":["Burning Pact","Combust"],"picked":"Flex","floor":8.0},{"not_picked":["Dropkick","Inflame"],"picked":"AT_ShrugMaster","floor":10.0},{"not_picked":["Inflame","Clash"],"picked":"ReplayTheSpireMod:Strike From Hell","floor":11.0},{"not_picked":["REME_Cut","Sever Soul"],"picked":"conspire:Purge","floor":12.0},{"not_picked":["Evolve","Wild Strike","Shrug It Off"],"picked":"SKIP","floor":14.0},{"not_picked":["Berserk","Immolate"],"picked":"Replay:Many Hands","floor":16.0},{"not_picked":["Iron Wave","Replay:Undeath\u0027s Touch"],"picked":"Burning Pact","floor":18.0},{"not_picked":["Infernal Blade","Perfected Strike","AT_CaressingTears"],"picked":"SKIP","floor":22},{"not_picked":["REME_TheLastStrike","conspire:Charge","Shrug It Off"],"picked":"SKIP","floor":26},{"not_picked":["Entrench","Burning Pact","Seeing Red"],"picked":"SKIP","floor":29},{"not_picked":["Shrug It Off","Sword Boomerang","Bloodletting+1"],"picked":"SKIP","floor":30},{"not_picked":["Sever Soul","Shrug It Off","Rupture"],"picked":"SKIP","floor":31},{"not_picked":["Reckless Charge","Cleave","Wild Strike+1"],"picked":"SKIP","floor":32},{"not_picked":["AT_BodySlamDance","Searing Blow","Intimidate+1"],"picked":"SKIP","floor":33},{"not_picked":["Clothesline"],"picked":"SKIP","floor":37},{"not_picked":["Clothesline"],"picked":"SKIP","floor":39},{"not_picked":["Perfected Strike"],"picked":"SKIP","floor":40},{"not_picked":["Anger+1"],"picked":"SKIP","floor":42},{"not_picked":["Replay:Undeath\u0027s Touch+1"],"picked":"SKIP","floor":46},{"not_picked":["conspire:Purge"],"picked":"SKIP","floor":47},{"not_picked":["conspire:HitWhereItHurts"],"picked":"SKIP","floor":49},{"not_picked":["REME_Scribble"],"picked":"SKIP","floor":50}],"player_experience":576381,"relics_obtained":[{"floor":6.0,"key":"Eternal Feather"},{"floor":8.0,"key":"AT_TimeSand"},{"floor":9.0,"key":"Replay:Accelerometer"},{"floor":10.0,"key":"The Courier"},{"floor":14.0,"key":"Quantum Egg"},{"floor":26,"key":"AT_DeathDance"},{"floor":28,"key":"Pen Nib"},{"floor":32,"key":"Replay:Bottled Flurry"},{"floor":41,"key":"Charon\u0027s Ashes"},{"floor":42,"key":"Blue Doll"},{"floor":45,"key":"AT_GuinsooRageblade"},{"floor":47,"key":"ReplayTheSpireMod:Ninjato"},{"floor":49,"key":"War Paint"}],"event_choices":[{"cards_removed":["Defend_R"],"damage_healed":0.0,"max_hp_gain":0.0,"max_hp_loss":0.0,"gold_gain":0.0,"event_name":"Golden Wing","player_choice":"Card Removal","floor":3.0,"gold_loss":0.0,"damage_taken":7.0},{"damage_healed":0.0,"max_hp_gain":0.0,"max_hp_loss":0.0,"gold_gain":0.0,"event_name":"Back to Basics","player_choice":"Simplicity","floor":20.0,"gold_loss":0.0,"damage_taken":0.0,"cards_upgraded":["Strike_R","Strike_R","Strike_R","Strike_R","Defend_R"]},{"damage_healed":0.0,"max_hp_gain":5.0,"max_hp_loss":0.0,"gold_gain":0.0,"event_name":"Forgotten Altar","player_choice":"Shed Blood","floor":21.0,"gold_loss":0.0,"damage_taken":21.0},{"cards_removed":["Strike_R"],"damage_healed":0,"gold_gain":0,"player_choice":"Purged","damage_taken":0,"max_hp_gain":0,"max_hp_loss":0,"event_name":"Purifier","floor":38,"gold_loss":0},{"damage_healed":0,"gold_gain":0,"player_choice":"Fight","damage_taken":0,"max_hp_gain":0,"max_hp_loss":0,"event_name":"MindBloom","floor":41,"gold_loss":0}],"is_beta":false,"boss_relics":[{"not_picked":["conspire:SlowCooker","AT_MortalBlade"],"picked":"Philosopher\u0027s Stone"},{"not_picked":["Honey Jar","SlaversCollar"],"picked":"Busted Crown"}],"items_purged_floors":[4,19,44],"is_endless":false,"potions_floor_spawned":[1,10,12,16,29,31,32,33,41,46,47],"ascension_level":14}}