{"host":"bgyhjzqafgkxdxsh","time":1613278934,"event":{"mods":["BaseMod","Colored Map","Minty Spire (QoL Compilation)","Relic Stats","StSLib","everything is the same but u backflip on backflip"],"gold_per_floor":[118,118,137,137,137,137,167,200,200,200,44,85,10,44,44,125,125,142,151,172,87,132,132,176,188,239,280,6,25,25,46,46,46,46],"floor_reached":33,"language":"ENG","playtime":987,"items_purged":["Decay","Deadly Poison"],"score":610,"play_id":"a05c882e-6a88-4b7a-9e8a-473d24232705","local_time":"20210214150214","is_ascension_mode":true,"campfire_choices":[{"data":"Neutralize","floor":6.0,"key":"SMITH"},{"floor":10.0,"key":"REST"},{"floor":15.0,"key":"REST"},{"data":"RitualDagger","floor":23.0,"key":"SMITH"},{"data":"Storm of Steel","floor":30,"key":"SMITH"},{"data":"Blade Dance","floor":32,"key":"SMITH"}],"circlet_count":0,"master_deck":["AscendersBane","Defend_G","Defend_G","Defend_G","Defend_G","Defend_G+1","Survivor+1","Neutralize+1","Riddle With Holes","Venomology","Bane","Backstab","Calculated Gamble","Storm of Steel+1","RitualDagger+1","Blade Dance+1","Bite","Bite","Bite","Bite","Bite","Slice","Blade Dance+1","Master of Strategy","Sucker Punch+1"],"relics":["Ring of the Snake","NeowsBlessing","WingedGreaves","Regal Pillow","Boot","Du-Vu Doll","PreservedInsect","CeramicFish","War Paint","WristBlade","Juzu Bracelet","Bag of Preparation","Ancient Tea Set","Pear"],"acts_visited":["Exordium","TheCity"],"potions_floor_usage":[25,27,27,31],"damage_taken":[{"damage":0.0,"enemies":"Small Slimes","floor":1.0,"turns":1.0},{"damage":0.0,"enemies":"Cultist","floor":3.0,"turns":1.0},{"damage":0.0,"enemies":"3 Sentries","floor":7.0,"turns":2.0},{"damage":43.0,"enemies":"Lagavulin","floor":8.0,"turns":12.0},{"damage":22.0,"enemies":"3 Sentries","floor":12.0,"turns":5.0},{"damage":12.0,"enemies":"Lagavulin","floor":14.0,"turns":4.0},{"damage":30.0,"enemies":"The Guardian","floor":16.0,"turns":11.0},{"damage":16.0,"enemies":"Shell Parasite","floor":18.0,"turns":3.0},{"damage":0.0,"enemies":"Spheric Guardian","floor":20.0,"turns":3.0},{"damage":18.0,"enemies":"Slavers","floor":24.0,"turns":5.0},{"damage":0,"enemies":"Snake Plant","floor":25,"turns":1},{"damage":15,"enemies":"Book of Stabbing","floor":27,"turns":3},{"damage":7,"enemies":"3 Cultists","floor":29,"turns":4},{"damage":0,"enemies":"Sentry and Sphere","floor":31,"turns":2},{"damage":32,"enemies":"Automaton","floor":33,"turns":2}],"seed_played":"8508235876367002091","potions_obtained":[{"floor":3.0,"key":"GhostInAJar"},{"floor":8.0,"key":"Strength Potion"},{"floor":20.0,"key":"SteroidPotion"}],"is_trial":false,"path_per_floor":["M","?","M","?","?","R","E","E","T","R","$","E","$","E","R","B",null,"M","?","M","?","?","R","E","M","T","E","$","M","R","M","R","B"],"character_chosen":"THE_SILENT","items_purchased":["PreservedInsect","Master of Strategy"],"campfire_rested":2,"item_purchase_floors":[11,28],"current_hp_per_floor":[59,59,59,59,52,52,52,9,9,43,43,21,21,9,43,13,53,37,31,31,31,31,31,19,21,21,24,24,21,21,27,27,0,0],"gold":46,"neow_bonus":"THREE_ENEMY_KILL","is_daily":false,"chose_seed":false,"campfire_upgraded":4,"win_rate":0.0,"timestamp":1613278934,"path_taken":["M","?","?","?","?","R","E","E","T","R","$","E","$","E","R","BOSS","M","?","M","?","?","R","E","M","T","E","$","M","R","M","R","BOSS"],"items_purchased_type":["Relic","Card"],"build_version":"2020-12-22","purchased_purges":2,"victory":false,"max_hp_per_floor":[66,66,66,66,66,66,66,66,66,66,66,66,66,66,66,66,66,66,66,66,66,46,46,46,46,46,56,56,56,56,56,56,56,56],"relic_stats":{"Regal Pillow":30,"counters":[15,59],"CeramicFish":126,"PreservedInsect":144,"Juzu Bracelet":0,"Bag of Preparation":[10],"War Paint":["Defend_G","Survivor"],"Boot":[59],"obtain_stats":[{"Regal Pillow":7,"Pear":27,"NeowsBlessing":0,"CeramicFish":12,"PreservedInsect":11,"Juzu Bracelet":21,"Bag of Preparation":24,"War Paint":14,"Boot":8,"Ancient Tea Set":26,"Du-Vu Doll":9,"WristBlade":17,"WingedGreaves":4,"Ring of the Snake":0},{"Regal Pillow":3,"Pear":12,"NeowsBlessing":0,"CeramicFish":5,"PreservedInsect":4,"Juzu Bracelet":9,"Bag of Preparation":10,"War Paint":6,"Boot":4,"Ancient Tea Set":11,"Du-Vu Doll":4,"WristBlade":7,"WingedGreaves":2,"Ring of the Snake":0},{"Regal Pillow":4,"Pear":51,"NeowsBlessing":0,"CeramicFish":21,"PreservedInsect":16,"Juzu Bracelet":42,"Bag of Preparation":47,"War Paint":25,"Boot":16,"Ancient Tea Set":48,"Du-Vu Doll":16,"WristBlade":36,"WingedGreaves":2,"Ring of the Snake":0}],"Ring of the Snake":[30]},"card_choices":[{"not_picked":["Poisoned Stab","Acrobatics"],"picked":"Deadly Poison","floor":1.0},{"not_picked":["Eviscerate","Masterful Stab"],"picked":"Riddle With Holes","floor":3.0},{"not_picked":["Backflip","Dodge and Roll"],"picked":"Venomology","floor":7.0},{"not_picked":["Blade Dance","PiercingWail"],"picked":"Bane","floor":8.0},{"not_picked":["Flying Knee","Setup"],"picked":"Backstab","floor":12.0},{"not_picked":["A Thousand Cuts","Backflip"],"picked":"Calculated Gamble","floor":14.0},{"not_picked":["After Image","Die Die Die"],"picked":"Storm of Steel","floor":16.0},{"not_picked":["Expertise","Caltrops","Poisoned Stab"],"picked":"SKIP","floor":18.0},{"not_picked":["PiercingWail","Backflip"],"picked":"Blade Dance+1","floor":20.0},{"not_picked":["Deflect","Choke"],"picked":"Slice","floor":24.0},{"not_picked":["Flechettes","Dash","Deflect"],"picked":"SKIP","floor":25},{"not_picked":["Underhanded Strike","Deadly Poison"],"picked":"Blade Dance","floor":27},{"not_picked":["Bouncing Flask","Wraith Form v2","Dagger Spray"],"picked":"SKIP","floor":29},{"not_picked":["Acrobatics","Slice"],"picked":"Sucker Punch+1","floor":31}],"player_experience":527260,"relics_obtained":[{"floor":7.0,"key":"Regal Pillow"},{"floor":8.0,"key":"Boot"},{"floor":9.0,"key":"Du-Vu Doll"},{"floor":12.0,"key":"CeramicFish"},{"floor":14.0,"key":"War Paint"},{"floor":24.0,"key":"Bag of Preparation"},{"floor":26,"key":"Ancient Tea Set"},{"floor":27,"key":"Pear"}],"event_choices":[{"damage_healed":0.0,"max_hp_gain":0.0,"max_hp_loss":0.0,"gold_gain":0.0,"event_name":"Wheel of Change","player_choice":"Cursed","floor":2.0,"gold_loss":0.0,"damage_taken":0.0,"cards_obtained":["Decay"]},{"damage_healed":0.0,"max_hp_gain":0.0,"max_hp_loss":0.0,"gold_gain":0.0,"event_name":"Big Fish","player_choice":"Box","floor":4.0,"gold_loss":0.0,"damage_taken":0.0,"relics_obtained":["WingedGreaves"],"cards_obtained":["Regret"]},{"cards_removed":["Regret"],"damage_healed":0.0,"max_hp_gain":0.0,"max_hp_loss":0.0,"gold_gain":0.0,"event_name":"Golden Wing","player_choice":"Card Removal","floor":5.0,"gold_loss":0.0,"damage_taken":7.0},{"damage_healed":0.0,"max_hp_gain":0.0,"max_hp_loss":0.0,"gold_gain":0.0,"event_name":"Nest","player_choice":"Joined the Cult","floor":19.0,"gold_loss":0.0,"damage_taken":6.0,"cards_obtained":["RitualDagger"]},{"damage_healed":0.0,"max_hp_gain":0.0,"max_hp_loss":0.0,"gold_gain":0.0,"event_name":"Addict","player_choice":"Obtained Relic","floor":21.0,"gold_loss":85.0,"damage_taken":0.0,"relics_obtained":["Juzu Bracelet"]},{"damage_healed":0.0,"max_hp_gain":0.0,"max_hp_loss":20.0,"gold_gain":0.0,"event_name":"Vampires","player_choice":"Became a vampire","floor":22.0,"gold_loss":0.0,"damage_taken":0.0,"cards_obtained":["Bite","Bite","Bite","Bite","Bite"]}],"is_beta":false,"boss_relics":[{"not_picked":["Coffee Dripper","Busted Crown"],"picked":"WristBlade"}],"items_purged_floors":[13,28],"is_endless":false,"potions_floor_spawned":[3,8,16,20,24],"killed_by":"Automaton","ascension_level":15}}