{"host":"phniwng9zo19jwdb","time":1613332335,"event":{"mods":["AchievementEnabler","BaseMod","Colored Powertips","Dark Map","Faster Ascension Climbing","GifTheSpireLib","Minty Spire (QoL Compilation)","Permanent Neow","Rare Cards Sparkle","Relic Filter Mod","StSLib","Weighted Paths"],"gold_per_floor":[116,162,162,162,173,203,203,203,203],"floor_reached":8,"language":"ENG","playtime":233,"items_purged":[],"score":108,"play_id":"a9ecf3eb-0fca-4e82-b4ed-43fa72c5623b","local_time":"20210214205215","is_ascension_mode":true,"campfire_choices":[{"floor":7,"key":"REST"}],"circlet_count":0,"master_deck":["AscendersBane","Strike_G","Strike_G","Strike_G","Strike_G","Strike_G","Defend_G","Defend_G","Defend_G","Defend_G","Defend_G","Survivor","Neutralize","Noxious Fumes","Regret","Infinite Blades","Bullet Time"],"relics":["Ring of the Snake","Bronze Scales","Nunchaku","WingedGreaves","Matryoshka","The Courier"],"acts_visited":["Exordium"],"potions_floor_usage":[6,8],"damage_taken":[{"damage":0,"enemies":"Cultist","floor":1,"turns":3},{"damage":12,"enemies":"Jaw Worm","floor":5,"turns":5},{"damage":25,"enemies":"3 Sentries","floor":6,"turns":7},{"damage":29,"enemies":"Gremlin Nob","floor":8,"turns":4}],"seed_played":"-8260932317820946945","potions_obtained":[{"floor":1,"key":"BlessingOfTheForge"},{"floor":6,"key":"LiquidMemories"}],"is_trial":false,"path_per_floor":["M","T","?","T","M","E","R","E"],"character_chosen":"THE_SILENT","items_purchased":[],"campfire_rested":1,"item_purchase_floors":[],"current_hp_per_floor":[59,59,59,59,47,22,41,12,12],"gold":203,"neow_bonus":"RANDOM_COMMON_RELIC","is_daily":false,"chose_seed":false,"campfire_upgraded":0,"win_rate":0.0,"timestamp":1613332335,"path_taken":["M","?","?","?","?","E","R","E"],"items_purchased_type":[],"build_version":"2020-12-22","purchased_purges":0,"victory":false,"max_hp_per_floor":[66,66,66,66,66,66,66,66,66],"card_choices":[{"not_picked":["Terror","Well Laid Plans"],"picked":"Noxious Fumes","floor":1},{"not_picked":["Endless Agony","Outmaneuver"],"picked":"Infinite Blades","floor":5},{"not_picked":["Masterful Stab","Crippling Poison"],"picked":"Bullet Time","floor":6}],"player_experience":133849,"relics_obtained":[{"floor":2,"key":"Nunchaku"},{"floor":4,"key":"Matryoshka"},{"floor":6,"key":"The Courier"}],"event_choices":[{"damage_healed":0,"gold_gain":0,"player_choice":"Box","damage_taken":0,"relics_obtained":["WingedGreaves"],"max_hp_gain":0,"max_hp_loss":0,"event_name":"Big Fish","floor":3,"gold_loss":0,"cards_obtained":["Regret"]}],"is_beta":false,"boss_relics":[],"items_purged_floors":[],"is_endless":false,"potions_floor_spawned":[1,6],"killed_by":"Gremlin Nob","ascension_level":20}}