{"host":"fbdlh90rovbiajun","time":1613292616,"event":{"mods":["AchievementEnabler","BaseMod","Colored Map","Keyboard Shortcuts","Minty Spire (QoL Compilation)","SuperFastMode"],"gold_per_floor":[114,39,39,39,53,53,53,85,85,100,116,116,116,48,48,147,147,164,164,64,89,89,114,114,114,114,114,114,133,133,152,152,152,152],"floor_reached":33,"language":"KOR","playtime":756,"items_purged":["Defend_R","Writhe"],"score":259,"play_id":"87fd1d56-feb8-4c00-858a-edb827079783","local_time":"20210214175016","is_ascension_mode":false,"campfire_choices":[{"data":"Bash","floor":6,"key":"SMITH"},{"data":"Flex","floor":12,"key":"SMITH"},{"floor":15,"key":"REST"},{"data":"Heavy Blade","floor":24,"key":"SMITH"},{"data":"Limit Break","floor":27,"key":"SMITH"},{"data":"Spot Weakness","floor":30,"key":"SMITH"},{"data":"Battle Trance","floor":32,"key":"SMITH"}],"circlet_count":0,"master_deck":["Strike_R+1","Strike_R","Strike_R","Strike_R","Strike_R","Defend_R","Defend_R","Bash+1","Flex+1","Clash","Flex+1","Infernal Blade","Limit Break+1","Heavy Blade+1","Spot Weakness+1","Battle Trance+1"],"relics":["Black Blood","Darkstone Periapt","Question Card","Pen Nib","FossilizedHelix","Vajra","Nloth\u0027s Gift","Gremlin Horn"],"acts_visited":["Exordium","TheCity"],"potions_floor_usage":[16,33,33,33],"damage_taken":[{"damage":6,"enemies":"2 Louse","floor":1,"turns":2},{"damage":11,"enemies":"Jaw Worm","floor":5,"turns":2},{"damage":36,"enemies":"Lagavulin","floor":8,"turns":5},{"damage":0,"enemies":"Small Slimes","floor":10,"turns":2},{"damage":11,"enemies":"Exordium Wildlife","floor":11,"turns":2},{"damage":46,"enemies":"The Guardian","floor":16,"turns":5},{"damage":10,"enemies":"Chosen","floor":18,"turns":3},{"damage":0,"enemies":"Masked Bandits","floor":21,"turns":3},{"damage":33,"enemies":"Gremlin Leader","floor":23,"turns":4},{"damage":13,"enemies":"3 Byrds","floor":29,"turns":3},{"damage":9,"enemies":"3 Cultists","floor":31,"turns":4},{"damage":79,"enemies":"Automaton","floor":33,"turns":8}],"seed_played":"-7479949594973009464","potions_obtained":[{"floor":1,"key":"Fire Potion"},{"floor":8,"key":"Block Potion"},{"floor":10,"key":"BlessingOfTheForge"},{"floor":21,"key":"Dexterity Potion"},{"floor":29,"key":"GamblersBrew"}],"is_trial":false,"path_per_floor":["M","$","?","?","M","R","$","E","T","M","M","R","?","$","R","B",null,"M","?","$","?","$","E","R","?","T","R","$","M","R","M","R","B"],"character_chosen":"IRONCLAD","items_purchased":["Infernal Blade"],"campfire_rested":1,"item_purchase_floors":[14],"current_hp_per_floor":[80,80,73,57,52,52,52,22,22,28,23,23,23,23,47,7,80,80,86,86,86,86,65,65,65,65,65,65,64,64,67,67,0,0],"gold":152,"neow_bonus":"REMOVE_CARD","is_daily":false,"chose_seed":false,"campfire_upgraded":6,"win_rate":0.0,"timestamp":1613292616,"path_taken":["M","$","?","?","M","R","$","E","T","M","M","R","?","?","R","BOSS","M","?","$","?","?","E","R","?","T","R","$","M","R","?","R","BOSS"],"items_purchased_type":["Card"],"build_version":"2020-12-22","purchased_purges":2,"victory":false,"max_hp_per_floor":[80,80,80,80,80,80,80,80,80,80,80,80,80,80,80,80,80,80,86,86,86,86,86,86,86,86,86,86,86,86,86,86,86,86],"card_choices":[{"not_picked":["Sever Soul","Sword Boomerang"],"picked":"Flex","floor":1},{"not_picked":["Armaments","Shrug It Off","True Grit"],"picked":"SKIP","floor":5},{"not_picked":["Dark Embrace","Pommel Strike"],"picked":"Clash","floor":8},{"not_picked":["Pommel Strike","Power Through","Wild Strike","Sword Boomerang"],"picked":"SKIP","floor":10},{"not_picked":["Body Slam","Cleave","Sword Boomerang"],"picked":"Flex","floor":11},{"not_picked":["Fiend Fire","Berserk","Double Tap"],"picked":"Limit Break","floor":16},{"not_picked":["True Grit","Clash+1","Battle Trance"],"picked":"Heavy Blade","floor":18},{"not_picked":["Shrug It Off","Exhume","Flame Barrier"],"picked":"Spot Weakness","floor":21},{"not_picked":["Uppercut","Shockwave","Disarm","Intimidate"],"picked":"SKIP","floor":23},{"not_picked":["Rupture","Iron Wave+1","Sever Soul+1"],"picked":"Battle Trance","floor":29},{"not_picked":["Armaments+1","Cleave+1","Twin Strike","Sword Boomerang+1"],"picked":"SKIP","floor":31}],"player_experience":41767,"relics_obtained":[{"floor":8,"key":"Question Card"},{"floor":9,"key":"Pen Nib"},{"floor":21,"key":"Red Mask"},{"floor":23,"key":"Vajra"},{"floor":26,"key":"Gremlin Horn"}],"event_choices":[{"damage_healed":0,"gold_gain":0,"player_choice":"Success","damage_taken":7,"relics_obtained":["Darkstone Periapt"],"max_hp_gain":0,"max_hp_loss":0,"event_name":"Scrap Ooze","floor":3,"gold_loss":0},{"damage_healed":0,"gold_gain":0,"player_choice":"Entered Light","damage_taken":16,"max_hp_gain":0,"max_hp_loss":0,"event_name":"Shining Light","floor":4,"gold_loss":0,"cards_upgraded":["Strike_R","Flex"]},{"damage_healed":0,"gold_gain":0,"player_choice":"Ignored","damage_taken":0,"max_hp_gain":0,"max_hp_loss":0,"event_name":"Liars Game","floor":13,"gold_loss":0},{"damage_healed":0,"gold_gain":0,"player_choice":"Opened","damage_taken":0,"relics_obtained":["FossilizedHelix"],"max_hp_gain":0,"max_hp_loss":0,"event_name":"The Mausoleum","floor":19,"gold_loss":0,"cards_obtained":["Writhe"]},{"damage_healed":0,"gold_gain":0,"player_choice":"Fought Bandits","damage_taken":0,"max_hp_gain":0,"max_hp_loss":0,"event_name":"Masked Bandits","floor":21,"gold_loss":0},{"damage_healed":0,"gold_gain":0,"player_choice":"Traded Relic","damage_taken":0,"relics_obtained":["Nloth\u0027s Gift"],"max_hp_gain":0,"max_hp_loss":0,"event_name":"N\u0027loth","floor":25,"relics_lost":["Red Mask"],"gold_loss":0}],"is_beta":false,"boss_relics":[{"not_picked":["Velvet Choker","Runic Pyramid"],"picked":"Black Blood"}],"items_purged_floors":[2,20],"is_endless":false,"potions_floor_spawned":[1,8,10,11,21,29],"killed_by":"Automaton","ascension_level":0}}