{"host":"gzsdmyo07u314vug","time":1613308414,"event":{"mods":["2.2 Compatiblity","Astrologer","BaseMod","Colored Powertips","GifTheSpireLib","Gremlin Mod","Hermit","Jorbs\u0027s Wanderer Trilogy","Minty Spire (QoL Compilation)","Quick Restart","Rare Cards Sparkle","Relic Stats","Replay The Spire","Robot Space Explorer","Shop Mod","StSLib","The Bladedancer","The Bug Knight","The Construct","The Cursed","The Elementalist","The Hierophant","The IronCluck","The Marked","The Necromancer","The Runesmith","The Servant 0.9.4","Unceasing Turn Reminder","everything is the same but u backflip on backflip","slay the spire mod where everything is the same but ironclad has a cowboy hat"],"gold_per_floor":[119,119,55,68,78,78,110,110,164,181,24,24,38,51,51,129,129,148,148,33,33,33,67,79,93,93,93,107,107,120,134,134,206,206,224,35,54,54,68,68,80,80,80,80,90,101,118,143,143,143,143],"floor_reached":52,"language":"ENG","playtime":3458,"items_purged":["Strike_G","Sickly"],"score":2291,"play_id":"53061129-b07f-4dae-a290-4d7b76864a5d","local_time":"20210214101334","is_ascension_mode":true,"campfire_choices":[{"data":"ReplayTheSpireMod:Scrap Shanks","floor":6.0,"key":"SMITH"},{"floor":8.0,"key":"REST"},{"data":"ReplayTheSpireMod:Scrap Shanks","floor":12.0,"key":"SMITH"},{"floor":15.0,"key":"REST"},{"data":"Tools of the Trade","floor":27.0,"key":"SMITH"},{"data":"After Image","floor":29.0,"key":"SMITH"},{"data":"Acrobatics","floor":32.0,"key":"SMITH"},{"data":"Acrobatics","floor":40.0,"key":"SMITH"},{"floor":42.0,"key":"REST"},{"data":"Pot Of Greed","floor":49.0,"key":"SMITH"}],"circlet_count":0,"master_deck":["AscendersBane","Strike_G","Strike_G","Defend_G","Defend_G+1","Defend_G","Defend_G","Survivor","Neutralize","Dagger Throw","Calculated Gamble+1","Slice","ReplayTheSpireMod:Scrap Shanks+1","ReplayTheSpireMod:Scrap Shanks+1","Backflip","Tactician","Leg Sweep","Prepared","Tools of the Trade+1","Acrobatics+1","Acrobatics+1","Prepared+1","Acrobatics+1","After Image+1","Envenom+1","Accuracy+1","Prepared+1","Deflect","Escape Plan","Pot Of Greed","Pot Of Greed","Pot Of Greed+1"],"relics":["Ring of the Snake","War Paint","MealTicket","Nunchaku","Cursed Key","MutagenicStrength","HollowMod:StagPassRelic","Onion Ring","Replay:Bronze Core","Grinning Jar"],"acts_visited":["Exordium","TheCity","TheBeyond"],"potions_floor_usage":[],"damage_taken":[{"damage":0.0,"enemies":"Jaw Worm","floor":1.0,"turns":5.0},{"damage":0.0,"enemies":"2 Louse","floor":4.0,"turns":2.0},{"damage":0.0,"enemies":"Small Slimes","floor":5.0,"turns":2.0},{"damage":32.0,"enemies":"3 Sentries","floor":7.0,"turns":10.0},{"damage":8.0,"enemies":"Gremlin Gang","floor":10.0,"turns":5.0},{"damage":13.0,"enemies":"3 Louse","floor":13.0,"turns":3.0},{"damage":0.0,"enemies":"Blue Slaver","floor":14.0,"turns":3.0},{"damage":12.0,"enemies":"Fading Forest","floor":16.0,"turns":13.0},{"damage":0.0,"enemies":"Spheric Guardian","floor":18.0,"turns":3.0},{"damage":6.0,"enemies":"Book of Stabbing","floor":23.0,"turns":4.0},{"damage":0.0,"enemies":"Chosen","floor":24.0,"turns":2.0},{"damage":0.0,"enemies":"Centurion and Healer","floor":25.0,"turns":3.0},{"damage":0.0,"enemies":"Sentry and Sphere","floor":28.0,"turns":2.0},{"damage":0.0,"enemies":"Shelled Parasite and Fungi","floor":30.0,"turns":4.0},{"damage":11.0,"enemies":"Snake Plant","floor":31.0,"turns":3.0},{"damage":0.0,"enemies":"Champ","floor":33.0,"turns":3.0},{"damage":58.0,"enemies":"3 Shapes","floor":35.0,"turns":4.0},{"damage":0.0,"enemies":"Orb Walker","floor":37.0,"turns":2.0},{"damage":0.0,"enemies":"Transient","floor":39.0,"turns":3.0},{"damage":0.0,"enemies":"Maw","floor":41.0,"turns":2.0},{"damage":0.0,"enemies":"Writhing Mass","floor":45.0,"turns":3.0},{"damage":0.0,"enemies":"4 Shapes","floor":46.0,"turns":2.0},{"damage":7.0,"enemies":"Transient","floor":47.0,"turns":4.0},{"damage":0.0,"enemies":"Reptomancer","floor":48.0,"turns":2.0},{"damage":0.0,"enemies":"Awakened One","floor":50.0,"turns":3.0},{"damage":0,"enemies":"Donu and Deca","floor":51,"turns":2}],"seed_played":"-3512265396647025642","potions_obtained":[{"floor":7.0,"key":"LiquidBronze"},{"floor":13.0,"key":"PowerPotion"},{"floor":16.0,"key":"Explosive Potion"},{"floor":23.0,"key":"Block Potion"},{"floor":30.0,"key":"Regen Potion"},{"floor":35.0,"key":"DistilledChaos"},{"floor":46.0,"key":"construct:ShiftPotion"},{"floor":48.0,"key":"Flashbang"}],"is_trial":false,"path_per_floor":["M","?","$","M","M","R","E","R","T","M","$","R","M","M","R","B",null,"M","?","$","?","$","E","M","M","T","R","M","R","M","M","R","B",null,"M","$","M","?","M","R","M","R","T","$","M","M","M","E","R","B","B",null],"character_chosen":"THE_SILENT","items_purchased":["ReplayTheSpireMod:Scrap Shanks","Nunchaku","Acrobatics+1","Accuracy"],"campfire_rested":3,"item_purchase_floors":[3,11,20,36],"current_hp_per_floor":[44,37,37,37,37,37,5,24,24,16,31,31,18,18,37,33,58,58,40,55,55,70,64,64,64,64,64,64,64,64,53,53,53,67,9,24,24,24,24,24,24,45,45,60,60,60,53,53,53,53,53],"gold":143,"neow_bonus":"TRANSFORM_TWO_CARDS","is_daily":false,"chose_seed":false,"campfire_upgraded":7,"win_rate":0.0,"timestamp":1613308414,"path_taken":["M","?","$","M","M","R","E","R","T","M","$","R","M","M","R","BOSS","M","?","$","?","?","E","M","M","T","R","M","R","M","M","R","BOSS","M","$","M","?","M","R","?","R","T","$","M","M","M","E","R","BOSS","BOSS"],"items_purchased_type":["Card","Relic","Card","Card"],"build_version":"2020-12-22","purchased_purges":2,"victory":true,"max_hp_per_floor":[66,66,66,66,66,66,66,66,66,66,66,66,66,66,66,66,66,66,71,71,71,71,71,71,71,71,71,71,71,71,71,71,71,71,71,71,71,71,71,71,71,71,71,71,71,71,71,71,71,71,71],"relic_stats":{"Nunchaku":[75],"counters":[26,94],"MealTicket":75,"War Paint":["Calculated Gamble","Defend_G"],"Cursed Key":1,"obtain_stats":[{"Nunchaku":11,"MutagenicStrength":21,"Replay:Bronze Core":34,"MealTicket":9,"Onion Ring":26,"War Paint":7,"Grinning Jar":48,"Cursed Key":17,"HollowMod:StagPassRelic":23,"Ring of the Snake":0},{"Nunchaku":5,"MutagenicStrength":9,"Replay:Bronze Core":16,"MealTicket":4,"Onion Ring":12,"War Paint":4,"Grinning Jar":24,"Cursed Key":8,"HollowMod:StagPassRelic":10,"Ring of the Snake":0},{"Nunchaku":24,"MutagenicStrength":46,"Replay:Bronze Core":67,"MealTicket":19,"Onion Ring":55,"War Paint":19,"Grinning Jar":89,"Cursed Key":43,"HollowMod:StagPassRelic":50,"Ring of the Snake":0}],"Ring of the Snake":[52]},"card_choices":[{"not_picked":["Poisoned Stab","Well Laid Plans"],"picked":"Slice","floor":1.0},{"not_picked":["Deadly Poison","Dagger Throw","Endless Agony"],"picked":"SKIP","floor":4.0},{"not_picked":["Terror","PiercingWail"],"picked":"Backflip","floor":5.0},{"not_picked":["Catalyst","Replay:Poison Smokescreen"],"picked":"Tactician","floor":7.0},{"not_picked":["Blur","Flying Knee"],"picked":"Leg Sweep","floor":10.0},{"not_picked":["Dagger Throw","Backflip"],"picked":"Prepared","floor":13.0},{"not_picked":["Backstab","Blade Dance","Setup"],"picked":"SKIP","floor":14.0},{"not_picked":["Bullet Time","ReplayTheSpireMod:From All Sides"],"picked":"Tools of the Trade","floor":16.0},{"not_picked":["Flying Knee","Heel Hook"],"picked":"Acrobatics","floor":18.0},{"not_picked":["Grand Finale","Backstab","Poisoned Stab"],"picked":"SKIP","floor":23.0},{"not_picked":["Infinite Blades","Caltrops"],"picked":"Prepared+1","floor":24.0},{"not_picked":["Quick Slash","Sucker Punch+1"],"picked":"Acrobatics","floor":25.0},{"not_picked":["PiercingWail","Acrobatics"],"picked":"After Image","floor":28.0},{"not_picked":["Sucker Punch+1","Dodge and Roll","Dagger Spray+1"],"picked":"SKIP","floor":30.0},{"not_picked":["Sucker Punch","Leg Sweep","Endless Agony"],"picked":"SKIP","floor":31.0},{"not_picked":["A Thousand Cuts","Wraith Form v2"],"picked":"Envenom","floor":33.0},{"not_picked":["Outmaneuver+1","Poisoned Stab","Slice"],"picked":"SKIP","floor":35.0},{"not_picked":["Skewer","Dodge and Roll"],"picked":"Prepared+1","floor":37.0},{"not_picked":["Cloak And Dagger","ReplayTheSpireMod:Shiv Toss"],"picked":"Deflect","floor":39.0},{"not_picked":["Blade Dance","Sucker Punch","Quick Slash"],"picked":"SKIP","floor":41.0},{"not_picked":["Hidden Blade+1","Blade Dance","Eviscerate"],"picked":"SKIP","floor":45.0},{"not_picked":["All Out Attack","Poison Darts","Outmaneuver"],"picked":"SKIP","floor":46.0},{"not_picked":["Hidden Blade","PiercingWail","Endless Agony+1"],"picked":"SKIP","floor":47.0},{"not_picked":["ReplayTheSpireMod:The Works","Accuracy"],"picked":"Escape Plan","floor":48.0}],"player_experience":866340,"relics_obtained":[{"floor":7.0,"key":"War Paint"},{"floor":9.0,"key":"MealTicket"},{"floor":23.0,"key":"HollowMod:StagPassRelic"},{"floor":26.0,"key":"Onion Ring"},{"floor":48.0,"key":"Grinning Jar"}],"event_choices":[{"cards_removed":["Strike_G"],"damage_healed":0.0,"max_hp_gain":0.0,"max_hp_loss":0.0,"gold_gain":0.0,"event_name":"Golden Wing","player_choice":"Card Removal","floor":2.0,"gold_loss":0.0,"damage_taken":7.0},{"damage_healed":0.0,"max_hp_gain":5.0,"max_hp_loss":0.0,"gold_gain":0.0,"event_name":"Forgotten Altar","player_choice":"Shed Blood","floor":19.0,"gold_loss":0.0,"damage_taken":23.0},{"damage_healed":0.0,"max_hp_gain":0.0,"max_hp_loss":0.0,"gold_gain":0.0,"event_name":"Drug Dealer","player_choice":"Inject Mutagens","floor":21.0,"gold_loss":0.0,"damage_taken":0.0,"relics_obtained":["MutagenicStrength"]},{"damage_healed":0.0,"max_hp_gain":0.0,"max_hp_loss":0.0,"gold_gain":0.0,"event_name":"Accursed Blacksmith","player_choice":"Forge","floor":38.0,"gold_loss":0.0,"damage_taken":0.0,"cards_upgraded":["Envenom"]}],"is_beta":false,"boss_relics":[{"not_picked":["Tiny House","Ring of Chaos"],"picked":"Cursed Key"},{"not_picked":["Runic Dome","Snecko Eye"],"picked":"Replay:Bronze Core"}],"items_purged_floors":[20,36],"is_endless":false,"potions_floor_spawned":[7,13,16,23,25,28,30,35,39,46,48],"ascension_level":20}}