{"host":"lg1lbglystyxcosi","time":1613272679,"event":{"mods":["AchievementEnabler","BaseMod","Better Third Choice","BetterRewards","Colored Powertips","Minty Spire (QoL Compilation)","Quick Restart","Shop Mod","StSLib","¡¾ÒÅÎï¿¨ÅÆ¡¿REMEMod"],"gold_per_floor":[112,77,95,170,170,170,184,184,208,208,208,208,208,221,221,316,316,327,311,311,311,321,321,348,348,371,371,371,188,204,232,232,330,330,346,392,392,319,339,339,359,359,384,401,412,337,348,698,698,698],"floor_reached":51,"language":"ZHS","playtime":2135,"items_purged":["Strike_G+1"],"score":924,"play_id":"bcaa571f-c769-4a06-bb00-4af7477970b7","local_time":"20210214111759","is_ascension_mode":true,"campfire_choices":[{"data":"REME_ShadowForm","floor":6.0,"key":"SMITH"},{"data":"Survivor","floor":8.0,"key":"SMITH"},{"data":"Defend_G","floor":10.0,"key":"SMITH"},{"data":"Neutralize","floor":15.0,"key":"SMITH"},{"floor":23.0,"key":"REST"},{"data":"Adrenaline","floor":25.0,"key":"SMITH"},{"data":"RitualDagger","floor":28.0,"key":"SMITH"},{"data":"REME_BattleFury","floor":32.0,"key":"SMITH"},{"data":"Bullet Time","floor":40.0,"key":"SMITH"},{"data":"Flying Knee","floor":42.0,"key":"SMITH"},{"floor":49.0,"key":"RECALL"}],"circlet_count":0,"master_deck":["Strike_G+1","Strike_G+1","Strike_G+1","Strike_G+1","Defend_G+1","Defend_G+1","Defend_G+1","Defend_G+1","Survivor+1","Neutralize+1","REME_ShadowForm+1","Phantasmal Killer+1","Cloak And Dagger+1","Adrenaline+1","CurseOfTheBell","RitualDagger+1","REME_BattleFury+1","Flying Knee+1","Bullet Time+1","Quick Slash+1","Well Laid Plans+1","Dash+1","Cloak And Dagger+1"],"relics":["Ring of the Snake","REME_ComplimentaryCards","TungstenRod","REME_HandOfSuture","Art of War","Calling Bell","REME_PuzzleBoxRelic","Ornamental Fan","Torii","MealTicket","Nunchaku","Bag of Marbles","Meat on the Bone","Busted Crown","Ice Cream","Orichalcum","Old Coin"],"acts_visited":["Exordium","TheCity","TheBeyond"],"potions_floor_usage":[50],"damage_taken":[{"damage":0.0,"enemies":"2 Louse","floor":1.0,"turns":2.0},{"damage":1.0,"enemies":"Jaw Worm","floor":3.0,"turns":3.0},{"damage":0.0,"enemies":"Small Slimes","floor":7.0,"turns":4.0},{"damage":0.0,"enemies":"Exordium Thugs","floor":14.0,"turns":4.0},{"damage":0.0,"enemies":"Hexaghost","floor":16.0,"turns":6.0},{"damage":0.0,"enemies":"3 Byrds","floor":18.0,"turns":9.0},{"damage":10.0,"enemies":"2 Thieves","floor":19.0,"turns":4.0},{"damage":21.0,"enemies":"Snake Plant","floor":22.0,"turns":6.0},{"damage":0.0,"enemies":"3 Cultists","floor":30.0,"turns":3.0},{"damage":5.0,"enemies":"Slavers","floor":31.0,"turns":2.0},{"damage":12.0,"enemies":"Collector","floor":33.0,"turns":5.0},{"damage":0.0,"enemies":"Orb Walker","floor":35.0,"turns":2.0},{"damage":14.0,"enemies":"2 Orb Walkers","floor":36.0,"turns":5.0},{"damage":9.0,"enemies":"3 Shapes","floor":39.0,"turns":2.0},{"damage":0.0,"enemies":"3 Darklings","floor":41.0,"turns":2.0},{"damage":4.0,"enemies":"Writhing Mass","floor":44.0,"turns":4.0},{"damage":0.0,"enemies":"Spire Growth","floor":45.0,"turns":2.0},{"damage":0.0,"enemies":"4 Shapes","floor":47.0,"turns":2.0},{"damage":0.0,"enemies":"Mind Bloom Boss Battle","floor":48.0,"turns":2.0},{"damage":23,"enemies":"Donu and Deca","floor":50,"turns":6}],"seed_played":"-608451658702138225","potions_obtained":[{"floor":7.0,"key":"SpeedPotion"},{"floor":14.0,"key":"DistilledChaos"},{"floor":19.0,"key":"Poison Potion"},{"floor":22.0,"key":"CunningPotion"},{"floor":35.0,"key":"LiquidBronze"},{"floor":41.0,"key":"DistilledChaos"},{"floor":45.0,"key":"Weak Potion"}],"is_trial":false,"path_per_floor":["M","?","M","?","?","R","M","R","T","R","$","?","$","M","R","B",null,"M","M","?","?","M","R","T","R","T","$","R","$","M","E","R","B",null,"M","?","?","$","M","R","M","R","T","M","M","$","M","?","R","B",null],"character_chosen":"THE_SILENT","items_purchased":["Phantasmal Killer","REME_HandOfSuture","REME_BattleFury","DuplicationPotion"],"campfire_rested":1,"item_purchase_floors":[0,0,29,38],"current_hp_per_floor":[49,66,65,55,55,55,55,55,55,55,55,55,55,55,55,55,66,70,60,55,55,34,55,55,55,55,70,70,70,70,65,65,53,66,66,52,52,67,58,58,58,58,58,54,54,69,69,69,69,46],"gold":698,"neow_bonus":"","is_daily":false,"chose_seed":false,"campfire_upgraded":9,"win_rate":0.0,"timestamp":1613272679,"path_taken":["M","?","M","?","?","R","M","R","T","R","$","?","$","M","R","BOSS","M","M","?","?","M","R","?","R","T","$","R","?","M","E","R","BOSS","M","?","?","?","M","R","M","R","T","M","M","$","?","?","R","BOSS"],"items_purchased_type":["Card","Relic","Card","Potion"],"build_version":"2020-12-22","purchased_purges":1,"victory":true,"max_hp_per_floor":[70,70,70,70,70,70,70,70,70,70,70,70,70,70,70,70,70,70,70,70,70,70,70,70,70,70,70,70,70,70,70,70,70,70,70,70,70,70,70,70,70,70,70,70,70,70,70,70,70,70],"card_choices":[{"not_picked":["Finisher","Poisoned Stab","Sucker Punch"],"picked":"SKIP","floor":1.0},{"not_picked":["Blade Dance","Outmaneuver"],"picked":"Cloak And Dagger","floor":3.0},{"not_picked":["Dagger Throw","Bane","Riddle With Holes"],"picked":"SKIP","floor":7.0},{"not_picked":["Skewer","Bane","Riddle With Holes"],"picked":"SKIP","floor":14.0},{"not_picked":["Corpse Explosion","Storm of Steel"],"picked":"Adrenaline","floor":16.0},{"not_picked":["Backflip","Sucker Punch","Blur"],"picked":"SKIP","floor":18.0},{"not_picked":["Heel Hook","Caltrops","All Out Attack"],"picked":"SKIP","floor":19.0},{"not_picked":["Bane","Backflip","Deflect+1"],"picked":"SKIP","floor":22.0},{"not_picked":["Sucker Punch","Dodge and Roll+1"],"picked":"Flying Knee","floor":30.0},{"not_picked":["Terror","REME_SpectralBlade","Catalyst"],"picked":"SKIP","floor":31.0},{"not_picked":["REME_GrazeFinale","REME_SpectralBlade"],"picked":"Bullet Time","floor":33.0},{"not_picked":["Masterful Stab"],"picked":"SKIP","floor":35.0},{"not_picked":[],"picked":"Quick Slash+1","floor":36.0},{"not_picked":[],"picked":"Well Laid Plans+1","floor":39.0},{"not_picked":["Dodge and Roll+1"],"picked":"SKIP","floor":41.0},{"not_picked":["Dodge and Roll+1"],"picked":"SKIP","floor":41.0},{"not_picked":["Underhanded Strike"],"picked":"SKIP","floor":44.0},{"not_picked":[],"picked":"Dash+1","floor":45.0},{"not_picked":["Underhanded Strike+1"],"picked":"SKIP","floor":47.0},{"not_picked":[],"picked":"Cloak And Dagger+1","floor":48.0}],"player_experience":133532,"relics_obtained":[{"floor":9.0,"key":"Art of War"},{"floor":17.0,"key":"REME_PuzzleBoxRelic"},{"floor":17.0,"key":"Ornamental Fan"},{"floor":17.0,"key":"Torii"},{"floor":24.0,"key":"Nunchaku"},{"floor":26.0,"key":"Bag of Marbles"},{"floor":31.0,"key":"Meat on the Bone"},{"floor":36.0,"key":"Ice Cream"},{"floor":43.0,"key":"Orichalcum"},{"floor":48.0,"key":"Old Coin"}],"event_choices":[{"damage_healed":17.0,"max_hp_gain":0.0,"max_hp_loss":0.0,"gold_gain":0.0,"event_name":"The Cleric","player_choice":"Healed","floor":2.0,"gold_loss":35.0,"damage_taken":0.0},{"damage_healed":0.0,"max_hp_gain":0.0,"max_hp_loss":0.0,"gold_gain":75.0,"event_name":"betterThird:BetterGoop","player_choice":"Gold","floor":4.0,"gold_loss":0.0,"damage_taken":11.0},{"damage_healed":0.0,"max_hp_gain":0.0,"max_hp_loss":0.0,"gold_gain":0.0,"event_name":"Living Wall","player_choice":"Grow","floor":5.0,"gold_loss":0.0,"damage_taken":0.0,"cards_upgraded":["Phantasmal Killer"]},{"damage_healed":0.0,"max_hp_gain":0.0,"max_hp_loss":0.0,"gold_gain":0.0,"event_name":"Upgrade Shrine","player_choice":"Upgraded","floor":12.0,"gold_loss":0.0,"damage_taken":0.0,"cards_upgraded":["Cloak And Dagger"]},{"damage_healed":0.0,"max_hp_gain":0.0,"max_hp_loss":0.0,"gold_gain":0.0,"event_name":"betterThird:BetterNest","player_choice":"Dagger","floor":20.0,"gold_loss":0.0,"damage_taken":6.0,"cards_obtained":["RitualDagger"]},{"damage_healed":0.0,"max_hp_gain":0.0,"max_hp_loss":9.0,"gold_gain":0.0,"event_name":"betterThird:BetterWriting","player_choice":"Simplicity","floor":21.0,"gold_loss":0.0,"damage_taken":0.0},{"damage_healed":0.0,"max_hp_gain":0.0,"max_hp_loss":0.0,"gold_gain":0.0,"event_name":"Mysterious Sphere","player_choice":"Fight","floor":36.0,"gold_loss":0.0,"damage_taken":0.0},{"cards_removed":["Defend_G"],"damage_healed":0.0,"max_hp_gain":0.0,"max_hp_loss":0.0,"gold_gain":0.0,"event_name":"Falling","player_choice":"Removed Skill","floor":37.0,"gold_loss":0.0,"damage_taken":0.0},{"damage_healed":0.0,"max_hp_gain":0.0,"max_hp_loss":0.0,"gold_gain":0.0,"event_name":"MindBloom","player_choice":"Fight","floor":48.0,"gold_loss":0.0,"damage_taken":0.0}],"is_beta":false,"boss_relics":[{"not_picked":["Velvet Choker","Ring of the Serpent"],"picked":"Calling Bell"},{"not_picked":["Runic Dome","Snecko Eye"],"picked":"Busted Crown"}],"items_purged_floors":[46],"is_endless":false,"potions_floor_spawned":[7,14,19,22,35,41,45,47],"ascension_level":6}}