{"host":"2pffx5rqbod9ds0c","time":1613277573,"event":{"mods":["100% Spire Juice","BaseMod","Better Altar","Better Match","Better Note","Better Sensory Stone","Better Skull","Better Third Choice","Bossed Relics","Custom Start","Hubris","Minty Spire (QoL Compilation)","Quick Restart","Relic Stats","Spicy Shops","StSLib"],"gold_per_floor":[112,110007,110018,110036,110050,110079,110079,110079,110079,110089,110117,110133,108101,108101,108101,108196,108196,108213,108213,108213],"floor_reached":19,"language":"ENG","playtime":743,"items_purged":["Moonworks:CloudOfSeagulls","Moonworks:Defend"],"score":229,"play_id":"07b27776-268d-4241-adf0-6c6a42ae9425","local_time":"20210213203933","is_ascension_mode":false,"campfire_choices":[{"data":"Moonworks:MeltingMemories","floor":7.0,"key":"SMITH"},{"data":"Mayhem","floor":15,"key":"SMITH"}],"circlet_count":0,"master_deck":["Moonworks:Defend+1","Moonworks:Defend","Moonworks:Defend+1","Moonworks:Defend","Moonworks:JonathanRush","Moonworks:JonathanRush","Moonworks:JonathanRush","Moonworks:JonathanRush+1","Moonworks:JonathanRush","Good Instincts+1","Moonworks:NicePresent","Moonworks:NicePresent","Moonworks:MeltingMemories+1","Mayhem+1","Moonworks:JonathanRush","Moonworks:JonathanRush","Moonworks:JonathanRush","Moonworks:OutOfAmmo"],"relics":["Moonworks:BrokenBomb","Moonworks:Homemark","Ancient Tea Set","Lizard Tail","Ice Cream","War Paint","MealTicket","Vajra","Regal Pillow","hubris:Reverence","Incense Burner","Frozen Eye","hubris:BundleOfHerbs","hubris:MysteriousPyramids","Orrery","Snecko Eye"],"acts_visited":["Exordium","TheCity"],"potions_floor_usage":[16],"damage_taken":[{"damage":0.0,"enemies":"Jaw Worm","floor":1.0,"turns":3.0},{"damage":0.0,"enemies":"2 Louse","floor":3.0,"turns":3.0},{"damage":0.0,"enemies":"Cultist","floor":4.0,"turns":2.0},{"damage":5.0,"enemies":"3 Louse","floor":5.0,"turns":3.0},{"damage":0.0,"enemies":"3 Sentries","floor":6.0,"turns":3.0},{"damage":0,"enemies":"Gremlin Gang","floor":10,"turns":2},{"damage":3,"enemies":"Lagavulin","floor":11,"turns":4},{"damage":0,"enemies":"Looter","floor":12,"turns":3},{"damage":20,"enemies":"The Guardian","floor":16,"turns":3},{"damage":2,"enemies":"Chosen","floor":18,"turns":3},{"damage":0,"enemies":"3 Byrds","floor":19,"turns":1}],"seed_played":"-7709588368807609945","potions_obtained":[{"floor":3.0,"key":"SpeedPotion"},{"floor":4.0,"key":"BlessingOfTheForge"},{"floor":5.0,"key":"Fruit Juice"},{"floor":16,"key":"SteroidPotion"}],"is_trial":true,"path_per_floor":["M","$","M","M","M","E","R","?","T","M","E","M","$","?","R","B",null,"M","M"],"character_chosen":"THE_STARBREAKER","items_purchased":["Ancient Tea Set","Lizard Tail","Ice Cream","Good Instincts","War Paint","Mayhem","Moonworks:JonathanRush","hubris:Reverence","Incense Burner","Frozen Eye","hubris:BundleOfHerbs","hubris:MysteriousPyramids","Orrery"],"campfire_rested":0,"item_purchase_floors":[2,2,2,2,2,13,13,13,13,13,13,13,13],"current_hp_per_floor":[60,60,60,60,55,55,55,43,43,43,40,40,55,60,60,45,65,63,63,63],"gold":108213,"neow_bonus":"","is_daily":false,"chose_seed":false,"campfire_upgraded":2,"win_rate":0.0,"timestamp":1613277573,"path_taken":["M","$","M","M","M","E","R","?","T","M","E","M","$","?","R","BOSS","M","M"],"items_purchased_type":["Relic","Relic","Relic","Card","Relic","Card","Card","Relic","Relic","Relic","Relic","Relic","Relic"],"build_version":"2020-12-22","purchased_purges":2,"victory":false,"max_hp_per_floor":[60,60,60,60,60,60,60,60,60,60,60,60,60,60,60,65,65,65,65,65],"relic_stats":{"Lizard Tail":0,"Regal Pillow":0,"counters":[11,30],"Snecko Eye":[6,8,7,7],"MealTicket":15,"War Paint":["Moonworks:Defend","Good Instincts"],"obtain_stats":[{"Ice Cream":2,"Regal Pillow":11,"Vajra":9,"Incense Burner":13,"War Paint":2,"hubris:MysteriousPyramids":13,"Ancient Tea Set":2,"Frozen Eye":13,"Lizard Tail":2,"Moonworks:Homemark":0,"Orrery":13,"Snecko Eye":17,"MealTicket":6,"hubris:BundleOfHerbs":13,"Moonworks:BrokenBomb":0,"hubris:Reverence":13},{"Ice Cream":1,"Regal Pillow":7,"Vajra":5,"Incense Burner":8,"War Paint":1,"hubris:MysteriousPyramids":8,"Ancient Tea Set":1,"Frozen Eye":8,"Lizard Tail":1,"Moonworks:Homemark":0,"Orrery":8,"Snecko Eye":9,"MealTicket":5,"hubris:BundleOfHerbs":8,"Moonworks:BrokenBomb":0,"hubris:Reverence":8},{"Ice Cream":3,"Regal Pillow":20,"Vajra":14,"Incense Burner":23,"War Paint":3,"hubris:MysteriousPyramids":23,"Ancient Tea Set":3,"Frozen Eye":23,"Lizard Tail":3,"Moonworks:Homemark":0,"Orrery":23,"Snecko Eye":26,"MealTicket":14,"hubris:BundleOfHerbs":23,"Moonworks:BrokenBomb":0,"hubris:Reverence":23}]},"card_choices":[{"not_picked":["Moonworks:ImOnFire","Moonworks:MiracleRedBeanIceCream","Moonworks:BackdoorTrade"],"picked":"SKIP","floor":1.0},{"not_picked":["Moonworks:CloudOfSeagulls","Moonworks:SakisCookie"],"picked":"Moonworks:NicePresent","floor":3.0},{"not_picked":["Moonworks:FullSpeedAlicianrone","Moonworks:ImOnFire"],"picked":"Moonworks:NicePresent","floor":4.0},{"not_picked":["Moonworks:IndiscriminateFireSupport","Moonworks:DeployBits"],"picked":"Moonworks:MeltingMemories","floor":5.0},{"not_picked":["Moonworks:TreasureThief","Moonworks:CloudOfSeagulls"],"picked":"Moonworks:EvilSpyWorkPreparation","floor":6.0},{"not_picked":["Moonworks:SakisCookie","Moonworks:CastOff","Moonworks:EvilSpyWorkPreparation"],"picked":"SKIP","floor":10},{"not_picked":["Moonworks:ImOnFire","Moonworks:SakisCookie","Moonworks:UnluckyCharm"],"picked":"SKIP","floor":11},{"not_picked":["Moonworks:AngelHand","Moonworks:Assault","Moonworks:Flamethrower"],"picked":"SKIP","floor":12},{"not_picked":["Moonworks:BigMagnum","Moonworks:HolyNight"],"picked":"Moonworks:JonathanRush","floor":13},{"not_picked":["Moonworks:EvilSpyWorkPreparation","Moonworks:IndiscriminateFireSupport"],"picked":"Moonworks:JonathanRush","floor":13},{"not_picked":["Moonworks:AnotherUltimateWeapon","Moonworks:ShieldCounter"],"picked":"Moonworks:OutOfAmmo","floor":16},{"not_picked":["Moonworks:BigMagnum","Moonworks:EvilSpyWorkPreparation","Moonworks:ReproductionOfRecords"],"picked":"SKIP","floor":18}],"player_experience":738320,"relics_obtained":[{"floor":6.0,"key":"MealTicket"},{"floor":9,"key":"Vajra"},{"floor":11,"key":"Regal Pillow"}],"event_choices":[{"damage_healed":55,"gold_gain":0,"player_choice":"Upgrade","damage_taken":12,"max_hp_gain":0,"max_hp_loss":60,"event_name":"betterThird:BetterShining","floor":8,"gold_loss":0,"cards_upgraded":["Moonworks:Defend","Moonworks:JonathanRush"]},{"cards_removed":["Moonworks:EvilSpyWorkPreparation"],"damage_healed":5,"gold_gain":0,"player_choice":"Offered Common","damage_taken":0,"max_hp_gain":0,"max_hp_loss":0,"event_name":"Bonfire Elementals","floor":14,"gold_loss":0},{"cards_removed":["Moonworks:EvilSpyWorkPreparation"],"damage_healed":5,"gold_gain":0,"player_choice":"Offered Special","damage_taken":0,"max_hp_gain":0,"max_hp_loss":0,"event_name":"Bonfire Elementals","floor":14,"gold_loss":0}],"is_beta":false,"boss_relics":[{"not_picked":["Philosopher\u0027s Stone","hubris:Backtick"],"picked":"Snecko Eye"}],"items_purged_floors":[2,2],"is_endless":false,"potions_floor_spawned":[3,4,5,10,16],"killed_by":"3 Byrds","ascension_level":0}}