{"host":"g8a0qo0vjtg6u5wv","time":1613286825,"event":{"mods":["BaseMod","Colored Map","Custom Start","KOR Keyword Fix","Minty Spire (QoL Compilation)","StSLib","SuperFastMode"],"gold_per_floor":[110,110,185,20,34,61,73,85,122,99,142,154,183,206,218,230,230],"floor_reached":16,"language":"KOR","playtime":367,"items_purged":["Defend_P"],"score":157,"play_id":"b21ac88b-91af-4ffd-81fd-6b559586cae7","local_time":"20210214161345","is_ascension_mode":true,"campfire_choices":[{"floor":12,"key":"REST"},{"data":"Crescendo","floor":15,"key":"SMITH"}],"circlet_count":0,"master_deck":["Strike_P+1","Strike_P+1","Strike_P","Strike_P","Defend_P","Defend_P","Defend_P+1","Eruption+1","Vigilance","LessonLearned","Crescendo+1","Finesse+1","MentalFortress","DeceiveReality+1","FlyingSleeves","EmptyFist","EmptyBody"],"relics":["PureWater","MawBank","Turnip","Oddly Smooth Stone","Blood Vial"],"acts_visited":["Exordium"],"potions_floor_usage":[6,16],"damage_taken":[{"damage":0.0,"enemies":"Cultist","floor":1.0,"turns":4.0},{"damage":4.0,"enemies":"Jaw Worm","floor":5.0,"turns":3.0},{"damage":16,"enemies":"3 Sentries","floor":6,"turns":5},{"damage":2,"enemies":"Lagavulin","floor":11,"turns":7},{"damage":0,"enemies":"Small Slimes","floor":13,"turns":3},{"damage":1,"enemies":"3 Louse","floor":14,"turns":3},{"damage":62,"enemies":"Hexaghost","floor":16,"turns":11}],"seed_played":"-3119151753453649828","potions_obtained":[{"floor":5.0,"key":"Swift Potion"},{"floor":13,"key":"Swift Potion"}],"is_trial":false,"path_per_floor":["M","?","?","$","M","E","$","?","T","?","E","R","M","M","R","B"],"character_chosen":"WATCHER","items_purchased":["Finesse"],"campfire_rested":1,"item_purchase_floors":[4],"current_hp_per_floor":[65,70,59,59,55,39,39,21,21,38,36,57,59,60,60,0,0],"gold":230,"neow_bonus":"THREE_RARE_CARDS","is_daily":false,"chose_seed":false,"campfire_upgraded":1,"win_rate":0.0,"timestamp":1613286825,"path_taken":["M","?","?","$","M","E","?","?","T","?","E","R","M","M","R","BOSS"],"items_purchased_type":["Card"],"build_version":"2020-12-22","purchased_purges":1,"victory":false,"max_hp_per_floor":[65,70,70,70,70,70,70,70,70,70,70,70,70,70,70,70,70],"card_choices":[{"not_picked":["Omniscience","Ragnarok"],"picked":"LessonLearned","floor":0.0},{"not_picked":["JustLucky","Evaluate"],"picked":"Crescendo","floor":1.0},{"not_picked":["EmptyBody","SashWhip"],"picked":"MentalFortress","floor":5.0},{"not_picked":["LikeWater","ReachHeaven"],"picked":"DeceiveReality","floor":6},{"not_picked":["LessonLearned","SpiritShield"],"picked":"FlyingSleeves","floor":11},{"not_picked":["InnerPeace","FlyingSleeves"],"picked":"EmptyFist","floor":13},{"not_picked":["CutThroughFate","MentalFortress"],"picked":"EmptyBody","floor":14}],"player_experience":577581,"relics_obtained":[{"floor":6,"key":"MawBank"},{"floor":9,"key":"Oddly Smooth Stone"},{"floor":11,"key":"Blood Vial"}],"event_choices":[{"damage_healed":0.0,"max_hp_gain":5.0,"max_hp_loss":0.0,"gold_gain":0.0,"event_name":"Big Fish","player_choice":"Donut","floor":2.0,"gold_loss":0.0,"damage_taken":0.0},{"damage_healed":0.0,"max_hp_gain":0.0,"max_hp_loss":0.0,"gold_gain":75.0,"event_name":"World of Goop","player_choice":"Gather Gold","floor":3.0,"gold_loss":0.0,"damage_taken":11.0},{"damage_healed":0,"gold_gain":0,"player_choice":"Success","damage_taken":18,"relics_obtained":["Turnip"],"max_hp_gain":0,"max_hp_loss":0,"event_name":"Scrap Ooze","floor":8,"gold_loss":0},{"damage_healed":17,"gold_gain":0,"player_choice":"Healed","damage_taken":0,"max_hp_gain":0,"max_hp_loss":0,"event_name":"The Cleric","floor":10,"gold_loss":35}],"is_beta":false,"boss_relics":[],"items_purged_floors":[4],"is_endless":false,"potions_floor_spawned":[5,13],"killed_by":"Hexaghost","ascension_level":9}}