{"host":"skqrv63k0gjilndt","time":1613283537,"event":{"mods":["AchievementEnabler","BaseMod","Bestiary","Colored Powertips","Highlight Path","Minty Spire (QoL Compilation)","Quick Restart"],"gold_per_floor":[109,129,129,140,153,153,178,196,196,85,96,96,96,122,122,221,221,237,247,2,2,16,16,35,70,97,97,126,126,126,76,76,173,173,184,64,64,64,64,99,99,149,149,149,23,23,43,60,60,60,60,60,8,41,41],"floor_reached":56,"language":"ENG","playtime":4810,"items_purged":["Strike_G","Strike_G","Strike_G","Defend_G","Defend_G"],"score":1345,"play_id":"c376c5e3-f923-4076-b5cb-cd5813764277","local_time":"20210213221857","is_ascension_mode":true,"campfire_choices":[{"data":"Blade Dance","floor":6.0,"key":"SMITH"},{"data":"Footwork","floor":13,"key":"SMITH"},{"data":"Bullet Time","floor":15,"key":"SMITH"},{"data":"Envenom","floor":23,"key":"SMITH"},{"data":"Accuracy","floor":27,"key":"SMITH"},{"data":"Infinite Blades","floor":30,"key":"SMITH"},{"floor":32,"key":"RECALL"},{"data":"Cloak And Dagger","floor":41,"key":"SMITH"},{"data":"Infinite Blades","floor":44,"key":"SMITH"},{"data":"Cloak And Dagger","floor":46,"key":"SMITH"},{"data":"Cloak And Dagger","floor":49,"key":"SMITH"},{"data":"A Thousand Cuts","floor":52,"key":"SMITH"}],"circlet_count":0,"master_deck":["Defend_G","Survivor","Neutralize+1","Quick Slash","Blade Dance+1","Escape Plan","Backflip","Cloak And Dagger+1","Footwork+1","Bullet Time+1","Envenom+1","Cloak And Dagger+1","Escape Plan","Cloak And Dagger+1","Footwork+1","Accuracy+1","Blade Dance","Infinite Blades+1","A Thousand Cuts+1","Storm of Steel+1","Escape Plan+1","Flechettes+1","Infinite Blades+1","Finesse","Cloak And Dagger+1","Blade Dance+1","Escape Plan+1","Cloak And Dagger+1"],"relics":["Ring of the Snake","Pear","Smiling Mask","Mercury Hourglass","Runic Pyramid","Nunchaku","Toy Ornithopter","Potion Belt","Incense Burner","Astrolabe","Peace Pipe","Mango","Darkstone Periapt","Strawberry"],"acts_visited":["Exordium","TheCity","TheBeyond","TheEnding"],"potions_floor_usage":[14,14,16,28,28,40,50,50,55],"damage_taken":[{"damage":0.0,"enemies":"Jaw Worm","floor":1.0,"turns":4.0},{"damage":0.0,"enemies":"2 Louse","floor":2.0,"turns":4.0},{"damage":0.0,"enemies":"Small Slimes","floor":4.0,"turns":3.0},{"damage":0.0,"enemies":"2 Fungi Beasts","floor":5.0,"turns":4.0},{"damage":15.0,"enemies":"3 Sentries","floor":7.0,"turns":13.0},{"damage":0.0,"enemies":"3 Louse","floor":8.0,"turns":3.0},{"damage":0,"enemies":"Lots of Slimes","floor":11,"turns":4},{"damage":6,"enemies":"Gremlin Nob","floor":14,"turns":5},{"damage":13,"enemies":"The Guardian","floor":16,"turns":12},{"damage":11,"enemies":"2 Thieves","floor":18,"turns":4},{"damage":0,"enemies":"Chosen","floor":19,"turns":4},{"damage":0,"enemies":"3 Cultists","floor":22,"turns":5},{"damage":0,"enemies":"Cultist and Chosen","floor":24,"turns":7},{"damage":2,"enemies":"Book of Stabbing","floor":25,"turns":6},{"damage":12,"enemies":"Gremlin Leader","floor":28,"turns":5},{"damage":0,"enemies":"Automaton","floor":33,"turns":8},{"damage":0,"enemies":"3 Darklings","floor":35,"turns":3},{"damage":16,"enemies":"Nemesis","floor":40,"turns":5},{"damage":0,"enemies":"Mind Bloom Boss Battle","floor":42,"turns":5},{"damage":1,"enemies":"3 Shapes","floor":47,"turns":4},{"damage":12,"enemies":"3 Darklings","floor":48,"turns":2},{"damage":39,"enemies":"Awakened One","floor":50,"turns":7},{"damage":6,"enemies":"Shield and Spear","floor":54,"turns":5},{"damage":63,"enemies":"The Heart","floor":55,"turns":8}],"seed_played":"2311355055781717049","potions_obtained":[{"floor":1.0,"key":"EssenceOfSteel"},{"floor":4.0,"key":"Weak Potion"},{"floor":14,"key":"LiquidBronze"},{"floor":18,"key":"Dexterity Potion"},{"floor":22,"key":"LiquidBronze"},{"floor":28,"key":"SpeedPotion"},{"floor":35,"key":"Poison Potion"},{"floor":47,"key":"SkillPotion"}],"is_trial":false,"path_per_floor":["M","M","?","M","M","R","E","M","T","$","M","?","R","E","R","B",null,"M","M","$","?","M","R","M","E","T","R","E","?","R","$","R","B",null,"M","$","?","?","?","E","R","?","T","R","$","R","M","M","R","B",null,"R","$","E","B",null],"character_chosen":"THE_SILENT","items_purchased":["Footwork","Nunchaku","Cloak And Dagger","Infinite Blades","CunningPotion","BlessingOfTheForge"],"campfire_rested":0,"item_purchase_floors":[10,20,20,36,45,53],"current_hp_per_floor":[70,70,63,63,63,63,58,58,58,58,58,33,33,27,27,14,80,69,69,69,69,69,69,69,67,67,67,65,65,65,65,65,65,80,80,80,76,76,76,60,60,74,74,74,74,74,73,61,61,32,90,90,90,91,33],"gold":41,"neow_bonus":"UPGRADE_CARD","is_daily":false,"chose_seed":false,"campfire_upgraded":11,"win_rate":0.0,"timestamp":1613283537,"path_taken":["M","M","?","M","M","R","E","M","T","$","M","?","R","E","R","BOSS","M","M","$","?","M","R","M","E","T","R","E","?","R","?","R","BOSS","M","$","?","?","?","E","R","?","T","R","$","R","M","M","R","BOSS","R","$","E","BOSS"],"items_purchased_type":["Card","Relic","Card","Card","Potion","Potion"],"build_version":"2020-12-22","purchased_purges":5,"victory":true,"max_hp_per_floor":[70,70,70,70,70,70,80,80,80,80,80,80,80,80,80,80,80,80,80,80,80,80,80,80,80,80,80,80,80,80,80,80,80,80,80,80,76,76,76,76,76,90,90,90,90,90,90,90,90,90,90,90,90,97,97],"card_choices":[{"not_picked":["Masterful Stab","Choke"],"picked":"Quick Slash","floor":1.0},{"not_picked":["Poisoned Stab","Catalyst"],"picked":"Blade Dance","floor":2.0},{"not_picked":["Bane","Poisoned Stab"],"picked":"Sucker Punch","floor":4.0},{"not_picked":["Eviscerate","Calculated Gamble"],"picked":"Escape Plan","floor":5.0},{"not_picked":["Underhanded Strike","Burst"],"picked":"Backflip","floor":7.0},{"not_picked":["Tactician","Skewer"],"picked":"Cloak And Dagger","floor":8.0},{"not_picked":["Distraction","Bane","Outmaneuver"],"picked":"SKIP","floor":11},{"not_picked":["Acrobatics","Calculated Gamble"],"picked":"Bullet Time","floor":14},{"not_picked":["Night Terror","Die Die Die"],"picked":"Envenom","floor":16},{"not_picked":["Dodge and Roll+1","Underhanded Strike"],"picked":"Cloak And Dagger","floor":18},{"not_picked":["Dodge and Roll","Acrobatics+1"],"picked":"Escape Plan","floor":19},{"not_picked":["Glass Knife","Sucker Punch"],"picked":"Footwork+1","floor":22},{"not_picked":["Flying Knee+1","Finisher+1"],"picked":"Accuracy","floor":24},{"not_picked":["Tactician","Endless Agony","Dash+1"],"picked":"SKIP","floor":25},{"not_picked":["Backflip+1","Bane"],"picked":"Blade Dance","floor":28},{"not_picked":["Phantasmal Killer","Venomology"],"picked":"A Thousand Cuts","floor":33},{"not_picked":["Sucker Punch","Endless Agony","Bouncing Flask+1"],"picked":"SKIP","floor":35},{"not_picked":["Jack Of All Trades","PanicButton"],"picked":"Finesse","floor":39},{"not_picked":["Dodge and Roll","Riddle With Holes+1"],"picked":"Cloak And Dagger+1","floor":40},{"not_picked":["Deadly Poison","Leg Sweep+1"],"picked":"Blade Dance+1","floor":47},{"not_picked":["Blade Dance+1","Slice+1"],"picked":"Escape Plan+1","floor":48},{"not_picked":["Quick Slash","Caltrops"],"picked":"Cloak And Dagger+1","floor":54}],"player_experience":68496,"relics_obtained":[{"floor":7.0,"key":"Pear"},{"floor":14,"key":"Mercury Hourglass"},{"floor":25,"key":"Toy Ornithopter"},{"floor":26,"key":"Potion Belt"},{"floor":28,"key":"Incense Burner"},{"floor":40,"key":"Peace Pipe"},{"floor":42,"key":"Mango"},{"floor":43,"key":"Darkstone Periapt"},{"floor":54,"key":"Strawberry"}],"event_choices":[{"cards_removed":["Strike_G"],"damage_healed":0.0,"max_hp_gain":0.0,"max_hp_loss":0.0,"gold_gain":0.0,"event_name":"Golden Wing","player_choice":"Card Removal","floor":3.0,"gold_loss":0.0,"damage_taken":7.0},{"damage_healed":0,"gold_gain":0,"player_choice":"Success","damage_taken":25,"relics_obtained":["Smiling Mask"],"max_hp_gain":0,"max_hp_loss":0,"event_name":"Scrap Ooze","floor":12,"gold_loss":0},{"damage_healed":0,"gold_gain":0,"player_choice":"Read","damage_taken":0,"max_hp_gain":0,"max_hp_loss":0,"event_name":"The Library","floor":29,"gold_loss":0,"cards_obtained":["Infinite Blades"]},{"damage_healed":0,"gold_gain":0,"player_choice":"Max HP","damage_taken":0,"max_hp_gain":0,"max_hp_loss":4,"event_name":"Winding Halls","floor":37,"gold_loss":0},{"cards_removed":["Sucker Punch"],"damage_healed":0,"gold_gain":0,"player_choice":"Removed Attack","damage_taken":0,"max_hp_gain":0,"max_hp_loss":0,"event_name":"Falling","floor":38,"gold_loss":0},{"damage_healed":0,"gold_gain":0,"player_choice":"Memory 1","damage_taken":0,"max_hp_gain":0,"max_hp_loss":0,"event_name":"SensoryStone","floor":39,"gold_loss":0},{"damage_healed":0,"gold_gain":0,"player_choice":"Fight","damage_taken":0,"max_hp_gain":0,"max_hp_loss":0,"event_name":"MindBloom","floor":42,"gold_loss":0}],"is_beta":false,"boss_relics":[{"not_picked":["Black Star","SlaversCollar"],"picked":"Runic Pyramid"},{"not_picked":["Coffee Dripper","Tiny House"],"picked":"Astrolabe"}],"items_purged_floors":[10,20,31,36,45],"is_endless":false,"potions_floor_spawned":[1,4,14,18,22,28,35,47],"ascension_level":1}}