{"host":"gobyjzz6xbwq9f9i","time":1613269129,"event":{"mods":["AchievementEnabler","BaseMod","Bestiary","Colored Map","Minty Spire (QoL Compilation)","Relic Stats"],"gold_per_floor":[110,124,143,143,159,159,208,208,208,208,239,257,257,273,273,368,368,385,385,385],"floor_reached":19,"language":"ENG","playtime":732,"items_purged":[],"score":269,"play_id":"c1c342ea-2645-44ca-b019-c07ef9cc6b49","local_time":"20210213181849","is_ascension_mode":true,"campfire_choices":[{"data":"Sweeping Beam","floor":6.0,"key":"SMITH"},{"data":"Tempest","floor":8.0,"key":"SMITH"},{"data":"Chill","floor":10.0,"key":"SMITH"},{"data":"Coolheaded","floor":13.0,"key":"SMITH"},{"floor":15.0,"key":"REST"}],"circlet_count":0,"master_deck":["AscendersBane","Strike_B","Strike_B","Defend_B","Defend_B","Zap","Dualcast","All For One+1","Aggregate+1","Consume+1","Sweeping Beam+1","Cold Snap","Compile Driver","Chill+1","Coolheaded+1","Tempest+1","Ball Lightning","Core Surge","CurseOfTheBell","Leap+1"],"relics":["Astrolabe","Nunchaku","Bag of Marbles","Kunai","Calling Bell","Art of War","Letter Opener","Dead Branch"],"acts_visited":["Exordium","TheCity"],"potions_floor_usage":[],"damage_taken":[{"damage":11.0,"enemies":"2 Louse","floor":1.0,"turns":3.0},{"damage":18.0,"enemies":"Jaw Worm","floor":2.0,"turns":4.0},{"damage":1.0,"enemies":"Cultist","floor":3.0,"turns":3.0},{"damage":12.0,"enemies":"2 Fungi Beasts","floor":5.0,"turns":4.0},{"damage":5.0,"enemies":"Lagavulin","floor":7.0,"turns":8.0},{"damage":18.0,"enemies":"Gremlin Nob","floor":11.0,"turns":4.0},{"damage":3.0,"enemies":"Blue Slaver","floor":12.0,"turns":4.0},{"damage":4.0,"enemies":"Exordium Thugs","floor":14.0,"turns":3.0},{"damage":10.0,"enemies":"The Guardian","floor":16.0,"turns":12.0},{"damage":26,"enemies":"2 Thieves","floor":18,"turns":4},{"damage":0,"enemies":"3 Byrds","floor":19,"turns":2}],"seed_played":"-7096683848121060478","potions_obtained":[{"floor":3.0,"key":"ColorlessPotion"},{"floor":5.0,"key":"Regen Potion"},{"floor":7.0,"key":"ColorlessPotion"},{"floor":14.0,"key":"DistilledChaos"}],"is_trial":false,"path_per_floor":["M","M","M","?","M","R","E","R","T","R","E","M","R","M","R","B",null,"M","M"],"character_chosen":"DEFECT","items_purchased":[],"campfire_rested":1,"item_purchase_floors":[],"current_hp_per_floor":[57,39,38,38,26,26,21,21,21,21,3,12,12,8,30,20,61,35,35,35],"gold":385,"neow_bonus":"BOSS_RELIC","is_daily":false,"chose_seed":false,"campfire_upgraded":4,"win_rate":0.0,"timestamp":1613269129,"path_taken":["M","M","M","?","M","R","E","R","T","R","E","M","R","M","R","BOSS","M","M"],"items_purchased_type":[],"build_version":"2020-12-22","purchased_purges":0,"victory":false,"max_hp_per_floor":[75,75,75,75,75,75,75,75,75,75,75,75,75,75,75,75,75,75,75,75],"relic_stats":{"Nunchaku":[3],"counters":[11,51],"Astrolabe":["All For One","Aggregate","Consume"],"Dead Branch":[5],"Art of War":[0],"Kunai":[3],"Letter Opener":[20],"obtain_stats":[{"Calling Bell":17,"Nunchaku":7,"Astrolabe":0,"Dead Branch":17,"Bag of Marbles":9,"Art of War":17,"Kunai":11,"Letter Opener":17,"Cracked Core":0},{"Calling Bell":9,"Nunchaku":5,"Astrolabe":0,"Dead Branch":9,"Bag of Marbles":5,"Art of War":9,"Kunai":6,"Letter Opener":9,"Cracked Core":0},{"Calling Bell":45,"Nunchaku":22,"Astrolabe":0,"Dead Branch":45,"Bag of Marbles":22,"Art of War":45,"Kunai":26,"Letter Opener":45,"Cracked Core":0}]},"card_choices":[{"not_picked":["Hologram","Double Energy"],"picked":"Sweeping Beam","floor":1.0},{"not_picked":["Coolheaded","Stack"],"picked":"Cold Snap","floor":2.0},{"not_picked":["Turbo","Conserve Battery"],"picked":"Compile Driver","floor":3.0},{"not_picked":["Streamline","Double Energy"],"picked":"Coolheaded","floor":5.0},{"not_picked":["Darkness","Redo"],"picked":"Tempest","floor":7.0},{"not_picked":["Chill","Double Energy","Streamline"],"picked":"SKIP","floor":11.0},{"not_picked":["Rebound","Streamline"],"picked":"Ball Lightning","floor":12.0},{"not_picked":["Chill","Gash","Sunder"],"picked":"SKIP","floor":14.0},{"not_picked":["Hyperbeam","Fission"],"picked":"Core Surge","floor":16.0},{"not_picked":["Streamline","Go for the Eyes"],"picked":"Leap+1","floor":18}],"player_experience":1355594,"relics_obtained":[{"floor":7.0,"key":"Nunchaku"},{"floor":9.0,"key":"Bag of Marbles"},{"floor":11.0,"key":"Kunai"},{"floor":17,"key":"Art of War"},{"floor":17,"key":"Letter Opener"},{"floor":17,"key":"Dead Branch"}],"event_choices":[{"damage_healed":0.0,"max_hp_gain":0.0,"max_hp_loss":0.0,"gold_gain":0.0,"cards_transformed":["Strike_B"],"event_name":"Living Wall","player_choice":"Change","floor":4.0,"gold_loss":0.0,"damage_taken":0.0,"cards_obtained":["Chill"]}],"is_beta":false,"boss_relics":[{"not_picked":["Busted Crown","Ectoplasm"],"picked":"Calling Bell"}],"items_purged_floors":[],"is_endless":false,"potions_floor_spawned":[3,5,7,14],"killed_by":"3 Byrds","ascension_level":10}}