{"host":"nxma0dbhh74lxenq","time":1613282434,"event":{"mods":["Astrologer","BaseMod","Beaked The Cultist","CapriCore","Colored Map","DeckTracker","Gremlin Mod","Highlight Path","Koishi","Mad Scientist","Minty Spire (QoL Compilation)","StSLib","SuperFastMode","The Bladedancer","The Cursed","The Immortal","The Mystic","YoumuÅiç∞ÈÆódöÎÅj"],"gold_per_floor":[112,112,128,53,63,63,63],"floor_reached":6,"language":"JPN","playtime":177,"items_purged":[],"score":68,"play_id":"199fc42d-f6a6-464d-acad-5f39641c9b1d","local_time":"20210214150034","is_ascension_mode":true,"campfire_choices":[],"circlet_count":0,"master_deck":["AscendersBane","Koishi:BasicStrike","Koishi:BasicStrike","Koishi:BasicDefend","Koishi:BasicDefend","Koishi:BasicDefend","Koishi:BasicDefend","Koishi:Provoke","Koishi:HauntingSlash","Koishi:JumpScare","Koishi:PredatoryInstincts","Koishi:LastRemote"],"relics":["Koishi:ImaginaryFriend"],"acts_visited":["Exordium"],"potions_floor_usage":[6],"damage_taken":[{"damage":2,"enemies":"Jaw Worm","floor":1,"turns":6},{"damage":7,"enemies":"Small Slimes","floor":3,"turns":5},{"damage":7,"enemies":"2 Louse","floor":5,"turns":4},{"damage":46,"enemies":"Gremlin Nob","floor":6,"turns":4}],"seed_played":"-6915513468423833024","potions_obtained":[{"floor":0,"key":"Block Potion"},{"floor":0,"key":"EssenceOfSteel"}],"is_trial":false,"path_per_floor":["M","?","M","?","M","E"],"character_chosen":"KOISHI","items_purchased":[],"campfire_rested":0,"item_purchase_floors":[],"current_hp_per_floor":[51,44,41,41,46,0,0],"gold":63,"neow_bonus":"THREE_SMALL_POTIONS","is_daily":false,"chose_seed":false,"campfire_upgraded":0,"win_rate":0.0,"timestamp":1613282434,"path_taken":["M","?","M","?","M","E"],"items_purchased_type":[],"build_version":"2020-12-22","purchased_purges":0,"victory":false,"max_hp_per_floor":[57,57,57,57,57,57,57],"card_choices":[{"not_picked":["Koishi:Jaunt","Koishi:UnansweredLove"],"picked":"Koishi:JumpScare","floor":1},{"not_picked":["Koishi:HeartfeltFancy","Koishi:ParalyzingFear"],"picked":"Koishi:PredatoryInstincts","floor":3},{"not_picked":["Koishi:JumpScare","Koishi:Prune"],"picked":"Koishi:LastRemote","floor":5}],"player_experience":461682,"relics_obtained":[],"event_choices":[{"cards_removed":["Koishi:BasicStrike"],"damage_healed":0,"gold_gain":0,"player_choice":"Card Removal","damage_taken":7,"max_hp_gain":0,"max_hp_loss":0,"event_name":"Golden Wing","floor":2,"gold_loss":0},{"cards_removed":["Koishi:BasicStrike"],"damage_healed":0,"gold_gain":0,"player_choice":"Card Removal","damage_taken":0,"max_hp_gain":0,"max_hp_loss":0,"event_name":"The Cleric","floor":4,"gold_loss":75}],"is_beta":false,"boss_relics":[],"items_purged_floors":[],"is_endless":false,"potions_floor_spawned":[3],"killed_by":"Gremlin Nob","ascension_level":18}}