{"host":"7iv10lxbxedtd0qh","time":1613332390,"event":{"mods":["100% Spire Juice","Act Like it!","BaseMod","Bestiary","CapriCore","Colored Map","Colored Powertips","Downfall","Minty Spire (QoL Compilation)","Spire Arcade","StSLib","The Alterego","The Immortal","The Marked","TheVacant"],"gold_per_floor":[118,138,63,63,81,115,115,142,168,179,196,196,196,206,206,301,301,321,68,68,83,99,125,125,154,234,251,276,276,293,306,306,306,306,306],"floor_reached":33,"language":"ENG","playtime":1580,"items_purged":["MokouMod:Strike","MokouMod:Strike"],"score":361,"play_id":"2a0fc1aa-1852-4eab-9725-f8bca86f0ea1","local_time":"20210214205310","is_ascension_mode":true,"campfire_choices":[{"data":"Sadistic Nature","floor":7.0,"key":"SMITH"},{"data":"MokouMod:WarmUp","floor":12.0,"key":"SMITH"},{"data":"MokouMod:Overheat","floor":15.0,"key":"SMITH"},{"data":"MokouMod:WarmUp","floor":24,"key":"SMITH"},{"data":"MokouMod:Overheat","floor":29,"key":"SMITH"},{"data":"MokouMod:Sear","floor":32,"key":"SMITH"}],"circlet_count":0,"master_deck":["MokouMod:Strike","MokouMod:Strike","MokouMod:Defend","MokouMod:Defend","MokouMod:Defend","MokouMod:Defend","MokouMod:HeatSpark","Sadistic Nature+1","MokouMod:ResoluteFlare","MokouMod:Ember","MokouMod:Overheat+1","MokouMod:ScorchingColumn","MokouMod:WarmUp+1","MokouMod:BurningDraft","MokouMod:Overheat+1","MokouMod:TemporalFireSeal","MokouMod:TemporalFireSeal","MokouMod:WarmUp+1","MokouMod:Sear+1","MokouMod:Sear","MokouMod:ResoluteFlare+1","MokouMod:IllusoryBattlefield+1"],"relics":["MokouMod:PhoenixFeather","Bronze Scales","bronze:BronzeIdol","Pen Nib","Sundial","Philosopher\u0027s Stone","Lee\u0027s Waffle","Mercury Hourglass","Shovel","Molten Egg 2","Calipers"],"acts_visited":["Exordium","TheCity"],"potions_floor_usage":[16,16,23],"damage_taken":[{"damage":6.0,"enemies":"Jaw Worm","floor":1.0,"turns":4.0},{"damage":5.0,"enemies":"Cultist","floor":2.0,"turns":4.0},{"damage":0.0,"enemies":"Small Slimes","floor":5.0,"turns":2.0},{"damage":0.0,"enemies":"Gremlin Nob","floor":6.0,"turns":2.0},{"damage":18.0,"enemies":"Lagavulin","floor":8.0,"turns":6.0},{"damage":4.0,"enemies":"2 Fungi Beasts","floor":10.0,"turns":4.0},{"damage":2.0,"enemies":"Large Slime","floor":11.0,"turns":4.0},{"damage":8.0,"enemies":"3 Louse","floor":14.0,"turns":3.0},{"damage":15,"enemies":"The Guardian","floor":16,"turns":9},{"damage":24,"enemies":"3 Byrds","floor":18,"turns":4},{"damage":2,"enemies":"Chosen","floor":21,"turns":2},{"damage":19,"enemies":"Shelled Parasite and Fungi","floor":22,"turns":4},{"damage":30,"enemies":"Book of Stabbing","floor":23,"turns":5},{"damage":42,"enemies":"Slavers","floor":25,"turns":5},{"damage":0,"enemies":"Centurion and Healer","floor":27,"turns":4},{"damage":25,"enemies":"Gremlin Leader","floor":28,"turns":4},{"damage":0,"enemies":"Snake Plant","floor":30,"turns":3},{"damage":0,"enemies":"Snecko","floor":31,"turns":2},{"damage":18,"enemies":"Champ","floor":33,"turns":3}],"seed_played":"2652549049918739903","potions_obtained":[{"floor":2.0,"key":"ColorlessPotion"},{"floor":6.0,"key":"Dexterity Potion"},{"floor":10.0,"key":"BlessingOfTheForge"},{"floor":14.0,"key":"Guardian:BlockOnCardUsePotion"},{"floor":25,"key":"Dexterity Potion"},{"floor":27,"key":"SteroidPotion"},{"floor":30,"key":"Strength Potion"}],"is_trial":false,"path_per_floor":["M","M","$","?","M","E","R","E","T","M","M","R","?","M","R","B",null,"M","$","?","M","M","E","R","E","T","M","E","R","M","M","R","B"],"character_chosen":"MKU","items_purchased":["Lee\u0027s Waffle"],"campfire_rested":0,"item_purchase_floors":[19],"current_hp_per_floor":[62,57,57,57,57,57,57,39,39,35,33,33,33,25,25,10,68,44,75,75,73,54,24,24,18,18,18,18,18,18,18,18,0,0,0],"gold":306,"neow_bonus":"RANDOM_COLORLESS_2","is_daily":false,"chose_seed":false,"campfire_upgraded":6,"win_rate":0.0,"timestamp":1613332390,"path_taken":["M","M","$","?","M","E","R","E","T","?","?","R","?","M","R","BOSS","M","$","?","?","M","E","R","E","T","M","E","R","M","M","R","BOSS"],"items_purchased_type":["Relic"],"build_version":"2020-12-22","purchased_purges":2,"victory":false,"max_hp_per_floor":[68,68,68,68,68,68,68,68,68,68,68,68,68,68,68,68,68,68,75,75,75,75,75,75,75,75,75,75,75,75,75,75,75,75,75],"card_choices":[{"not_picked":["Secret Technique","Apotheosis"],"picked":"Sadistic Nature","floor":0.0},{"not_picked":["MokouMod:BlazingComet","MokouMod:ImperishableFlame"],"picked":"MokouMod:ResoluteFlare","floor":1.0},{"not_picked":["MokouMod:ResoluteFlare","MokouMod:FujiyamaVolcano"],"picked":"MokouMod:Ember","floor":2.0},{"not_picked":["MokouMod:Singe","MokouMod:SearingShot","MokouMod:FlickeringFlame"],"picked":"SKIP","floor":5.0},{"not_picked":["MokouMod:PhoenixFeathers","MokouMod:Firecracker"],"picked":"MokouMod:ScorchingColumn","floor":6.0},{"not_picked":["MokouMod:Meltdown","MokouMod:FlareStarter","MokouMod:Scorch"],"picked":"SKIP","floor":8.0},{"not_picked":["MokouMod:Combust","MokouMod:Scorch"],"picked":"MokouMod:WarmUp","floor":10.0},{"not_picked":["MokouMod:Sear","MokouMod:RoaringFlare"],"picked":"MokouMod:BurningDraft","floor":11.0},{"not_picked":["MokouMod:ResoluteFlare","MokouMod:EternalBurstReactor"],"picked":"MokouMod:Overheat","floor":14.0},{"not_picked":["MokouMod:AdaptivePyromancy","MokouMod:Combust+1"],"picked":"MokouMod:TemporalFireSeal","floor":18},{"not_picked":["MokouMod:FlareStarter+1","MokouMod:ShiftIgnition+1"],"picked":"MokouMod:TemporalFireSeal","floor":21},{"not_picked":["MokouMod:FlareStarter","MokouMod:ResoluteFlare"],"picked":"MokouMod:WarmUp","floor":22},{"not_picked":["MokouMod:Singe","MokouMod:Sear","MokouMod:GuidingSmoke"],"picked":"SKIP","floor":23},{"not_picked":["MokouMod:Singe","MokouMod:GuidingSmoke"],"picked":"MokouMod:Sear","floor":23},{"not_picked":["MokouMod:FujiyamaVolcano","MokouMod:HeatCyclone"],"picked":"MokouMod:Sear","floor":25},{"not_picked":["MokouMod:Ember+1","MokouMod:UncontrollableSolarReaction+1","MokouMod:Singe+1"],"picked":"SKIP","floor":27},{"not_picked":["MokouMod:FujiyamaVolcano+1","MokouMod:IndiscriminateIgnition"],"picked":"MokouMod:ResoluteFlare+1","floor":28},{"not_picked":["MokouMod:UncontrollableSolarReaction+1","MokouMod:Ember+1"],"picked":"MokouMod:IllusoryBattlefield+1","floor":30},{"not_picked":["MokouMod:ControlledCombustion","MokouMod:Sear","MokouMod:ShiftIgnition"],"picked":"SKIP","floor":31}],"player_experience":864487,"relics_obtained":[{"floor":6.0,"key":"Bronze Scales"},{"floor":8.0,"key":"bronze:BronzeIdol"},{"floor":9.0,"key":"Pen Nib"},{"floor":23,"key":"Mercury Hourglass"},{"floor":25,"key":"Shovel"},{"floor":26,"key":"Molten Egg 2"},{"floor":28,"key":"Calipers"}],"event_choices":[{"damage_healed":0.0,"max_hp_gain":0.0,"max_hp_loss":0.0,"gold_gain":0.0,"event_name":"Match and Keep!","player_choice":"1 cards matched","floor":4.0,"gold_loss":0.0,"damage_taken":0.0,"cards_obtained":["MokouMod:Overheat"]},{"cards_removed":["MokouMod:Strike"],"damage_healed":0,"gold_gain":0,"player_choice":"Offered Basic","damage_taken":0,"max_hp_gain":0,"max_hp_loss":0,"event_name":"Bonfire Elementals","floor":20,"gold_loss":0}],"is_beta":false,"boss_relics":[{"not_picked":["Empty Cage","Coffee Dripper"],"picked":"Philosopher\u0027s Stone"}],"items_purged_floors":[3,19],"is_endless":false,"potions_floor_spawned":[2,6,10,14,25,27,30],"killed_by":"Champ","ascension_level":1}}