{"host":"2l3i55whvwk76mom","time":1613261360,"event":{"mods":["BaseMod","Googly Eyes","Hubris","Minty Spire (QoL Compilation)","Replay The Spire","StSLib"],"gold_per_floor":[111,111,130,130,141,175,175,201,201,55,69,69,103,219,219,323,323,333,49,67,67,67,67,67,67],"floor_reached":24,"language":"ENG","playtime":1280,"items_purged":["Strike_R","Strike_R"],"score":347,"play_id":"63913237-db13-46fa-ae5e-09d190aa26cd","local_time":"20210213160920","is_ascension_mode":true,"campfire_choices":[{"floor":7,"key":"REST"},{"data":"Heavy Blade","floor":15,"key":"SMITH"},{"floor":23,"key":"REST"}],"circlet_count":0,"master_deck":["Strike_R","Strike_R","Strike_R","Defend_R","Defend_R","Defend_R","Defend_R","Bash+1","Demon Form","Shrug It Off","Shrug It Off","Inflame","Carnage","Heavy Blade+1","ReplayTheSpireMod:LeadingStrike","Infernal Blade+1","Rage","Blood for Blood","Feed","Rage","HandOfGreed","Cleave"],"relics":["Burning Blood","hubris:Icosahedron","Juzu Bracelet","Omamori","Pantograph","Potion Belt","hubris:Backtick","Paper Frog","MutagenicStrength"],"acts_visited":["Exordium","TheCity"],"potions_floor_usage":[6,13,16,18,20],"damage_taken":[{"damage":14,"enemies":"2 Louse","floor":1,"turns":4},{"damage":4,"enemies":"Jaw Worm","floor":3,"turns":3},{"damage":17,"enemies":"Small Slimes","floor":5,"turns":5},{"damage":33,"enemies":"Gremlin Nob","floor":6,"turns":5},{"damage":9,"enemies":"Lagavulin","floor":8,"turns":7},{"damage":7,"enemies":"3 Louse","floor":11,"turns":3},{"damage":6,"enemies":"Replay:BlueRogue","floor":13,"turns":4},{"damage":9,"enemies":"Red Slaver","floor":14,"turns":3},{"damage":27,"enemies":"Fading Forest","floor":16,"turns":11},{"damage":20,"enemies":"3 Byrds","floor":18,"turns":7},{"damage":48,"enemies":"Chosen","floor":20,"turns":8},{"damage":58,"enemies":"Gremlin Leader","floor":24,"turns":5}],"seed_played":"-5840109803229068999","potions_obtained":[{"floor":5,"key":"SpeedPotion"},{"floor":6,"key":"Swift Potion"},{"floor":11,"key":"BlessingOfTheForge"},{"floor":13,"key":"Elixir"},{"floor":16,"key":"DistilledChaos"}],"is_trial":false,"path_per_floor":["M","?","M","?","M","E","R","E","T","$","M","?","E","M","R","B",null,"M","$","M","?","?","R","E"],"character_chosen":"IRONCLAD","items_purchased":["Offering","HandOfGreed"],"campfire_rested":2,"item_purchase_floors":[10,19],"current_hp_per_floor":[64,64,66,66,55,28,52,49,49,49,48,48,48,45,45,57,74,63,63,24,24,24,49,0,0],"gold":67,"neow_bonus":"ONE_RANDOM_RARE_CARD","is_daily":false,"chose_seed":false,"campfire_upgraded":1,"win_rate":0.0,"timestamp":1613261360,"path_taken":["M","?","M","?","M","E","R","E","T","$","M","?","E","M","R","BOSS","M","$","M","?","?","R","E"],"items_purchased_type":["Card","Card"],"build_version":"2020-12-22","purchased_purges":2,"victory":false,"max_hp_per_floor":[80,80,80,80,80,80,80,80,80,80,80,80,80,80,80,80,80,83,83,86,86,86,86,86,86],"card_choices":[{"not_picked":["Wild Strike","Abandon"],"picked":"Shrug It Off","floor":1},{"not_picked":["Headbutt","Thunderclap"],"picked":"Shrug It Off","floor":3},{"not_picked":["Armaments","Run Through"],"picked":"Inflame","floor":5},{"not_picked":["Rage","ReplayTheSpireMod:Muscle Training"],"picked":"Carnage","floor":6},{"not_picked":["Warcry","Dark Embrace"],"picked":"Heavy Blade","floor":8},{"not_picked":["True Grit","Run Through"],"picked":"ReplayTheSpireMod:LeadingStrike","floor":11},{"not_picked":["Replay:Many Hands","Body Slam"],"picked":"Rage","floor":13},{"not_picked":["Rupture","Heavy Blade"],"picked":"Blood for Blood","floor":14},{"not_picked":["Replay:Many Hands","Corruption"],"picked":"Feed","floor":16},{"not_picked":["Body Slam","Blood for Blood+1"],"picked":"Rage","floor":18},{"not_picked":["Armaments","Shrug It Off+1"],"picked":"Cleave","floor":20}],"player_experience":372571,"relics_obtained":[{"floor":6,"key":"Juzu Bracelet"},{"floor":8,"key":"Omamori"},{"floor":9,"key":"Pantograph"},{"floor":13,"key":"Potion Belt"}],"event_choices":[{"damage_healed":0,"gold_gain":0,"player_choice":"Inject Mutagens","damage_taken":0,"relics_obtained":["MutagenicStrength"],"max_hp_gain":0,"max_hp_loss":0,"event_name":"Drug Dealer","floor":21,"gold_loss":0},{"damage_healed":0,"gold_gain":0,"player_choice":"Ignored","damage_taken":0,"max_hp_gain":0,"max_hp_loss":0,"event_name":"Ghosts","floor":22,"gold_loss":0}],"is_beta":false,"boss_relics":[{"not_picked":["Painkiller Herb","SlaversCollar"],"picked":"hubris:Backtick"}],"items_purged_floors":[10,19],"is_endless":false,"potions_floor_spawned":[5,6,11,13,16],"killed_by":"Gremlin Leader","ascension_level":9}}