{"host":"nsc6ozq3atyrdr3m","time":1613317567,"event":{"mods":["BaseMod","Colored Map","Minty Spire (QoL Compilation)"],"gold_per_floor":[115,130,305,305,43,386,38,68,68,143,200,200,215,238,238,367,367,385,380,380,380],"floor_reached":20,"language":"FRA","playtime":467,"items_purged":["Doubt"],"score":236,"play_id":"df09c8e8-84dd-4222-a747-844b3d205cf3","local_time":"20210214164607","is_ascension_mode":true,"campfire_choices":[{"floor":12,"key":"REST"},{"data":"Loop","floor":15,"key":"SMITH"}],"circlet_count":0,"master_deck":["Strike_B","Strike_B","Strike_B","Strike_B","Defend_B","Defend_B","Defend_B","Defend_B","Zap","Dualcast","Tempest","Blizzard","Chill","Redo","Melter","Loop+1","Stack","Consume","Machine Learning","Glacier"],"relics":["Cracked Core","NeowsBlessing","Golden Idol","Runic Capacitor","Old Coin","Cables","Odd Mushroom","Matryoshka","Inserter"],"acts_visited":["Exordium","TheCity"],"potions_floor_usage":[16,16,20],"damage_taken":[{"damage":0,"enemies":"2 Louse","floor":1,"turns":1},{"damage":0,"enemies":"Small Slimes","floor":2,"turns":1},{"damage":0,"enemies":"Lagavulin","floor":6,"turns":1},{"damage":19,"enemies":"The Mushroom Lair","floor":8,"turns":3},{"damage":0,"enemies":"Jaw Worm","floor":13,"turns":3},{"damage":14,"enemies":"Blue Slaver","floor":14,"turns":3},{"damage":30,"enemies":"The Guardian","floor":16,"turns":7},{"damage":6,"enemies":"Spheric Guardian","floor":18,"turns":4},{"damage":50,"enemies":"2 Thieves","floor":19,"turns":5},{"damage":21,"enemies":"Shelled Parasite and Fungi","floor":20,"turns":3}],"seed_played":"-8320051627905470033","potions_obtained":[{"floor":2,"key":"Dexterity Potion"},{"floor":8,"key":"EssenceOfSteel"},{"floor":13,"key":"FocusPotion"},{"floor":16,"key":"CultistPotion"}],"is_trial":false,"path_per_floor":["M","M","?","?","$","E","$","?","T","?","?","R","M","M","R","B",null,"M","M","M"],"character_chosen":"DEFECT","items_purchased":["Runic Capacitor","Chill","Redo","Cables","Loop"],"campfire_rested":1,"item_purchase_floors":[5,5,5,7,7],"current_hp_per_floor":[75,75,75,57,57,57,57,38,38,27,27,49,49,35,35,5,75,69,19,0,0],"gold":380,"neow_bonus":"THREE_ENEMY_KILL","is_daily":false,"chose_seed":false,"campfire_upgraded":1,"win_rate":0.0,"timestamp":1613317567,"path_taken":["M","M","?","?","$","E","$","?","T","?","?","R","M","M","R","BOSS","M","M","M"],"items_purchased_type":["Relic","Card","Card","Relic","Card"],"build_version":"2020-12-22","purchased_purges":1,"victory":false,"max_hp_per_floor":[75,75,75,75,75,75,75,75,75,75,75,75,75,75,75,75,75,75,75,75,75],"card_choices":[{"not_picked":["Rebound","Streamline"],"picked":"Tempest","floor":1},{"not_picked":["FTL","Cold Snap"],"picked":"Blizzard","floor":2},{"not_picked":["Steam","Turbo"],"picked":"Melter","floor":6},{"not_picked":["Ball Lightning","Fusion"],"picked":"Stack","floor":8},{"not_picked":["Melter","Scrape","Doom and Gloom"],"picked":"SKIP","floor":13},{"not_picked":["Storm","Turbo"],"picked":"Consume","floor":14},{"not_picked":["Thunder Strike","All For One"],"picked":"Machine Learning","floor":16},{"not_picked":["Capacitor","Stack"],"picked":"Glacier","floor":18},{"not_picked":["Go for the Eyes","Beam Cell","Compile Driver"],"picked":"SKIP","floor":19}],"player_experience":415569,"relics_obtained":[{"floor":6,"key":"Old Coin"},{"floor":8,"key":"Odd Mushroom"},{"floor":9,"key":"Matryoshka"}],"event_choices":[{"damage_healed":0,"gold_gain":175,"player_choice":"AGREE","damage_taken":0,"max_hp_gain":0,"max_hp_loss":0,"event_name":"Liars Game","floor":3,"gold_loss":0,"cards_obtained":["Doubt"]},{"damage_healed":0,"gold_gain":0,"player_choice":"Take Damage","damage_taken":18,"relics_obtained":["Golden Idol"],"max_hp_gain":0,"max_hp_loss":0,"event_name":"Golden Idol","floor":4,"gold_loss":0},{"damage_healed":0,"gold_gain":0,"player_choice":"Fought Mushrooms","damage_taken":0,"max_hp_gain":0,"max_hp_loss":0,"event_name":"Mushrooms","floor":8,"gold_loss":0},{"damage_healed":0,"gold_gain":75,"player_choice":"Gather Gold","damage_taken":11,"max_hp_gain":0,"max_hp_loss":0,"event_name":"World of Goop","floor":10,"gold_loss":0},{"damage_healed":0,"gold_gain":57,"player_choice":"Gained Gold","damage_taken":0,"max_hp_gain":0,"max_hp_loss":0,"event_name":"Golden Wing","floor":11,"gold_loss":0}],"is_beta":false,"boss_relics":[{"not_picked":["Nuclear Battery","Runic Pyramid"],"picked":"Inserter"}],"items_purged_floors":[7],"is_endless":false,"potions_floor_spawned":[2,8,13,16],"killed_by":"Shelled Parasite and Fungi","ascension_level":4}}