{"host":"t5vp0whyqzs05fb6","time":1613281577,"event":{"mods":["AchievementEnabler","BaseMod","Colored Map","Minty Spire (QoL Compilation)","Rare Cards Sparkle","SuperFastMode","everything is the same but u backflip on backflip"],"gold_per_floor":[110,126,146,164,180,180,180,197,221,255,274,307,327,338,338,338,338],"floor_reached":16,"language":"KOR","playtime":422,"items_purged":[],"score":118,"play_id":"507b4013-0e48-4339-9dc2-5b824ab54778","local_time":"20210214144617","is_ascension_mode":false,"campfire_choices":[{"data":"Clothesline","floor":6.0,"key":"SMITH"},{"data":"1","floor":15.0,"key":"LIFT"}],"circlet_count":0,"master_deck":["Strike_R","Strike_R","Strike_R","Strike_R","Defend_R","Defend_R","Defend_R","Bash","Thunderclap","Shrug It Off","Clothesline+1","Shrug It Off","Carnage","Pommel Strike","Barricade"],"relics":["Burning Blood","Oddly Smooth Stone","Girya","Pen Nib"],"acts_visited":["Exordium"],"potions_floor_usage":[],"damage_taken":[{"damage":10.0,"enemies":"Cultist","floor":1.0,"turns":4.0},{"damage":11.0,"enemies":"2 Louse","floor":2.0,"turns":3.0},{"damage":12.0,"enemies":"Small Slimes","floor":3.0,"turns":5.0},{"damage":12.0,"enemies":"2 Fungi Beasts","floor":4.0,"turns":3.0},{"damage":13.0,"enemies":"Red Slaver","floor":5.0,"turns":4.0},{"damage":21.0,"enemies":"Lots of Slimes","floor":8.0,"turns":5.0},{"damage":26.0,"enemies":"Lagavulin","floor":10.0,"turns":8.0},{"damage":0.0,"enemies":"Blue Slaver","floor":11.0,"turns":5.0},{"damage":5.0,"enemies":"3 Sentries","floor":12.0,"turns":14.0},{"damage":0.0,"enemies":"Large Slime","floor":13.0,"turns":5.0},{"damage":0.0,"enemies":"2 Fungi Beasts","floor":14.0,"turns":2.0},{"damage":0,"enemies":"The Guardian","floor":16,"turns":2}],"seed_played":"-7835248737609186628","potions_obtained":[{"floor":3.0,"key":"SpeedPotion"},{"floor":5.0,"key":"PowerPotion"},{"floor":10.0,"key":"EssenceOfSteel"},{"floor":12.0,"key":"SkillPotion"},{"floor":13.0,"key":"SteroidPotion"}],"is_trial":false,"path_per_floor":["M","M","M","M","M","R","?","M","T","E","M","E","M","M","R","B"],"character_chosen":"IRONCLAD","items_purchased":[],"campfire_rested":0,"item_purchase_floors":[],"current_hp_per_floor":[68,63,57,51,44,44,44,29,29,9,15,16,22,28,28,28,28],"gold":338,"neow_bonus":"REMOVE_TWO","is_daily":false,"chose_seed":false,"campfire_upgraded":1,"win_rate":0.0,"timestamp":1613281577,"path_taken":["M","M","M","M","M","R","?","M","T","E","M","E","?","M","R","BOSS"],"items_purchased_type":[],"build_version":"2020-12-22","purchased_purges":0,"victory":false,"max_hp_per_floor":[72,72,72,72,72,72,72,72,72,72,72,72,72,72,72,72,72],"card_choices":[{"not_picked":["Twin Strike","Flame Barrier"],"picked":"Thunderclap","floor":1.0},{"not_picked":["Flex","Metallicize"],"picked":"Shrug It Off","floor":2.0},{"not_picked":["Havoc","Bloodletting"],"picked":"Clothesline","floor":3.0},{"not_picked":["Intimidate","Seeing Red","Clash"],"picked":"SKIP","floor":4.0},{"not_picked":["Juggernaut","Metallicize","Thunderclap"],"picked":"SKIP","floor":5.0},{"not_picked":["Feel No Pain","Cleave"],"picked":"Shrug It Off","floor":8.0},{"not_picked":["Clash","Heavy Blade"],"picked":"Carnage","floor":10.0},{"not_picked":["Armaments","Anger","Berserk"],"picked":"SKIP","floor":11.0},{"not_picked":["Rupture","Havoc"],"picked":"Pommel Strike","floor":12.0},{"not_picked":["Iron Wave","Anger"],"picked":"Barricade","floor":13.0},{"not_picked":["Clash","Warcry","Wild Strike"],"picked":"SKIP","floor":14.0}],"player_experience":213782,"relics_obtained":[{"floor":9.0,"key":"Oddly Smooth Stone"},{"floor":10.0,"key":"Girya"},{"floor":12.0,"key":"Pen Nib"}],"event_choices":[{"damage_healed":0.0,"max_hp_gain":0.0,"max_hp_loss":0.0,"gold_gain":0.0,"event_name":"The Woman in Blue","player_choice":"Bought 0 Potions","floor":7.0,"gold_loss":0.0,"damage_taken":0.0}],"is_beta":false,"boss_relics":[],"items_purged_floors":[],"is_endless":false,"potions_floor_spawned":[3,5,10,12,13],"killed_by":"The Guardian","ascension_level":0}}