{"host":"seujf6kmfn3ctpoe","time":1613334900,"event":{"mods":["BaseMod","Colored Map","Jedi Mod","Minty Spire (QoL Compilation)","Permanent Neow","Relic Sorter","Relic Stats","StSLib"],"gold_per_floor":[111,123,123,223,135,135,164,179,179,209,225,225,236,256,256,354,354,365,61,73,89,104,104,122,122,122,142,68,68,68,80,80,181,181,194,219,229,239,188,188,188,188],"floor_reached":41,"language":"ENG","playtime":2348,"items_purged":[],"score":454,"play_id":"a8f5f124-c9e1-40b2-bfe7-3ce9ea74d505","local_time":"20210214213500","is_ascension_mode":true,"campfire_choices":[{"data":"jedi:strikingstrike","floor":6,"key":"SMITH"},{"data":"jedi:bloodyhammer","floor":12,"key":"SMITH"},{"data":"Perfected Strike","floor":15,"key":"SMITH"},{"data":"jedi:strikingstrike","floor":23,"key":"SMITH"},{"data":"Strike_R","floor":25,"key":"SMITH"},{"data":"Strike_R","floor":32,"key":"SMITH"},{"data":"Shrug It Off","floor":40,"key":"SMITH"}],"circlet_count":0,"master_deck":["Strike_R","Strike_R","Strike_R","Strike_R+1","Strike_R+1","Defend_R","Defend_R","Defend_R","Defend_R","Bash+1","jedi:strikingstrike+1","Shrug It Off+1","jedi:forcepull+1","Perfected Strike+1","jedi:bloodyhammer+1","jedi:strikingstrike+1","Perfected Strike+1","Twin Strike+1","Dual Wield+1","Berserk+1","Shrug It Off+1"],"relics":["Burning Blood","Eternal Feather","Ornamental Fan","jedi:leech","Runic Cube","jedi:arcanewood","Tiny Chest","Vajra","SlaversCollar","Centennial Puzzle"],"acts_visited":["Exordium","TheCity","TheBeyond"],"potions_floor_usage":[14,16,33],"damage_taken":[{"damage":0,"enemies":"Small Slimes","floor":1,"turns":3},{"damage":3,"enemies":"Jaw Worm","floor":2,"turns":4},{"damage":33,"enemies":"Lagavulin","floor":7,"turns":6},{"damage":0,"enemies":"Cultist","floor":8,"turns":1},{"damage":40,"enemies":"3 Sentries","floor":10,"turns":12},{"damage":0,"enemies":"3 Louse","floor":11,"turns":4},{"damage":9,"enemies":"Blue Slaver","floor":13,"turns":3},{"damage":0,"enemies":"Exordium Wildlife","floor":14,"turns":4},{"damage":37,"enemies":"Hexaghost","floor":16,"turns":10},{"damage":12,"enemies":"Shell Parasite","floor":18,"turns":4},{"damage":6,"enemies":"Chosen","floor":20,"turns":4},{"damage":18,"enemies":"3 Cultists","floor":21,"turns":4},{"damage":17,"enemies":"Snake Plant","floor":22,"turns":2},{"damage":0,"enemies":"Snecko","floor":24,"turns":3},{"damage":11,"enemies":"Centurion and Healer","floor":27,"turns":5},{"damage":8,"enemies":"Cultist and Chosen","floor":31,"turns":3},{"damage":48,"enemies":"Automaton","floor":33,"turns":7},{"damage":16,"enemies":"3 Shapes","floor":35,"turns":6},{"damage":10,"enemies":"Orb Walker","floor":37,"turns":2},{"damage":20,"enemies":"Sphere and 2 Shapes","floor":38,"turns":4},{"damage":99,"enemies":"Nemesis","floor":41,"turns":5}],"seed_played":"5196510469283094762","potions_obtained":[{"floor":7,"key":"AttackPotion"},{"floor":10,"key":"DuplicationPotion"},{"floor":11,"key":"SpeedPotion"},{"floor":14,"key":"jedi:wingpotion"},{"floor":18,"key":"ColorlessPotion"},{"floor":24,"key":"Block Potion"},{"floor":35,"key":"PowerPotion"}],"is_trial":false,"path_per_floor":["M","M","?","?","$","R","E","M","T","E","M","R","M","M","R","B",null,"M","$","M","M","M","R","M","R","T","M","$","?","?","M","R","B",null,"M","T","M","M","$","R","E"],"character_chosen":"IRONCLAD","items_purchased":["jedi:forcepull","jedi:arcanewood","Tiny Chest","Dual Wield","Shrug It Off"],"campfire_rested":0,"item_purchase_floors":[5,19,19,28,39],"current_hp_per_floor":[72,72,72,72,72,72,45,51,51,17,23,32,29,35,44,13,72,66,66,66,54,43,52,58,67,67,62,62,62,49,47,56,14,77,67,67,63,49,49,61,0,0],"gold":188,"neow_bonus":"THREE_RARE_CARDS","is_daily":false,"chose_seed":false,"campfire_upgraded":7,"win_rate":0.0,"timestamp":1613334900,"path_taken":["M","M","?","?","$","R","E","?","T","E","M","R","M","M","R","BOSS","M","$","M","M","M","R","M","R","T","M","$","?","?","?","R","BOSS","M","?","M","?","?","R","E"],"items_purchased_type":["Card","Relic","Relic","Card","Card"],"build_version":"2020-12-22","purchased_purges":0,"victory":false,"max_hp_per_floor":[72,72,72,72,72,72,72,72,72,72,72,72,72,72,72,72,72,72,72,72,72,72,72,72,72,72,72,72,72,77,77,77,77,77,77,77,77,77,77,77,77,77],"relic_stats":{"Centennial Puzzle":[9],"counters":[21,96],"Ornamental Fan":[80],"Eternal Feather":57,"Tiny Chest":1,"obtain_stats":[{"jedi:leech":10,"SlaversCollar":34,"Centennial Puzzle":36,"Ornamental Fan":9,"Vajra":26,"Eternal Feather":7,"Tiny Chest":19,"jedi:arcanewood":19,"Burning Blood":0,"Runic Cube":17},{"jedi:leech":5,"SlaversCollar":17,"Centennial Puzzle":18,"Ornamental Fan":4,"Vajra":14,"Eternal Feather":3,"Tiny Chest":10,"jedi:arcanewood":10,"Burning Blood":0,"Runic Cube":9},{"jedi:leech":26,"SlaversCollar":79,"Centennial Puzzle":85,"Ornamental Fan":14,"Vajra":64,"Eternal Feather":13,"Tiny Chest":51,"jedi:arcanewood":51,"Burning Blood":0,"Runic Cube":47}],"Burning Blood":111,"Runic Cube":[33]},"card_choices":[{"not_picked":["Offering","Fiend Fire"],"picked":"jedi:strikingstrike","floor":0},{"not_picked":["Flex","Clash"],"picked":"Shrug It Off","floor":1},{"not_picked":["Headbutt","Sword Boomerang","Reckless Charge"],"picked":"SKIP","floor":2},{"not_picked":["Wild Strike","Iron Wave"],"picked":"Perfected Strike","floor":7},{"not_picked":["Limit Break","jedi:fear","Perfected Strike"],"picked":"SKIP","floor":8},{"not_picked":["Thunderclap","Dual Wield"],"picked":"jedi:bloodyhammer","floor":10},{"not_picked":["jedi:fear","Clash","Anger"],"picked":"SKIP","floor":11},{"not_picked":["Flex","jedi:fear","Rage"],"picked":"SKIP","floor":13},{"not_picked":["Rampage","jedi:MakeshiftSword","Offering"],"picked":"SKIP","floor":14},{"not_picked":["Barricade","Juggernaut"],"picked":"jedi:strikingstrike","floor":16},{"not_picked":["Flex","Feel No Pain"],"picked":"Perfected Strike+1","floor":18},{"not_picked":["jedi:fear","Sword Boomerang","Body Slam+1"],"picked":"SKIP","floor":20},{"not_picked":["Reckless Charge","Havoc","Combust"],"picked":"SKIP","floor":21},{"not_picked":["Reckless Charge","Havoc","Combust"],"picked":"SKIP","floor":21},{"not_picked":["jedi:fear+1","Iron Wave","Hemokinesis"],"picked":"SKIP","floor":22},{"not_picked":["Hemokinesis","jedi:hate"],"picked":"Twin Strike+1","floor":24},{"not_picked":["Barricade","Armaments+1","Warcry"],"picked":"SKIP","floor":27},{"not_picked":["Clothesline","Iron Wave","Dual Wield+1"],"picked":"SKIP","floor":31},{"not_picked":["Reaper","Exhume"],"picked":"Berserk","floor":33},{"not_picked":["Rampage+1","Anger","True Grit"],"picked":"SKIP","floor":35},{"not_picked":["Anger","Wild Strike","Blood for Blood+1"],"picked":"SKIP","floor":37},{"not_picked":["Sever Soul","Twin Strike+1","Armaments+1"],"picked":"SKIP","floor":38}],"player_experience":442873,"relics_obtained":[{"floor":7,"key":"Eternal Feather"},{"floor":9,"key":"Ornamental Fan"},{"floor":10,"key":"jedi:leech"},{"floor":26,"key":"Vajra"},{"floor":36,"key":"Centennial Puzzle"}],"event_choices":[{"damage_healed":0,"gold_gain":0,"player_choice":"Ignored","damage_taken":0,"max_hp_gain":0,"max_hp_loss":0,"event_name":"Golden Wing","floor":3,"gold_loss":0},{"damage_healed":0,"gold_gain":100,"player_choice":"Gold","damage_taken":0,"max_hp_gain":0,"max_hp_loss":0,"event_name":"Wheel of Change","floor":4,"gold_loss":0},{"damage_healed":0,"gold_gain":0,"player_choice":"Ignored","damage_taken":0,"max_hp_gain":0,"max_hp_loss":0,"event_name":"Ghosts","floor":29,"gold_loss":0},{"damage_healed":0,"gold_gain":0,"player_choice":"Shed Blood","damage_taken":18,"max_hp_gain":5,"max_hp_loss":0,"event_name":"Forgotten Altar","floor":30,"gold_loss":0}],"is_beta":false,"boss_relics":[{"not_picked":["Empty Cage","Runic Dome"],"picked":"Runic Cube"},{"not_picked":["Black Star","Snecko Eye"],"picked":"SlaversCollar"}],"items_purged_floors":[],"is_endless":false,"potions_floor_spawned":[7,10,11,14,18,22,24,31,35,38],"killed_by":"Nemesis","ascension_level":1}}