{"host":"ibckqdmmf9y74ymf","time":1613321579,"event":{"mods":["2.2 Compatiblity","BaseMod","Colored Map","Curses Come First","Highlight Path","Minty Spire (QoL Compilation)","Quick Restart","Rare Cards Sparkle","Relic Stats","StSLib"],"gold_per_floor":[116,116,133,146,166,166,194,79,126,159,177,177,197,212,212,288,288,299,599,617,631,649,684,9,38,38,55,86,104,104,119,119,196,196,210,227,244,244,255,283,294,312,312,342,353,403,436,84,84,84,84,84,84,5,36,36],"floor_reached":57,"language":"ENG","playtime":3948,"items_purged":["Strike_R","Iron Wave","Perfected Strike"],"score":3069,"play_id":"75f11202-f674-4cea-9448-1b7b195cea79","local_time":"20210214175259","is_ascension_mode":true,"campfire_choices":[{"data":"Bash","floor":6.0,"key":"SMITH"},{"data":"Feed","floor":12.0,"key":"SMITH"},{"data":"Dual Wield","floor":15.0,"key":"SMITH"},{"data":"Spot Weakness","floor":30.0,"key":"SMITH"},{"data":"Impervious","floor":32.0,"key":"SMITH"},{"floor":49,"key":"RECALL"},{"data":"Feel No Pain","floor":53,"key":"SMITH"}],"circlet_count":0,"master_deck":["AscendersBane","Bash+1","Clothesline","Dual Wield+1","Evolve","Feed+1","Spot Weakness+1","Power Through","Corruption","Seeing Red","Disarm","Blood for Blood","Flame Barrier","Barricade","Sentinel","Flame Barrier","Shrug It Off","Impervious+1","Impervious","Anger+1","Bloodletting","Reaper+1","Havoc","Shockwave","Battle Trance","Shrug It Off","Feel No Pain+1","Body Slam+1","Shrug It Off","Flame Barrier","Battle Trance","Dark Embrace","Fiend Fire+1","Shrug It Off","Shockwave","Entrench+1"],"relics":["Snecko Eye","Meat on the Bone","Orichalcum","Cursed Key","Old Coin","MawBank","ClockworkSouvenir","Toy Ornithopter","Pocketwatch","Molten Egg 2","Pandora\u0027s Box","Happy Flower","Lantern","Kunai","Mercury Hourglass"],"acts_visited":["Exordium","TheCity","TheBeyond","TheEnding"],"potions_floor_usage":[56,56],"damage_taken":[{"damage":7.0,"enemies":"Jaw Worm","floor":1.0,"turns":3.0},{"damage":2.0,"enemies":"2 Louse","floor":3.0,"turns":2.0},{"damage":0.0,"enemies":"Cultist","floor":4.0,"turns":2.0},{"damage":6.0,"enemies":"2 Fungi Beasts","floor":5.0,"turns":3.0},{"damage":10.0,"enemies":"3 Sentries","floor":7.0,"turns":6.0},{"damage":0.0,"enemies":"Gremlin Nob","floor":10.0,"turns":2.0},{"damage":9.0,"enemies":"Exordium Wildlife","floor":11.0,"turns":3.0},{"damage":13.0,"enemies":"Exordium Thugs","floor":13.0,"turns":6.0},{"damage":10.0,"enemies":"Lots of Slimes","floor":14.0,"turns":3.0},{"damage":28.0,"enemies":"Hexaghost","floor":16.0,"turns":8.0},{"damage":0.0,"enemies":"Chosen","floor":18.0,"turns":3.0},{"damage":4.0,"enemies":"3 Byrds","floor":20.0,"turns":5.0},{"damage":13.0,"enemies":"Centurion and Healer","floor":21.0,"turns":5.0},{"damage":0.0,"enemies":"Chosen and Byrds","floor":22.0,"turns":5.0},{"damage":32.0,"enemies":"Slavers","floor":23.0,"turns":5.0},{"damage":23.0,"enemies":"Book of Stabbing","floor":25.0,"turns":5.0},{"damage":14.0,"enemies":"Shelled Parasite and Fungi","floor":27.0,"turns":4.0},{"damage":0.0,"enemies":"Gremlin Leader","floor":28.0,"turns":7.0},{"damage":12.0,"enemies":"Snake Plant","floor":29.0,"turns":6.0},{"damage":0.0,"enemies":"Sentry and Sphere","floor":31.0,"turns":5.0},{"damage":10.0,"enemies":"Automaton","floor":33.0,"turns":6.0},{"damage":4,"enemies":"Orb Walker","floor":35,"turns":4},{"damage":0,"enemies":"3 Darklings","floor":36,"turns":6},{"damage":13,"enemies":"4 Shapes","floor":37,"turns":4},{"damage":0,"enemies":"Maw","floor":39,"turns":8},{"damage":54,"enemies":"Reptomancer","floor":40,"turns":7},{"damage":3,"enemies":"Spire Growth","floor":41,"turns":5},{"damage":10,"enemies":"Writhing Mass","floor":42,"turns":5},{"damage":7,"enemies":"Giant Head","floor":44,"turns":5},{"damage":0,"enemies":"Jaw Worm Horde","floor":45,"turns":5},{"damage":13,"enemies":"Reptomancer","floor":47,"turns":6},{"damage":104,"enemies":"Awakened One","floor":50,"turns":13},{"damage":37,"enemies":"Donu and Deca","floor":51,"turns":7},{"damage":86,"enemies":"Shield and Spear","floor":55,"turns":7},{"damage":32,"enemies":"The Heart","floor":56,"turns":8}],"seed_played":"8370867599722981673","potions_obtained":[{"floor":4.0,"key":"ColorlessPotion"},{"floor":5.0,"key":"CultistPotion"},{"floor":7.0,"key":"LiquidBronze"},{"floor":13.0,"key":"AttackPotion"},{"floor":18.0,"key":"Explosive Potion"},{"floor":21.0,"key":"Explosive Potion"},{"floor":22.0,"key":"SteroidPotion"},{"floor":25.0,"key":"Regen Potion"},{"floor":31.0,"key":"SteroidPotion"},{"floor":37,"key":"Ancient Potion"},{"floor":40,"key":"Dexterity Potion"},{"floor":47,"key":"HeartOfIron"}],"is_trial":true,"path_per_floor":["M","?","M","M","M","R","E","$","T","E","M","R","M","M","R","B",null,"M","?","M","M","M","E","$","E","T","M","E","M","R","M","R","B",null,"M","M","M","?","M","E","M","M","T","E","M","?","E","$","R","B","B",null,"R","$","E","B",null],"character_chosen":"IRONCLAD","items_purchased":["Evolve","ClockworkSouvenir","Toy Ornithopter","Barricade","Sentinel","Fiend Fire+1","Shrug It Off","Shockwave"],"campfire_rested":0,"item_purchase_floors":[8,24,24,24,24,48,48,54],"current_hp_per_floor":[61,61,59,59,53,53,43,43,43,43,49,49,52,46,46,30,72,72,72,72,63,63,47,47,45,45,64,73,65,65,69,69,68,109,122,126,134,134,138,119,133,127,127,137,154,154,158,158,158,92,71,145,145,145,96,93],"gold":36,"neow_bonus":"","is_daily":false,"chose_seed":false,"campfire_upgraded":6,"win_rate":0.0,"timestamp":1613321579,"path_taken":["M","?","M","M","M","R","E","$","T","E","M","R","M","M","R","BOSS","M","?","M","M","M","E","$","E","T","M","E","?","R","M","R","BOSS","M","M","M","?","M","E","M","M","T","E","M","?","E","$","R","BOSS","BOSS","R","$","E","BOSS"],"items_purchased_type":["Card","Relic","Relic","Card","Card","Card","Card","Card"],"build_version":"2020-12-22","purchased_purges":3,"victory":true,"max_hp_per_floor":[75,75,75,75,75,75,75,75,75,75,78,78,82,86,86,86,86,86,86,90,94,94,98,98,102,102,106,110,114,114,118,118,122,122,126,130,134,134,138,142,146,150,150,150,154,154,158,158,158,166,170,170,170,170,174,174],"relic_stats":{"Happy Flower":[20],"counters":[35,184],"Orichalcum":[156],"Cursed Key":0,"MawBank":12,"Mercury Hourglass":[24],"Snecko Eye":[343,349,356,357],"Pandora\u0027s Box":["Anger","Bloodletting","Reaper","Havoc","Shockwave","Battle Trance","Shrug It Off"],"Kunai":[10],"obtain_stats":[{"Lantern":44,"Happy Flower":40,"Orichalcum":10,"Cursed Key":17,"MawBank":23,"Old Coin":19,"ClockworkSouvenir":24,"Mercury Hourglass":55,"Snecko Eye":0,"Molten Egg 2":28,"Pandora\u0027s Box":34,"Kunai":47,"Toy Ornithopter":24,"Meat on the Bone":7,"Pocketwatch":25},{"Lantern":29,"Happy Flower":26,"Orichalcum":6,"Cursed Key":10,"MawBank":15,"Old Coin":11,"ClockworkSouvenir":15,"Mercury Hourglass":34,"Snecko Eye":0,"Molten Egg 2":18,"Pandora\u0027s Box":21,"Kunai":31,"Toy Ornithopter":15,"Meat on the Bone":5,"Pocketwatch":16},{"Lantern":138,"Happy Flower":123,"Orichalcum":18,"Cursed Key":38,"MawBank":61,"Old Coin":41,"ClockworkSouvenir":61,"Mercury Hourglass":176,"Snecko Eye":0,"Molten Egg 2":77,"Pandora\u0027s Box":94,"Kunai":149,"Toy Ornithopter":61,"Meat on the Bone":16,"Pocketwatch":66}],"Toy Ornithopter":30,"Meat on the Bone":120,"Pocketwatch":[45]},"card_choices":[{"not_picked":["Warcry","Dark Embrace"],"picked":"Iron Wave","floor":1.0},{"not_picked":["Sword Boomerang","Twin Strike"],"picked":"Clothesline","floor":3.0},{"not_picked":["Whirlwind","Twin Strike"],"picked":"Heavy Blade","floor":4.0},{"not_picked":["Sword Boomerang","Dropkick","Cleave"],"picked":"SKIP","floor":5.0},{"not_picked":["Clash","Exhume"],"picked":"Dual Wield","floor":7.0},{"not_picked":["Hemokinesis","Rupture"],"picked":"Feed","floor":10.0},{"not_picked":["Burning Pact","Body Slam"],"picked":"Spot Weakness","floor":11.0},{"not_picked":["Twin Strike","Pommel Strike","Entrench"],"picked":"SKIP","floor":13.0},{"not_picked":["Second Wind","Pummel"],"picked":"Power Through","floor":14.0},{"not_picked":["Barricade","Feed"],"picked":"Corruption","floor":16.0},{"not_picked":["Pommel Strike","Wild Strike"],"picked":"Seeing Red","floor":18.0},{"not_picked":["Armaments","Clash"],"picked":"Disarm","floor":20.0},{"not_picked":["Anger","Havoc+1","Flex+1"],"picked":"SKIP","floor":21.0},{"not_picked":["Pommel Strike","Flex"],"picked":"Blood for Blood","floor":22.0},{"not_picked":["Flex+1","Whirlwind"],"picked":"Flame Barrier","floor":23.0},{"not_picked":["Shockwave","Disarm"],"picked":"Flame Barrier","floor":25.0},{"not_picked":["Sword Boomerang","Iron Wave"],"picked":"Shrug It Off","floor":27.0},{"not_picked":["Body Slam+1","Second Wind","Pommel Strike+1"],"picked":"SKIP","floor":28.0},{"not_picked":["Anger+1","Ghostly Armor","Perfected Strike+1"],"picked":"SKIP","floor":29.0},{"not_picked":["Sever Soul+1","Sentinel"],"picked":"Impervious","floor":31.0},{"not_picked":["Offering","Juggernaut"],"picked":"Impervious","floor":33.0},{"not_picked":["Warcry","Bloodletting+1"],"picked":"Feel No Pain","floor":35},{"not_picked":["Second Wind","True Grit+1"],"picked":"Body Slam+1","floor":36},{"not_picked":["Twin Strike+1","Sword Boomerang+1","Intimidate"],"picked":"SKIP","floor":37},{"not_picked":["Rage","Thunderclap+1","Wild Strike+1"],"picked":"SKIP","floor":39},{"not_picked":["Searing Blow+1","Iron Wave+1","Rupture+1"],"picked":"SKIP","floor":40},{"not_picked":["Cleave+1","Sword Boomerang+1"],"picked":"Shrug It Off","floor":41},{"not_picked":["Cleave+1","Intimidate"],"picked":"Flame Barrier","floor":42},{"not_picked":["Ghostly Armor","Dual Wield+1"],"picked":"Battle Trance","floor":44},{"not_picked":["Rampage+1","Clash+1","Perfected Strike+1"],"picked":"SKIP","floor":45},{"not_picked":["Rupture+1","Shrug It Off"],"picked":"Dark Embrace","floor":47},{"not_picked":["Inflame","Feed+1"],"picked":"Entrench+1","floor":55}],"player_experience":715924,"relics_obtained":[{"floor":7.0,"key":"Meat on the Bone"},{"floor":10.0,"key":"Orichalcum"},{"floor":23.0,"key":"MawBank"},{"floor":25.0,"key":"Pocketwatch"},{"floor":28.0,"key":"Molten Egg 2"},{"floor":40,"key":"Happy Flower"},{"floor":44,"key":"Lantern"},{"floor":47,"key":"Kunai"},{"floor":55,"key":"Mercury Hourglass"}],"event_choices":[{"damage_healed":0.0,"max_hp_gain":0.0,"max_hp_loss":0.0,"gold_gain":0.0,"cards_transformed":["Strike_R"],"event_name":"Living Wall","player_choice":"Change","floor":2.0,"gold_loss":0.0,"damage_taken":0.0,"cards_obtained":["Perfected Strike"]},{"damage_healed":0.0,"max_hp_gain":0.0,"max_hp_loss":0.0,"gold_gain":0.0,"event_name":"WeMeetAgain","player_choice":"Gave Potion","floor":19.0,"gold_loss":0.0,"damage_taken":0.0,"relics_obtained":["Old Coin"]},{"cards_removed":["Heavy Blade"],"damage_healed":0,"gold_gain":0,"player_choice":"Removed Attack","damage_taken":0,"max_hp_gain":0,"max_hp_loss":0,"event_name":"Falling","floor":38,"gold_loss":0},{"damage_healed":0,"gold_gain":50,"player_choice":"Pray","damage_taken":0,"max_hp_gain":0,"max_hp_loss":0,"event_name":"Golden Shrine","floor":46,"gold_loss":0}],"is_beta":false,"boss_relics":[{"not_picked":["Ectoplasm","Busted Crown"],"picked":"Cursed Key"},{"not_picked":["Fusion Hammer","Runic Pyramid"],"picked":"Pandora\u0027s Box"}],"items_purged_floors":[8,24,48],"is_endless":false,"potions_floor_spawned":[4,5,7,13,14,18,21,22,25,31,37,40,42,47,55],"ascension_level":20}}