{"host":"7yyoe0ei0fseceei","time":1613297177,"event":{"mods":["BaseMod","Colored Map","Highlight Path","Minty Spire (QoL Compilation)","Quick Restart"],"gold_per_floor":[117,117,392,409,136,136,146,176,176,176,195,195,210,245,245,322,322,339,372,372,392,4,4,29,79,132,132,132,10,20,40,40,40,40],"floor_reached":33,"language":"ENG","playtime":852,"items_purged":["Regret"],"score":571,"play_id":"bb90f0bd-0684-4444-8c34-a78d540a4b94","local_time":"20210214110617","is_ascension_mode":true,"campfire_choices":[{"data":"Streamline","floor":6,"key":"SMITH"},{"floor":12,"key":"REST"},{"data":"Loop","floor":15,"key":"SMITH"},{"floor":23,"key":"REST"},{"floor":27,"key":"REST"},{"floor":32,"key":"REST"}],"circlet_count":0,"master_deck":["AscendersBane","Defend_B","Defend_B","Defend_B","Defend_B+1","Zap+1","Dualcast","Ball Lightning","BootSequence","Streamline+1","Steam","Loop+1","Self Repair","Tempest","Rainbow","Melter+1","Leap","BootSequence","Core Surge","Decay","Bite","Bite","Bite","Bite","Bite","Chill","White Noise","Hologram+1","Conserve Battery"],"relics":["Cracked Core","NeowsBlessing","DataDisk","Shuriken","Gremlin Horn","Ancient Tea Set","WingedGreaves","Cursed Key","Red Mask","Toolbox","Letter Opener","Bag of Marbles"],"acts_visited":["Exordium","TheCity"],"potions_floor_usage":[14,16,18,18,24,31],"damage_taken":[{"damage":0,"enemies":"Small Slimes","floor":1,"turns":1},{"damage":0,"enemies":"Cultist","floor":4,"turns":1},{"damage":0,"enemies":"2 Louse","floor":7,"turns":2},{"damage":10,"enemies":"3 Sentries","floor":8,"turns":5},{"damage":0,"enemies":"Large Slime","floor":11,"turns":4},{"damage":0,"enemies":"Exordium Wildlife","floor":13,"turns":1},{"damage":16,"enemies":"Lagavulin","floor":14,"turns":6},{"damage":26,"enemies":"Hexaghost","floor":16,"turns":9},{"damage":23,"enemies":"Shell Parasite","floor":18,"turns":4},{"damage":28,"enemies":"Masked Bandits","floor":19,"turns":4},{"damage":12,"enemies":"2 Thieves","floor":21,"turns":3},{"damage":36,"enemies":"Gremlin Leader","floor":24,"turns":6},{"damage":20,"enemies":"Cultist and Chosen","floor":30,"turns":4},{"damage":10,"enemies":"Snecko","floor":31,"turns":5},{"damage":68,"enemies":"Collector","floor":33,"turns":5}],"seed_played":"4991916614959733317","potions_obtained":[{"floor":11,"key":"SneckoOil"},{"floor":13,"key":"CultistPotion"},{"floor":14,"key":"BlessingOfTheForge"},{"floor":16,"key":"SteroidPotion"},{"floor":24,"key":"SpeedPotion"}],"is_trial":false,"path_per_floor":["M","?","?","M","$","R","M","E","T","?","M","R","M","E","R","B",null,"M","?","$","M","$","R","E","?","T","R","?","$","M","M","R","B"],"character_chosen":"DEFECT","items_purchased":["DataDisk","Streamline","Blood Vial","Toolbox","Block Potion","Chill","White Noise"],"campfire_rested":4,"item_purchase_floors":[5,5,22,22,22,29,29],"current_hp_per_floor":[64,43,43,43,43,43,43,33,33,22,22,43,43,34,34,15,57,41,20,20,15,15,36,9,9,9,30,30,30,23,24,45,0,0],"gold":40,"neow_bonus":"THREE_ENEMY_KILL","is_daily":false,"chose_seed":false,"campfire_upgraded":2,"win_rate":0.0,"timestamp":1613297177,"path_taken":["M","?","?","?","$","R","M","E","T","?","M","R","M","E","R","BOSS","M","?","$","M","$","R","E","?","T","R","?","?","?","M","R","BOSS"],"items_purchased_type":["Relic","Card","Relic","Relic","Potion","Card","Card"],"build_version":"2020-12-22","purchased_purges":1,"victory":false,"max_hp_per_floor":[71,71,71,71,71,71,71,71,71,71,71,71,71,71,71,71,71,71,71,71,71,71,71,71,71,71,71,71,71,71,71,71,71,71],"card_choices":[{"not_picked":["Rebound","Redo"],"picked":"Ball Lightning","floor":1},{"not_picked":["Coolheaded","Double Energy"],"picked":"BootSequence","floor":4},{"not_picked":["Double Energy","Compile Driver"],"picked":"Steam","floor":7},{"not_picked":["FTL","Coolheaded"],"picked":"Loop","floor":8},{"not_picked":["Ball Lightning","Barrage"],"picked":"Self Repair","floor":11},{"not_picked":["BootSequence","Lockon"],"picked":"Tempest","floor":13},{"not_picked":["Go for the Eyes","Scrape","Cold Snap"],"picked":"SKIP","floor":14},{"not_picked":["All For One","Seek"],"picked":"Rainbow","floor":16},{"not_picked":["Gash","Stack"],"picked":"Melter+1","floor":18},{"not_picked":["Cold Snap","Coolheaded"],"picked":"Leap","floor":19},{"not_picked":["Fusion","Hologram"],"picked":"BootSequence","floor":21},{"not_picked":["Multi-Cast","Darkness"],"picked":"Core Surge","floor":24},{"not_picked":["BootSequence","Beam Cell"],"picked":"Hologram+1","floor":30},{"not_picked":["Undo","Barrage"],"picked":"Conserve Battery","floor":31}],"player_experience":920996,"relics_obtained":[{"floor":8,"key":"Shuriken"},{"floor":9,"key":"Gremlin Horn"},{"floor":14,"key":"WingedGreaves"},{"floor":19,"key":"Red Mask"},{"floor":24,"key":"Letter Opener"},{"floor":26,"key":"Bag of Marbles"}],"event_choices":[{"damage_healed":0,"gold_gain":0,"player_choice":"Entered Light","damage_taken":21,"max_hp_gain":0,"max_hp_loss":0,"event_name":"Shining Light","floor":2,"gold_loss":0,"cards_upgraded":["Defend_B","Zap"]},{"damage_healed":0,"gold_gain":275,"player_choice":"Desecrate","damage_taken":0,"max_hp_gain":0,"max_hp_loss":0,"event_name":"Golden Shrine","floor":3,"gold_loss":0,"cards_obtained":["Regret"]},{"damage_healed":0,"gold_gain":0,"player_choice":"Success","damage_taken":11,"relics_obtained":["Ancient Tea Set"],"max_hp_gain":0,"max_hp_loss":0,"event_name":"Scrap Ooze","floor":10,"gold_loss":0},{"damage_healed":0,"gold_gain":0,"player_choice":"Fought Bandits","damage_taken":0,"max_hp_gain":0,"max_hp_loss":0,"event_name":"Masked Bandits","floor":19,"gold_loss":0},{"damage_healed":0,"gold_gain":50,"player_choice":"Stole From Cult","damage_taken":0,"max_hp_gain":0,"max_hp_loss":0,"event_name":"Nest","floor":25,"gold_loss":0},{"damage_healed":0,"gold_gain":0,"player_choice":"Became a vampire (Vial)","damage_taken":0,"max_hp_gain":0,"max_hp_loss":0,"event_name":"Vampires","floor":28,"relics_lost":["Blood Vial"],"gold_loss":0,"cards_obtained":["Bite","Bite","Bite","Bite","Bite"]}],"is_beta":false,"boss_relics":[{"not_picked":["Velvet Choker","Philosopher\u0027s Stone"],"picked":"Cursed Key"}],"items_purged_floors":[5],"is_endless":false,"potions_floor_spawned":[11,13,14,16,24],"killed_by":"Collector","ascension_level":20}}