{"host":"tyeg9214rgutn7tb","time":1613326911,"event":{"mods":["BaseMod","Colored Map","Custom Start","Downfall","Minty Spire (QoL Compilation)","StSLib"],"gold_per_floor":[99,115,127,147,164,175,222,222,238,238,238,266,166,166,180,285,285,285,301,401,401,421,321,346,357,129,29,44,58,58,83,100,205,205,205,222,232,69,69,139,165,21,41,58,58,84,84,110,125,125,125,155,0,0,0,0],"floor_reached":57,"language":"ENG","playtime":3898,"items_purged":["bronze:Strike"],"score":1656,"play_id":"b421a037-7229-4daf-891f-c8cab62456a3","local_time":"20210214192151","is_ascension_mode":true,"campfire_choices":[{"data":"bronze:Goto","floor":1.0,"key":"SMITH"},{"floor":10.0,"key":"REST"},{"floor":13.0,"key":"REST"},{"floor":18.0,"key":"RECALL"},{"floor":23.0,"key":"REST"},{"data":"bronze:Virus","floor":27.0,"key":"SMITH"},{"data":"bronze:TinkerersToolbox","floor":35.0,"key":"SMITH"},{"floor":54,"key":"REST"}],"circlet_count":0,"master_deck":["bronze:Strike","bronze:Defend","bronze:Defend","bronze:Defend","bronze:Defend","bronze:Replicate","bronze:Goto+1","bronze:Terminator","bronze:Constructor","bronze:BronzeArmor","bronze:Repair","bronze:Constructor","bronze:Spike","bronze:WhirlingStrike","bronze:ItsAFeature","bronze:Virus+1","bronze:BuggyMess+1","J.A.X.","bronze:Break","bronze:Flail","Pain","bronze:Optimize","bronze:Iterate","bronze:BronzeArmor","bronze:ItsAFeature","bronze:Constructor","bronze:ForceShield+1","bronze:Repair","bronze:TinkerersToolbox+1","bronze:Refactor","bronze:MaxOutput","bronze:ItsAFeature","bronze:Repair+1","bronze:ForceShield"],"relics":["bronze:BronzeCore","Dead Branch","Blood Vial","Blue Candle","bronze:BottledCode","Mercury Hourglass","downfall:HeartBlessingGreen","sneckomod:SneckoTalon","MutagenicStrength","bronze:BronzeIdol","downfall:HeartBlessingRed","downfall:HeartBlessingBlue","FossilizedHelix","Black Star","Bronze Scales","Membership Card","Bag of Preparation","Strawberry","Guardian:GemstoneGun","sneckomod:BlankCard","Oddly Smooth Stone","Kunai","Frozen Egg 2","Guardian:PocketSentry","Anchor","bronze:DecasWashers","Calipers"],"acts_visited":["Exordium","TheCity","TheBeyond","TheEnding"],"potions_floor_usage":[56],"damage_taken":[{"damage":1.0,"enemies":"Cultist","floor":2.0,"turns":4.0},{"damage":2.0,"enemies":"Small Slimes","floor":3.0,"turns":4.0},{"damage":0.0,"enemies":"2 Louse","floor":4.0,"turns":4.0},{"damage":18.0,"enemies":"Large Slime","floor":5.0,"turns":7.0},{"damage":16.0,"enemies":"3 Louse","floor":6.0,"turns":4.0},{"damage":9.0,"enemies":"Exordium Thugs","floor":9.0,"turns":8.0},{"damage":28.0,"enemies":"Lagavulin","floor":12.0,"turns":10.0},{"damage":0.0,"enemies":"Lagavulin","floor":14.0,"turns":5.0},{"damage":0.0,"enemies":"Red Slaver","floor":15.0,"turns":4.0},{"damage":27.0,"enemies":"WA_ARCHETYPE_RETAIN","floor":16.0,"turns":12.0},{"damage":0.0,"enemies":"3 Byrds","floor":19.0,"turns":3.0},{"damage":22.0,"enemies":"downfall:Augmenter","floor":20.0,"turns":6.0},{"damage":0.0,"enemies":"Spheric Guardian","floor":22.0,"turns":1.0},{"damage":0.0,"enemies":"Shelled Parasite and Fungi","floor":25.0,"turns":2.0},{"damage":4.0,"enemies":"downfall:FleeingMerchant","floor":26.0,"turns":4.0},{"damage":3.0,"enemies":"Snake Plant","floor":28.0,"turns":2.0},{"damage":14.0,"enemies":"Snecko","floor":29.0,"turns":3.0},{"damage":1.0,"enemies":"Book of Stabbing","floor":31.0,"turns":4.0},{"damage":6.0,"enemies":"Cultist and Chosen","floor":32.0,"turns":4.0},{"damage":22.0,"enemies":"SI_MIRROR_ARCHETYPE","floor":33.0,"turns":8.0},{"damage":6.0,"enemies":"3 Shapes","floor":36.0,"turns":5.0},{"damage":3.0,"enemies":"Orb Walker","floor":37.0,"turns":3.0},{"damage":9.0,"enemies":"downfall:FleeingMerchant","floor":38.0,"turns":4.0},{"damage":0.0,"enemies":"downfall:FleeingMerchant","floor":40.0,"turns":1.0},{"damage":0.0,"enemies":"4 Shapes","floor":43.0,"turns":3.0},{"damage":6.0,"enemies":"Maw","floor":44.0,"turns":5.0},{"damage":60.0,"enemies":"Nemesis","floor":46.0,"turns":5.0},{"damage":0.0,"enemies":"Giant Head","floor":48.0,"turns":5.0},{"damage":11.0,"enemies":"Spire Growth","floor":49.0,"turns":2.0},{"damage":37,"enemies":"DF_ARCHETYPE_ORBS","floor":50,"turns":8},{"damage":29,"enemies":"downfall:CharBossMerchant","floor":52,"turns":6},{"damage":24,"enemies":"downfall:NeowBoss","floor":55,"turns":14},{"damage":51,"enemies":"downfall:NeowBossFinal","floor":56,"turns":10}],"seed_played":"-879207090882775983","potions_obtained":[{"floor":2.0,"key":"bronze:FreeFunctionsPotion"},{"floor":4.0,"key":"SteroidPotion"},{"floor":6.0,"key":"DuplicationPotion"},{"floor":15.0,"key":"SpeedPotion"},{"floor":19.0,"key":"champ:CounterPotion"},{"floor":20.0,"key":"Energy Potion"},{"floor":32.0,"key":"Fruit Juice"},{"floor":37.0,"key":"sneckomod:MuddlingPotion"},{"floor":44.0,"key":"Fruit Juice"},{"floor":52,"key":"champ:CounterPotion"}],"is_trial":false,"path_per_floor":["R","M","M","M","M","M","T","?","M","R","?","E","R","?","M","B",null,"R","M","?","?","M","R","T","M","$","R","M","M","?","E","M","B",null,"R","M","M","$","?","$","T","$","M","M","?","E","?","E","M","B",null,"E","$","R","B","B",null],"character_chosen":"THE_AUTOMATON","items_purchased":["bronze:BronzeArmor","bronze:ItsAFeature","Bronze Scales","Membership Card","Bag of Preparation","bronze:MaxOutput","Guardian:GemstoneGun","Calipers"],"campfire_rested":4,"item_purchase_floors":[26,26,38,40,40,40,42,53],"current_hp_per_floor":[63,62,60,60,42,33,33,28,28,46,46,25,40,49,53,29,47,47,53,31,31,33,48,48,53,49,59,58,46,46,57,60,59,66,66,68,65,58,58,60,67,67,75,75,75,20,20,49,40,32,68,61,61,80,67,35],"gold":0,"neow_bonus":"ONE_RARE_RELIC","is_daily":false,"chose_seed":false,"campfire_upgraded":3,"win_rate":0.0,"timestamp":1613326911,"path_taken":["R","M","M","?","M","M","T","?","M","R","?","E","R","?","M","BOSS","R","M","?","?","M","R","T","?","?","R","M","?","?","E","M","BOSS","R","M","M","$","?","$","T","$","M","?","?","E","?","E","M","BOSS","E","$","R","BOSS","BOSS"],"items_purchased_type":["Card","Card","Relic","Relic","Relic","Card","Relic","Relic"],"build_version":"2020-12-22","purchased_purges":1,"victory":true,"max_hp_per_floor":[63,63,63,63,63,63,63,63,63,63,53,53,53,53,53,53,53,53,53,53,53,53,53,53,53,53,63,63,63,63,63,63,68,68,68,68,68,68,68,68,75,75,75,75,75,80,80,80,80,80,80,80,80,80,80,80],"card_choices":[{"not_picked":["bronze:FineTuning","bronze:DelayedSlice"],"picked":"bronze:Terminator","floor":2.0},{"not_picked":["bronze:ChildClass","bronze:ForceShield"],"picked":"bronze:Constructor","floor":3.0},{"not_picked":["bronze:Turbo","bronze:Return"],"picked":"bronze:BronzeArmor","floor":4.0},{"not_picked":["bronze:Overheat","bronze:Refactor"],"picked":"bronze:Repair","floor":5.0},{"not_picked":["bronze:BronzeArmor","bronze:Refactor"],"picked":"bronze:Constructor","floor":6.0},{"not_picked":["bronze:Safeguard","bronze:Branch","bronze:Return"],"picked":"SKIP","floor":9.0},{"not_picked":["bronze:Flail","bronze:Constructor","bronze:Refactor"],"picked":"SKIP","floor":12.0},{"not_picked":[],"picked":"bronze:Spike","floor":14.0},{"not_picked":["bronze:ForceShield","bronze:Turbo"],"picked":"bronze:WhirlingStrike","floor":14.0},{"not_picked":["bronze:Refactor","bronze:Frontload"],"picked":"bronze:ItsAFeature","floor":15.0},{"not_picked":["bronze:SpaghettiCode","bronze:ShipIt"],"picked":"bronze:Virus","floor":16.0},{"not_picked":["bronze:CloningBeam","bronze:DelayedGuard","bronze:Invalidate+1"],"picked":"SKIP","floor":19.0},{"not_picked":["bronze:Overheat","bronze:DigitalCarnage+1"],"picked":"bronze:BuggyMess+1","floor":20.0},{"not_picked":[],"picked":"J.A.X.","floor":20.0},{"not_picked":["bronze:Shell","bronze:BitShift"],"picked":"bronze:Optimize","floor":22.0},{"not_picked":["bronze:Fortify","bronze:OilSpill"],"picked":"bronze:Iterate","floor":25.0},{"not_picked":["bronze:DigitalCarnage","bronze:WhirlingStrike","bronze:DelayedSlice+1"],"picked":"SKIP","floor":26.0},{"not_picked":["bronze:DarkDash","bronze:HyperBeam","bronze:FollowUp"],"picked":"SKIP","floor":28.0},{"not_picked":["bronze:DelayedGuard+1","bronze:BronzeArmor+1"],"picked":"bronze:Constructor","floor":29.0},{"not_picked":["bronze:Separator","bronze:CloningBeam+1"],"picked":"bronze:ForceShield+1","floor":31.0},{"not_picked":["bronze:CutThrough","bronze:Constructor+1"],"picked":"bronze:Repair","floor":32.0},{"not_picked":["bronze:InfiniteLoop","bronze:Hardcode"],"picked":"bronze:TinkerersToolbox","floor":33.0},{"not_picked":["bronze:Shield","bronze:FollowUp+1"],"picked":"bronze:Refactor","floor":36.0},{"not_picked":["bronze:Overheat","bronze:WhirlingStrike","bronze:Invalidate+1"],"picked":"SKIP","floor":37.0},{"not_picked":["bronze:DelayedGuard","bronze:CloningBeam","bronze:WhirlingStrike+1"],"picked":"SKIP","floor":38.0},{"not_picked":["bronze:WhirlingStrike","bronze:Fortify+1","bronze:Invalidate+1"],"picked":"SKIP","floor":40.0},{"not_picked":["bronze:BugBarrage+1","bronze:CutThrough+1"],"picked":"bronze:ItsAFeature","floor":43.0},{"not_picked":["bronze:Return","bronze:NullPointer+1","bronze:Invalidate"],"picked":"SKIP","floor":44.0},{"not_picked":["bronze:InfiniteBeams+1","bronze:OilSpill+1"],"picked":"bronze:Repair+1","floor":46.0},{"not_picked":["bronze:WhirlingStrike+1","bronze:ShipIt","bronze:ChildClass"],"picked":"SKIP","floor":48.0},{"not_picked":["bronze:Turbo+1","bronze:Frontload+1","bronze:Shield+1"],"picked":"SKIP","floor":49.0},{"not_picked":["bronze:WhirlingStrike","bronze:Terminator"],"picked":"bronze:ForceShield","floor":52}],"player_experience":730002,"relics_obtained":[{"floor":7.0,"key":"Blood Vial"},{"floor":12.0,"key":"Mercury Hourglass"},{"floor":20.0,"key":"MutagenicStrength"},{"floor":31.0,"key":"FossilizedHelix"},{"floor":41.0,"key":"Strawberry"},{"floor":46.0,"key":"sneckomod:BlankCard"},{"floor":46.0,"key":"Oddly Smooth Stone"},{"floor":47.0,"key":"Kunai"},{"floor":48.0,"key":"Frozen Egg 2"},{"floor":48.0,"key":"Guardian:PocketSentry"},{"floor":52,"key":"Anchor"},{"floor":52,"key":"bronze:DecasWashers"}],"event_choices":[],"is_beta":false,"boss_relics":[{"not_picked":["Tiny House","Astrolabe"],"picked":"sneckomod:SneckoTalon"},{"not_picked":["Philosopher\u0027s Stone","Coffee Dripper"],"picked":"Black Star"}],"items_purged_floors":[26],"is_endless":false,"potions_floor_spawned":[2,4,6,9,15,19,20,25,32,37,44,52],"ascension_level":7}}