{"host":"aapp7ew3jk5k1bvd","time":1613310919,"event":{"mods":["AchievementEnabler","BaseMod","Colored Map","Custom Start","Keyboard Shortcuts","Minty Spire (QoL Compilation)","Permanent Neow","Quick Restart","StSLib","SuperFastMode"],"gold_per_floor":[113,38,58,58,58,58,84,100,100,126,142,170,190,14,14,89,89,100,116,132,150,161,161,36,36,36,36,36,36,36,36,36,113,113,129,129,106,131,131,131],"floor_reached":39,"language":"KOR","playtime":1272,"items_purged":["Strike_G","Strike_G","Strike_G"],"score":696,"play_id":"c3491953-c092-47c3-b99b-22cfe5409b3c","local_time":"20210214225519","is_ascension_mode":true,"campfire_choices":[{"data":"Cloak And Dagger","floor":6.0,"key":"SMITH"},{"data":"After Image","floor":15,"key":"SMITH"},{"data":"Cloak And Dagger","floor":23,"key":"SMITH"},{"data":"Blade Dance","floor":25,"key":"SMITH"},{"data":"Blade Dance","floor":27,"key":"SMITH"},{"data":"Phantasmal Killer","floor":30,"key":"SMITH"},{"floor":32,"key":"REST"}],"circlet_count":0,"master_deck":["AscendersBane","Defend_G","Defend_G","Defend_G","Survivor","Neutralize","Blade Dance+1","Cloak And Dagger+1","Panacea","Cloak And Dagger+1","Masterful Stab","PiercingWail","After Image+1","Phantasmal Killer+1","Blade Dance+1","Blade Dance+1","Die Die Die","Tactician+1","Backstab+1","Corpse Explosion+1","Cloak And Dagger","Accuracy"],"relics":["Ring of the Snake","White Beast Statue","Pantograph","Tingsha","StoneCalendar","WristBlade","Paper Crane","Astrolabe","WingedGreaves"],"acts_visited":["Exordium","TheCity","TheBeyond"],"potions_floor_usage":[12,13,16],"damage_taken":[{"damage":0.0,"enemies":"2 Louse","floor":1.0,"turns":3.0},{"damage":0.0,"enemies":"Cultist","floor":3.0,"turns":5.0},{"damage":22.0,"enemies":"Lagavulin","floor":7.0,"turns":9.0},{"damage":0.0,"enemies":"Jaw Worm","floor":8.0,"turns":5.0},{"damage":0.0,"enemies":"Gremlin Nob","floor":10.0,"turns":3.0},{"damage":3.0,"enemies":"Blue Slaver","floor":11.0,"turns":5.0},{"damage":13,"enemies":"Lagavulin","floor":12,"turns":9},{"damage":0,"enemies":"3 Louse","floor":13,"turns":3},{"damage":21,"enemies":"Hexaghost","floor":16,"turns":16},{"damage":0,"enemies":"3 Byrds","floor":18,"turns":7},{"damage":0,"enemies":"Shell Parasite","floor":19,"turns":4},{"damage":5,"enemies":"Snecko","floor":20,"turns":5},{"damage":0,"enemies":"Centurion and Healer","floor":21,"turns":5},{"damage":2,"enemies":"Sentry and Sphere","floor":22,"turns":4},{"damage":46,"enemies":"Automaton","floor":33,"turns":9},{"damage":20,"enemies":"3 Shapes","floor":35,"turns":4},{"damage":6,"enemies":"Mind Bloom Boss Battle","floor":38,"turns":11},{"damage":0,"enemies":"3 Darklings","floor":39,"turns":1}],"seed_played":"8974690913634655087","potions_obtained":[{"floor":1.0,"key":"DistilledChaos"},{"floor":7.0,"key":"SteroidPotion"},{"floor":8.0,"key":"PowerPotion"},{"floor":10.0,"key":"Weak Potion"},{"floor":11.0,"key":"Block Potion"},{"floor":12,"key":"DistilledChaos"},{"floor":13,"key":"AttackPotion"},{"floor":16,"key":"LiquidMemories"},{"floor":33,"key":"Swift Potion"}],"is_trial":false,"path_per_floor":["M","$","M","?","?","R","E","M","T","E","M","E","M","$","R","B",null,"M","M","M","M","M","R","$","R","T","R","?","?","R","?","R","B",null,"M","?","$","?","M"],"character_chosen":"THE_SILENT","items_purchased":["After Image","Cloak And Dagger"],"campfire_rested":1,"item_purchase_floors":[14,37],"current_hp_per_floor":[63,63,63,68,68,68,46,46,46,46,43,30,30,30,30,34,65,65,65,60,60,58,58,58,58,58,58,58,58,58,44,68,34,69,49,49,49,68,68,68],"gold":131,"neow_bonus":"THREE_CARDS","is_daily":false,"chose_seed":false,"campfire_upgraded":6,"win_rate":0.0,"timestamp":1613310919,"path_taken":["M","$","M","?","?","R","E","M","T","E","M","E","?","$","R","BOSS","M","M","?","M","M","R","?","R","T","R","?","?","R","?","R","BOSS","M","?","$","?","M"],"items_purchased_type":["Card","Card"],"build_version":"2020-12-22","purchased_purges":3,"victory":false,"max_hp_per_floor":[70,70,70,75,75,75,75,75,75,75,75,75,75,75,75,75,75,75,75,75,75,75,75,75,75,75,75,75,75,75,80,80,80,80,80,80,80,80,80,80],"card_choices":[{"not_picked":["Dagger Spray","Flying Knee"],"picked":"Blade Dance","floor":0.0},{"not_picked":["Riddle With Holes","Caltrops"],"picked":"Cloak And Dagger","floor":1.0},{"not_picked":["Riddle With Holes","Eviscerate","Finisher"],"picked":"SKIP","floor":3.0},{"not_picked":["Riddle With Holes","Poisoned Stab"],"picked":"Cloak And Dagger","floor":7.0},{"not_picked":["Crippling Poison","Poisoned Stab","Sucker Punch"],"picked":"SKIP","floor":8.0},{"not_picked":["Sucker Punch","Backstab","Underhanded Strike"],"picked":"SKIP","floor":10.0},{"not_picked":["Deflect","Backflip","Expertise"],"picked":"SKIP","floor":11.0},{"not_picked":["Choke","Leg Sweep"],"picked":"Masterful Stab","floor":12},{"not_picked":["Backflip","Bane"],"picked":"PiercingWail","floor":13},{"not_picked":["Bullet Time","Glass Knife"],"picked":"Phantasmal Killer","floor":16},{"not_picked":["Cloak And Dagger","Endless Agony"],"picked":"Blade Dance+1","floor":18},{"not_picked":["Outmaneuver","Leg Sweep","Deadly Poison"],"picked":"SKIP","floor":19},{"not_picked":["Dodge and Roll","Flying Knee","Deflect"],"picked":"SKIP","floor":20},{"not_picked":["Calculated Gamble","Prepared","Acrobatics"],"picked":"SKIP","floor":21},{"not_picked":["Slice","Phantasmal Killer"],"picked":"Blade Dance","floor":22},{"not_picked":["Underhanded Strike+1","Dagger Spray","Flying Knee"],"picked":"SKIP","floor":35},{"not_picked":["Flying Knee","Footwork"],"picked":"Accuracy","floor":38}],"player_experience":1363795,"relics_obtained":[{"floor":7.0,"key":"White Beast Statue"},{"floor":9.0,"key":"Pantograph"},{"floor":10.0,"key":"Tingsha"},{"floor":12,"key":"StoneCalendar"},{"floor":26,"key":"Paper Crane"},{"floor":38,"key":"WingedGreaves"}],"event_choices":[{"damage_healed":0.0,"max_hp_gain":5.0,"max_hp_loss":0.0,"gold_gain":0.0,"event_name":"Big Fish","player_choice":"Donut","floor":4.0,"gold_loss":0.0,"damage_taken":0.0},{"damage_healed":0.0,"max_hp_gain":0.0,"max_hp_loss":0.0,"gold_gain":0.0,"event_name":"Match and Keep!","player_choice":"1 cards matched","floor":5.0,"gold_loss":0.0,"damage_taken":0.0,"cards_obtained":["Panacea"]},{"damage_healed":0,"gold_gain":0,"cards_transformed":["Strike_G","Strike_G"],"player_choice":"Became Test Subject","damage_taken":0,"max_hp_gain":0,"max_hp_loss":0,"event_name":"Drug Dealer","floor":28,"gold_loss":0,"cards_obtained":["Die Die Die","Choke"]},{"damage_healed":0,"gold_gain":0,"player_choice":"Ignored","damage_taken":0,"max_hp_gain":0,"max_hp_loss":0,"event_name":"Cursed Tome","floor":29,"gold_loss":0},{"damage_healed":0,"gold_gain":0,"player_choice":"Shed Blood","damage_taken":19,"max_hp_gain":5,"max_hp_loss":0,"event_name":"Forgotten Altar","floor":31,"gold_loss":0},{"damage_healed":0,"gold_gain":0,"player_choice":"Ignored","damage_taken":0,"max_hp_gain":0,"max_hp_loss":0,"event_name":"Tomb of Lord Red Mask","floor":36,"gold_loss":0},{"damage_healed":0,"gold_gain":0,"player_choice":"Fight","damage_taken":0,"max_hp_gain":0,"max_hp_loss":0,"event_name":"MindBloom","floor":38,"gold_loss":0}],"is_beta":false,"boss_relics":[{"not_picked":["Tiny House","Ectoplasm"],"picked":"WristBlade"},{"not_picked":["Sozu","HoveringKite"],"picked":"Astrolabe"}],"items_purged_floors":[2,14,24],"is_endless":false,"potions_floor_spawned":[1,7,8,10,11,12,13,16,18,19,20,21,22,33,35,38],"killed_by":"3 Darklings","ascension_level":13}}