{"host":"pdq28s6637cpsst2","time":1613261459,"event":{"mods":["BaseMod","Colored Map","Highlight Path","Minty Spire (QoL Compilation)","Permanent Neow","Quick Restart"],"gold_per_floor":[115,115,115,128,203,203,238,238,238,255,255,266,284,294,294,294,294],"floor_reached":16,"language":"ENG","playtime":1476,"items_purged":[],"score":133,"play_id":"b2fe12da-66d4-4f94-a40f-2095fe37687e","local_time":"20210213191059","is_ascension_mode":true,"campfire_choices":[{"data":"Neutralize","floor":6,"key":"SMITH"},{"floor":8,"key":"REST"},{"data":"Strike_G","floor":15,"key":"SMITH"}],"circlet_count":0,"master_deck":["Strike_G","Strike_G","Strike_G","Strike_G+1","Defend_G","Defend_G","Defend_G","Defend_G","Defend_G","Survivor","Neutralize+1","Dagger Spray","Burst","Acrobatics","After Image"],"relics":["Ring of the Snake","InkBottle","Singing Bowl"],"acts_visited":["Exordium"],"potions_floor_usage":[7,16,16,16,16,16,16],"damage_taken":[{"damage":1,"enemies":"Jaw Worm","floor":1,"turns":5},{"damage":0,"enemies":"Small Slimes","floor":4,"turns":4},{"damage":12,"enemies":"3 Sentries","floor":7,"turns":8},{"damage":2,"enemies":"Cultist","floor":10,"turns":4},{"damage":0,"enemies":"Exordium Wildlife","floor":12,"turns":3},{"damage":6,"enemies":"Looter","floor":13,"turns":5},{"damage":7,"enemies":"Large Slime","floor":14,"turns":11},{"damage":64,"enemies":"Hexaghost","floor":16,"turns":14}],"seed_played":"2087050682984221416","potions_obtained":[{"floor":0,"key":"Explosive Potion"},{"floor":0,"key":"Block Potion"},{"floor":0,"key":"EntropicBrew"},{"floor":7,"key":"FearPotion"},{"floor":13,"key":"SneckoOil"}],"is_trial":false,"path_per_floor":["M","?","?","M","?","R","E","R","T","M","?","M","M","M","R","B"],"character_chosen":"THE_SILENT","items_purchased":[],"campfire_rested":1,"item_purchase_floors":[],"current_hp_per_floor":[62,62,62,62,51,51,39,60,60,58,70,70,66,61,61,0,0],"gold":294,"neow_bonus":"THREE_SMALL_POTIONS","is_daily":false,"chose_seed":false,"campfire_upgraded":2,"win_rate":0.0,"timestamp":1613261459,"path_taken":["M","?","?","M","?","R","E","R","T","M","?","M","M","?","R","BOSS"],"items_purchased_type":[],"build_version":"2020-12-22","purchased_purges":0,"victory":false,"max_hp_per_floor":[70,70,70,70,70,70,70,70,70,70,70,70,72,74,74,74,74],"card_choices":[{"not_picked":["Endless Agony","Tactician","Flying Knee"],"picked":"SKIP","floor":1},{"not_picked":["Cloak And Dagger","Underhanded Strike"],"picked":"Dagger Spray","floor":4},{"not_picked":["Choke","Bane"],"picked":"Burst","floor":7},{"not_picked":["Prepared","Accuracy"],"picked":"Acrobatics","floor":10},{"not_picked":["Expertise","Quick Slash"],"picked":"After Image","floor":12},{"not_picked":["Dagger Throw","Endless Agony","Sucker Punch"],"picked":"Singing Bowl","floor":13},{"not_picked":["Distraction","Quick Slash","Prepared"],"picked":"Singing Bowl","floor":14}],"player_experience":191113,"relics_obtained":[{"floor":7,"key":"InkBottle"},{"floor":9,"key":"Singing Bowl"}],"event_choices":[{"damage_healed":0,"gold_gain":0,"player_choice":"Ignored","damage_taken":0,"max_hp_gain":0,"max_hp_loss":0,"event_name":"Liars Game","floor":2,"gold_loss":0},{"cards_removed":["Strike_G"],"damage_healed":0,"gold_gain":0,"player_choice":"Forget","damage_taken":0,"max_hp_gain":0,"max_hp_loss":0,"event_name":"Living Wall","floor":3,"gold_loss":0},{"damage_healed":0,"gold_gain":75,"player_choice":"Gather Gold","damage_taken":11,"max_hp_gain":0,"max_hp_loss":0,"event_name":"World of Goop","floor":5,"gold_loss":0},{"damage_healed":12,"gold_gain":0,"player_choice":"Full Heal","damage_taken":0,"max_hp_gain":0,"max_hp_loss":0,"event_name":"Wheel of Change","floor":11,"gold_loss":0}],"is_beta":false,"boss_relics":[],"items_purged_floors":[],"is_endless":false,"potions_floor_spawned":[7,10,13,14],"killed_by":"Hexaghost","ascension_level":6}}