{"host":"nklmypyldyuut5re","time":1613326630,"event":{"mods":["AchievementEnabler","BaseMod","Colored Map","DeckTracker","Highlight Path","Keyboard Shortcuts","Minty Spire (QoL Compilation)","Permanent Neow","SuperFastMode","everything is the same but u backflip on backflip"],"gold_per_floor":[115,115,125,7,0,0,55,67,67,92,103,103,123,140,140,140,140],"floor_reached":16,"language":"KOR","playtime":893,"items_purged":[],"score":102,"play_id":"e05df059-74d7-459c-a1ab-6db0342f43d0","local_time":"20210215031710","is_ascension_mode":false,"campfire_choices":[{"data":"Skim","floor":6,"key":"SMITH"},{"floor":12,"key":"REST"},{"floor":15,"key":"REST"}],"circlet_count":0,"master_deck":["Strike_B","Strike_B","Strike_B","Defend_B","Defend_B","Defend_B","Defend_B","Zap","Dualcast","Tempest+1","Coolheaded","Barrage","Skim+1","Melter","Coolheaded+1","Doom and Gloom","Conserve Battery","Darkness","Go for the Eyes"],"relics":["Cracked Core","Matryoshka","War Paint"],"acts_visited":["Exordium"],"potions_floor_usage":[],"damage_taken":[{"damage":0,"enemies":"2 Louse","floor":1,"turns":3},{"damage":1,"enemies":"Cultist","floor":3,"turns":3},{"damage":18,"enemies":"Small Slimes","floor":8,"turns":4},{"damage":41,"enemies":"Lagavulin","floor":10,"turns":11},{"damage":2,"enemies":"Blue Slaver","floor":11,"turns":3},{"damage":13,"enemies":"Lots of Slimes","floor":13,"turns":4},{"damage":6,"enemies":"2 Fungi Beasts","floor":14,"turns":4},{"damage":40,"enemies":"Slime Boss","floor":16,"turns":10}],"seed_played":"1589726683231848159","potions_obtained":[{"floor":3,"key":"EssenceOfSteel"},{"floor":8,"key":"Energy Potion"},{"floor":13,"key":"FocusPotion"}],"is_trial":false,"path_per_floor":["M","?","M","$","?","R","?","M","T","E","M","R","M","M","R","B"],"character_chosen":"DEFECT","items_purchased":["Skim","Melter"],"campfire_rested":2,"item_purchase_floors":[4,4],"current_hp_per_floor":[75,75,74,74,74,74,74,56,56,15,13,35,22,16,38,0,0],"gold":140,"neow_bonus":"THREE_CARDS","is_daily":false,"chose_seed":false,"campfire_upgraded":1,"win_rate":0.0,"timestamp":1613326630,"path_taken":["M","?","?","$","?","R","?","M","T","E","M","R","M","M","R","BOSS"],"items_purchased_type":["Card","Card"],"build_version":"2020-12-22","purchased_purges":0,"victory":false,"max_hp_per_floor":[75,75,75,75,75,75,75,75,75,75,75,75,75,75,75,75,75],"card_choices":[{"not_picked":["Ball Lightning","White Noise"],"picked":"Tempest","floor":0},{"not_picked":["Leap","Streamline"],"picked":"Coolheaded","floor":1},{"not_picked":["Go for the Eyes","Melter"],"picked":"Barrage","floor":3},{"not_picked":["White Noise","Self Repair"],"picked":"Coolheaded","floor":8},{"not_picked":["Compile Driver","Seek"],"picked":"Doom and Gloom","floor":10},{"not_picked":["Compile Driver","White Noise"],"picked":"Conserve Battery","floor":11},{"not_picked":["Streamline","Blizzard"],"picked":"Darkness","floor":13},{"not_picked":["Cold Snap","Hologram"],"picked":"Go for the Eyes","floor":14}],"player_experience":2043,"relics_obtained":[{"floor":9,"key":"Matryoshka"},{"floor":10,"key":"War Paint"}],"event_choices":[{"cards_removed":["Strike_B"],"damage_healed":0,"gold_gain":0,"player_choice":"Purged","damage_taken":0,"max_hp_gain":0,"max_hp_loss":0,"event_name":"Purifier","floor":2,"gold_loss":0},{"damage_healed":0,"gold_gain":0,"player_choice":"Left Gold","damage_taken":0,"max_hp_gain":0,"max_hp_loss":0,"event_name":"World of Goop","floor":5,"gold_loss":7},{"damage_healed":0,"gold_gain":55,"player_choice":"Gained Gold","damage_taken":0,"max_hp_gain":0,"max_hp_loss":0,"event_name":"Golden Wing","floor":7,"gold_loss":0}],"is_beta":false,"boss_relics":[],"items_purged_floors":[],"is_endless":false,"potions_floor_spawned":[3,8,13,14],"killed_by":"Slime Boss","ascension_level":0}}