{"host":"a3wpq7kyokchzawk","time":1613311293,"event":{"mods":["BaseMod","Colored Map","Highlight Path","Minty Spire (QoL Compilation)","Permanent Neow","Potion Indicator Mod","Relic Stats","Weighted Paths"],"gold_per_floor":[119,119,133,143,161,161,192,192,192,208,221,240,251,281,281,358,358,371,381,397,63,0,33,33,59,59,59,88,108,124,138,138,212,212,225,277,40,58,108,442,457,457,457,492,509,509,534,549,549,549,549],"floor_reached":50,"language":"ENG","playtime":7431,"items_purged":["Strike_R"],"score":1591,"play_id":"f14ce97e-187b-43de-a8c5-0e4c107ea362","local_time":"20210214120133","is_ascension_mode":true,"campfire_choices":[{"data":"Offering","floor":6.0,"key":"SMITH"},{"floor":8.0,"key":"REST"},{"floor":15.0,"key":"REST"},{"data":"Pommel Strike","floor":24.0,"key":"SMITH"},{"data":"Shockwave","floor":27.0,"key":"SMITH"},{"floor":32.0,"key":"REST"},{"floor":42.0,"key":"REST"},{"floor":49.0,"key":"RECALL"}],"circlet_count":0,"master_deck":["AscendersBane","Strike_R","Defend_R","Defend_R","Defend_R","Defend_R","Bash","Shockwave+1","Offering+1","Dropkick","Pommel Strike+1","Inflame+1","Shockwave","Battle Trance","Shrug It Off","Pummel+1","Feed+1","Fire Breathing+1","Pummel+1","Exhume+1","Sword Boomerang+1","Sword Boomerang+1","Immolate+1","Pommel Strike+1","Shrug It Off","Spot Weakness","Demon Form+1","Shrug It Off","Heavy Blade+1","Berserk+1","Decay","True Grit"],"relics":["Burning Blood","Red Skull","Frozen Egg 2","Question Card","Molten Egg 2","Astrolabe","Thread and Needle","Oddly Smooth Stone","Dream Catcher","Anchor","Bag of Preparation","Busted Crown","Girya","OrangePellets","Old Coin","Ornamental Fan","Calipers"],"acts_visited":["Exordium","TheCity","TheBeyond"],"potions_floor_usage":[],"damage_taken":[{"damage":12.0,"enemies":"Jaw Worm","floor":1.0,"turns":3.0},{"damage":6.0,"enemies":"Cultist","floor":3.0,"turns":3.0},{"damage":5.0,"enemies":"2 Louse","floor":4.0,"turns":4.0},{"damage":22.0,"enemies":"Blue Slaver","floor":5.0,"turns":4.0},{"damage":51.0,"enemies":"3 Sentries","floor":7.0,"turns":8.0},{"damage":8.0,"enemies":"Looter","floor":10.0,"turns":3.0},{"damage":14.0,"enemies":"Red Slaver","floor":11.0,"turns":3.0},{"damage":15.0,"enemies":"Exordium Wildlife","floor":12.0,"turns":2.0},{"damage":9.0,"enemies":"Lots of Slimes","floor":13.0,"turns":4.0},{"damage":6.0,"enemies":"Lagavulin","floor":14.0,"turns":4.0},{"damage":6.0,"enemies":"Slime Boss","floor":16.0,"turns":3.0},{"damage":17.0,"enemies":"Spheric Guardian","floor":18.0,"turns":3.0},{"damage":6.0,"enemies":"3 Byrds","floor":19.0,"turns":3.0},{"damage":25.0,"enemies":"Snake Plant","floor":20.0,"turns":4.0},{"damage":13.0,"enemies":"Slavers","floor":23.0,"turns":3.0},{"damage":34.0,"enemies":"Gremlin Leader","floor":25.0,"turns":7.0},{"damage":7.0,"enemies":"Slavers","floor":28.0,"turns":5.0},{"damage":0.0,"enemies":"3 Cultists","floor":29.0,"turns":2.0},{"damage":6.0,"enemies":"Cultist and Chosen","floor":30.0,"turns":3.0},{"damage":26.0,"enemies":"Snake Plant","floor":31.0,"turns":3.0},{"damage":12.0,"enemies":"Collector","floor":33.0,"turns":5.0},{"damage":6.0,"enemies":"Orb Walker","floor":35.0,"turns":2.0},{"damage":2.0,"enemies":"2 Orb Walkers","floor":36.0,"turns":2.0},{"damage":3.0,"enemies":"3 Shapes","floor":38.0,"turns":3.0},{"damage":47.0,"enemies":"Nemesis","floor":40.0,"turns":7.0},{"damage":9.0,"enemies":"Maw","floor":41.0,"turns":5.0},{"damage":6.0,"enemies":"Reptomancer","floor":44.0,"turns":2.0},{"damage":19.0,"enemies":"Sphere and 2 Shapes","floor":45.0,"turns":5.0},{"damage":6.0,"enemies":"Giant Head","floor":47.0,"turns":4.0},{"damage":10.0,"enemies":"Writhing Mass","floor":48.0,"turns":4.0},{"damage":85,"enemies":"Awakened One","floor":50,"turns":8}],"seed_played":"-7916662031101247566","potions_obtained":[{"floor":1.0,"key":"BloodPotion"},{"floor":2.0,"key":"Strength Potion"},{"floor":2.0,"key":"Fruit Juice"},{"floor":5.0,"key":"SteroidPotion"},{"floor":11.0,"key":"AttackPotion"},{"floor":23.0,"key":"Dexterity Potion"},{"floor":25.0,"key":"Fire Potion"},{"floor":30.0,"key":"LiquidMemories"},{"floor":35.0,"key":"SkillPotion"},{"floor":40.0,"key":"Energy Potion"},{"floor":41.0,"key":"DistilledChaos"},{"floor":47.0,"key":"Ancient Potion"}],"is_trial":false,"path_per_floor":["M","?","M","M","M","R","E","R","T","M","M","M","M","E","R","B",null,"M","M","M","$","?","E","R","E","T","R","E","M","M","M","R","B",null,"M","?","$","M","?","E","M","R","T","E","M","?","E","M","R","B"],"character_chosen":"IRONCLAD","items_purchased":["Thread and Needle","OrangePellets"],"campfire_rested":4,"item_purchase_floors":[21,37],"current_hp_per_floor":[62,80,80,80,64,64,19,43,43,41,33,24,21,21,45,45,71,64,72,57,57,57,58,58,34,34,34,33,39,39,19,51,45,92,92,96,96,99,99,58,55,87,87,87,78,78,78,74,74,0,0],"gold":549,"neow_bonus":"RANDOM_COMMON_RELIC","is_daily":false,"chose_seed":false,"campfire_upgraded":3,"win_rate":0.0,"timestamp":1613311293,"path_taken":["M","?","M","M","M","R","E","R","T","M","M","M","?","E","R","BOSS","M","M","M","$","?","E","R","E","T","R","E","M","M","M","R","BOSS","M","?","$","M","?","E","?","R","T","E","M","?","E","M","R","BOSS"],"items_purchased_type":["Relic","Relic"],"build_version":"2020-12-22","purchased_purges":1,"victory":false,"max_hp_per_floor":[75,80,80,80,80,80,80,80,80,80,80,80,80,80,80,80,80,84,92,96,96,96,104,104,108,108,108,108,108,108,108,108,108,108,108,108,108,108,108,108,108,108,108,108,112,112,112,112,112,112,112],"relic_stats":{"OrangePellets":[12],"Dream Catcher":2,"Busted Crown":20,"counters":[31,121],"Ornamental Fan":[16],"Astrolabe":["Fire Breathing","Pummel","Exhume"],"Bag of Preparation":[28],"Question Card":27,"obtain_stats":[{"Girya":36,"Calipers":47,"Astrolabe":17,"Oddly Smooth Stone":23,"Thread and Needle":21,"Bag of Preparation":28,"Frozen Egg 2":7,"Question Card":9,"Burning Blood":0,"Old Coin":40,"OrangePellets":37,"Dream Catcher":25,"Anchor":26,"Busted Crown":34,"Ornamental Fan":44,"Molten Egg 2":14,"Red Skull":0},{"Girya":23,"Calipers":29,"Astrolabe":11,"Oddly Smooth Stone":15,"Thread and Needle":14,"Bag of Preparation":17,"Frozen Egg 2":5,"Question Card":5,"Burning Blood":0,"Old Coin":25,"OrangePellets":23,"Dream Catcher":16,"Anchor":16,"Busted Crown":21,"Ornamental Fan":27,"Molten Egg 2":10,"Red Skull":0},{"Girya":83,"Calipers":109,"Astrolabe":41,"Oddly Smooth Stone":54,"Thread and Needle":51,"Bag of Preparation":66,"Frozen Egg 2":22,"Question Card":22,"Burning Blood":0,"Old Coin":93,"OrangePellets":83,"Dream Catcher":61,"Anchor":61,"Busted Crown":79,"Ornamental Fan":100,"Molten Egg 2":38,"Red Skull":0}],"Burning Blood":179},"card_choices":[{"not_picked":["Sentinel","Reckless Charge","Searing Blow"],"picked":"SKIP","floor":1.0},{"not_picked":["Armaments","Headbutt"],"picked":"Shockwave","floor":3.0},{"not_picked":["Sword Boomerang","Uppercut"],"picked":"Offering","floor":4.0},{"not_picked":["Havoc","Clothesline"],"picked":"Dropkick","floor":5.0},{"not_picked":["Warcry","Entrench"],"picked":"Pommel Strike","floor":7.0},{"not_picked":["Havoc","Evolve+1","Anger"],"picked":"Inflame+1","floor":10.0},{"not_picked":["Pummel","Thunderclap","Intimidate"],"picked":"Shockwave","floor":11.0},{"not_picked":["Warcry","Spot Weakness","Power Through"],"picked":"Battle Trance","floor":12.0},{"not_picked":["Searing Blow","Juggernaut+1","Anger"],"picked":"Shrug It Off","floor":13.0},{"not_picked":["Rampage+1","Perfected Strike+1","Pommel Strike+1"],"picked":"Pummel+1","floor":14.0},{"not_picked":["Bludgeon+1","Offering","Limit Break"],"picked":"Feed+1","floor":16.0},{"not_picked":["Flex+1","Second Wind","Perfected Strike+1","Clothesline+1"],"picked":"SKIP","floor":18.0},{"not_picked":["Dropkick+1","Rupture+1","Sever Soul+1"],"picked":"Sword Boomerang+1","floor":19.0},{"not_picked":["Thunderclap+1","Combust+1","Blood for Blood+1"],"picked":"Sword Boomerang+1","floor":20.0},{"not_picked":["Wild Strike+1","Evolve+1","Power Through+1","Anger+1"],"picked":"SKIP","floor":23.0},{"not_picked":["Thunderclap+1","Burning Pact","Body Slam+1"],"picked":"Immolate+1","floor":25.0},{"not_picked":["Headbutt+1","Burning Pact","Clash+1","Wild Strike+1"],"picked":"SKIP","floor":28.0},{"not_picked":["Fire Breathing+1","Cleave+1","Body Slam+1"],"picked":"Pommel Strike+1","floor":29.0},{"not_picked":["Entrench+1","Double Tap","Evolve+1","Anger+1"],"picked":"SKIP","floor":30.0},{"not_picked":["Thunderclap+1","Fire Breathing+1","Headbutt+1"],"picked":"Shrug It Off","floor":31.0},{"not_picked":["Entrench+1","Thunderclap+1","Pommel Strike+1"],"picked":"Spot Weakness","floor":32.0},{"not_picked":["Limit Break","Barricade+1","Impervious"],"picked":"Demon Form+1","floor":33.0},{"not_picked":["Sword Boomerang+1"],"picked":"Shrug It Off","floor":35.0},{"not_picked":["Armaments","Iron Wave+1"],"picked":"SKIP","floor":38.0},{"not_picked":["Wild Strike+1"],"picked":"Heavy Blade+1","floor":40.0},{"not_picked":["Headbutt+1","Anger+1"],"picked":"SKIP","floor":41.0},{"not_picked":["Cleave+1"],"picked":"Berserk+1","floor":44.0},{"not_picked":["Body Slam+1","Fire Breathing+1"],"picked":"SKIP","floor":45.0},{"not_picked":["Demon Form+1","Wild Strike+1"],"picked":"SKIP","floor":47.0},{"not_picked":["Havoc"],"picked":"True Grit","floor":48.0}],"player_experience":2716842,"relics_obtained":[{"floor":7.0,"key":"Frozen Egg 2"},{"floor":9.0,"key":"Question Card"},{"floor":14.0,"key":"Molten Egg 2"},{"floor":23.0,"key":"Oddly Smooth Stone"},{"floor":25.0,"key":"Dream Catcher"},{"floor":26.0,"key":"Anchor"},{"floor":28.0,"key":"Bag of Preparation"},{"floor":36.0,"key":"Girya"},{"floor":40.0,"key":"Old Coin"},{"floor":44.0,"key":"Ornamental Fan"},{"floor":47.0,"key":"Calipers"}],"event_choices":[{"damage_healed":0.0,"max_hp_gain":0.0,"max_hp_loss":0.0,"gold_gain":0.0,"event_name":"Lab","player_choice":"Got Potions","floor":2.0,"gold_loss":0.0,"damage_taken":0.0},{"damage_healed":0.0,"max_hp_gain":0.0,"max_hp_loss":0.0,"gold_gain":0.0,"event_name":"Masked Bandits","player_choice":"Paid Fearfully","floor":22.0,"gold_loss":63.0,"damage_taken":0.0},{"damage_healed":0.0,"max_hp_gain":0.0,"max_hp_loss":0.0,"gold_gain":0.0,"event_name":"Mysterious Sphere","player_choice":"Fight","floor":36.0,"gold_loss":0.0,"damage_taken":0.0},{"damage_healed":0.0,"max_hp_gain":0.0,"max_hp_loss":0.0,"gold_gain":50.0,"event_name":"Golden Shrine","player_choice":"Pray","floor":39.0,"gold_loss":0.0,"damage_taken":0.0},{"damage_healed":0.0,"max_hp_gain":0.0,"max_hp_loss":0.0,"gold_gain":0.0,"event_name":"Match and Keep!","player_choice":"1 cards matched","floor":46.0,"gold_loss":0.0,"damage_taken":0.0,"cards_obtained":["Decay"]}],"is_beta":false,"boss_relics":[{"not_picked":["SlaversCollar","Black Blood"],"picked":"Astrolabe"},{"not_picked":["Sozu","Black Star"],"picked":"Busted Crown"}],"items_purged_floors":[37],"is_endless":false,"potions_floor_spawned":[1,5,11,12,13,20,23,25,30,35,40,41,47],"killed_by":"Awakened One","ascension_level":20}}