{"host":"5pfivkovc4wibog0","time":1613310849,"event":{"mods":["2.2 Compatiblity","Act Like it!","BaseMod","Better Third Choice","Block Reminder","Colored Powertips","Downfall","Friendly Minions","GifTheSpireLib","Hermit","Koishi","Marisa????????","Minty Spire (QoL Compilation)","Permanent Neow","Quick Restart","Rare Cards Sparkle","Reimu??????","StSLib","The Administrix","The Animator","The Bladedancer","The Cursed","TheSwordswoman"],"gold_per_floor":[113,131,56,72,86,118,118,118,163,163,176,24,24,36,36,138,138,149,159,159,34,34,34,34],"floor_reached":23,"language":"ENG","playtime":622,"items_purged":["Strike_B","Strike_B","Strike_B"],"score":226,"play_id":"0da5536a-64d7-4700-9ac0-5b59860b37dd","local_time":"20210214135409","is_ascension_mode":true,"campfire_choices":[{"floor":7,"key":"REST"},{"data":"Dualcast","floor":10,"key":"SMITH"},{"floor":15,"key":"REST"}],"circlet_count":0,"master_deck":["Defend_B","Defend_B","Defend_B","Defend_B","Zap+1","Dualcast+1","Gash","Gash","Gash","Gash","Seek","Conserve Battery","Rebound"],"relics":["Cracked Core","Shuriken","Boot","Nuclear Battery"],"acts_visited":["Exordium","TheCity"],"potions_floor_usage":[],"damage_taken":[{"damage":5,"enemies":"Cultist","floor":1,"turns":4},{"damage":0,"enemies":"Small Slimes","floor":2,"turns":3},{"damage":0,"enemies":"2 Louse","floor":4,"turns":2},{"damage":0,"enemies":"Large Slime","floor":5,"turns":4},{"damage":32,"enemies":"Lagavulin","floor":6,"turns":8},{"damage":24,"enemies":"Gremlin Gang","floor":11,"turns":4},{"damage":5,"enemies":"Looter","floor":14,"turns":3},{"damage":26,"enemies":"Hexaghost","floor":16,"turns":7},{"damage":5,"enemies":"Chosen","floor":18,"turns":4},{"damage":8,"enemies":"3 Byrds","floor":19,"turns":5},{"damage":62,"enemies":"Slavers","floor":23,"turns":4}],"seed_played":"226708176341117343","potions_obtained":[{"floor":2,"key":"Guardian:BlockOnCardUsePotion"},{"floor":4,"key":"DistilledChaos"},{"floor":6,"key":"FearPotion"},{"floor":16,"key":"PowerPotion"}],"is_trial":false,"path_per_floor":["M","M","$","M","M","E","R","?","T","R","M","$","$","M","R","B",null,"M","M","?","$","?","E"],"character_chosen":"DEFECT","items_purchased":["Gash"],"campfire_rested":2,"item_purchase_floors":[12],"current_hp_per_floor":[70,70,70,70,70,38,60,60,60,60,36,36,36,31,53,27,75,70,62,62,62,62,0,0],"gold":34,"neow_bonus":"UPGRADE_CARD","is_daily":false,"chose_seed":false,"campfire_upgraded":1,"win_rate":0.0,"timestamp":1613310849,"path_taken":["M","?","$","M","M","E","R","?","T","R","?","?","$","M","R","BOSS","M","M","?","$","?","E"],"items_purchased_type":["Card"],"build_version":"2020-12-22","purchased_purges":3,"victory":false,"max_hp_per_floor":[75,75,75,75,75,75,75,75,75,75,75,75,75,75,75,75,75,75,75,75,75,75,75,75],"card_choices":[{"not_picked":["Sweeping Beam","Leap"],"picked":"Gash","floor":1},{"not_picked":["Barrage","Redo","Fusion"],"picked":"SKIP","floor":2},{"not_picked":["Steam Power","Tempest","Static Discharge"],"picked":"SKIP","floor":4},{"not_picked":["Force Field","BootSequence","Leap"],"picked":"SKIP","floor":5},{"not_picked":["Biased Cognition","Compile Driver"],"picked":"Gash","floor":6},{"not_picked":["Redo","Leap"],"picked":"Gash","floor":11},{"not_picked":["Leap","Beam Cell","Cold Snap"],"picked":"SKIP","floor":14},{"not_picked":["Core Surge","Buffer"],"picked":"Seek","floor":16},{"not_picked":["Darkness","Ball Lightning"],"picked":"Conserve Battery","floor":18},{"not_picked":["Leap","Ball Lightning"],"picked":"Rebound","floor":19}],"player_experience":74657,"relics_obtained":[{"floor":6,"key":"Shuriken"}],"event_choices":[{"damage_healed":0,"gold_gain":0,"player_choice":"Gave Potion","damage_taken":0,"relics_obtained":["Boot"],"max_hp_gain":0,"max_hp_loss":0,"event_name":"WeMeetAgain","floor":8,"gold_loss":0},{"cards_removed":["Strike_B"],"damage_healed":0,"gold_gain":0,"player_choice":"Elegance","damage_taken":0,"max_hp_gain":0,"max_hp_loss":0,"event_name":"betterThird:BetterWriting","floor":20,"gold_loss":0},{"damage_healed":0,"gold_gain":0,"player_choice":"Ignored","damage_taken":0,"max_hp_gain":0,"max_hp_loss":0,"event_name":"Vampires","floor":22,"gold_loss":0}],"is_beta":false,"boss_relics":[{"not_picked":["Philosopher\u0027s Stone","SacredBark"],"picked":"Nuclear Battery"}],"items_purged_floors":[3,12,21],"is_endless":false,"potions_floor_spawned":[2,4,6,16,19],"killed_by":"Slavers","ascension_level":1}}