{"host":"hw9lt6p3yhr90vz0","time":1613280462,"event":{"mods":["BaseMod","DeckTracker","Minty Spire (QoL Compilation)","Relic Stats"],"gold_per_floor":[110,123,139,139,38,66,66,97,172,186,196,212,226,226,226,350,350,364,379,400,400,400],"floor_reached":21,"language":"ENG","playtime":2122,"items_purged":[],"score":279,"play_id":"9645124c-6fb3-4186-95eb-2a6a15870c54","local_time":"20210214002742","is_ascension_mode":true,"campfire_choices":[{"floor":7.0,"key":"REST"},{"floor":15.0,"key":"REST"}],"circlet_count":0,"master_deck":["Strike_R","Strike_R","Strike_R","Strike_R","Strike_R","Defend_R","Defend_R","Defend_R","Defend_R","Bash","Shrug It Off","Rage","Battle Trance","Cleave","Offering","Flex","Armaments","Armaments","Injury","Demon Form","Flex","Inflame"],"relics":["Burning Blood","FaceOfCleric","Peace Pipe","Tiny Chest","Gremlin Horn","Golden Idol","Snecko Eye"],"acts_visited":["Exordium","TheCity"],"potions_floor_usage":[],"damage_taken":[{"damage":9.0,"enemies":"Small Slimes","floor":1.0,"turns":5.0},{"damage":14.0,"enemies":"Cultist","floor":2.0,"turns":5.0},{"damage":0.0,"enemies":"2 Louse","floor":3.0,"turns":4.0},{"damage":43.0,"enemies":"3 Sentries","floor":6.0,"turns":15.0},{"damage":58.0,"enemies":"Gremlin Nob","floor":8.0,"turns":5.0},{"damage":6.0,"enemies":"2 Fungi Beasts","floor":10.0,"turns":4.0},{"damage":2.0,"enemies":"Gremlin Gang","floor":11.0,"turns":5.0},{"damage":7.0,"enemies":"Looter","floor":12.0,"turns":3.0},{"damage":0.0,"enemies":"Lots of Slimes","floor":13.0,"turns":1.0},{"damage":30.0,"enemies":"The Guardian","floor":16.0,"turns":21.0},{"damage":36,"enemies":"Chosen","floor":18,"turns":7},{"damage":42,"enemies":"Shell Parasite","floor":19,"turns":7},{"damage":19,"enemies":"Centurion and Healer","floor":20,"turns":4},{"damage":36,"enemies":"Snake Plant","floor":21,"turns":3}],"seed_played":"-566263765214031498","potions_obtained":[{"floor":6.0,"key":"Dexterity Potion"},{"floor":8.0,"key":"Dexterity Potion"},{"floor":11.0,"key":"SkillPotion"}],"is_trial":false,"path_per_floor":["M","M","M","?","$","E","R","E","T","M","M","M","M","?","R","B",null,"M","M","M","M"],"character_chosen":"IRONCLAD","items_purchased":["FairyPotion"],"campfire_rested":2,"item_purchase_floors":[5],"current_hp_per_floor":[77,69,75,75,75,39,65,14,14,15,20,20,27,27,55,32,79,50,15,36,0,0],"gold":400,"neow_bonus":"TEN_PERCENT_HP_BONUS","is_daily":false,"chose_seed":false,"campfire_upgraded":0,"win_rate":0.0,"timestamp":1613280462,"path_taken":["M","M","M","?","?","E","R","E","T","M","M","M","?","?","R","BOSS","M","M","M","M"],"items_purchased_type":["Potion"],"build_version":"2020-12-22","purchased_purges":0,"victory":false,"max_hp_per_floor":[88,88,88,88,88,89,89,90,90,91,92,93,94,94,94,95,95,96,97,98,98,98],"relic_stats":{"Peace Pipe":0,"FaceOfCleric":10,"Gremlin Horn":[7,9],"counters":[14,89],"Golden Idol":35,"Snecko Eye":[46,31,40,36],"Tiny Chest":0,"obtain_stats":[{"Peace Pipe":6,"FaceOfCleric":4,"Gremlin Horn":9,"Golden Idol":14,"Snecko Eye":17,"Tiny Chest":8,"Burning Blood":0},{"Peace Pipe":4,"FaceOfCleric":3,"Gremlin Horn":5,"Golden Idol":9,"Snecko Eye":10,"Tiny Chest":5,"Burning Blood":0},{"Peace Pipe":29,"FaceOfCleric":14,"Gremlin Horn":34,"Golden Idol":47,"Snecko Eye":68,"Tiny Chest":34,"Burning Blood":0}],"Burning Blood":78},"card_choices":[{"not_picked":["Flex","Heavy Blade"],"picked":"Shrug It Off","floor":1.0},{"not_picked":["Anger","Clash"],"picked":"Rage","floor":2.0},{"not_picked":["Headbutt","Burning Pact"],"picked":"Battle Trance","floor":3.0},{"not_picked":["Havoc","Headbutt"],"picked":"Cleave","floor":6.0},{"not_picked":["Bloodletting","Entrench"],"picked":"Offering","floor":8.0},{"not_picked":["Thunderclap","Twin Strike"],"picked":"Flex","floor":10.0},{"not_picked":["Cleave","Clothesline"],"picked":"Armaments","floor":11.0},{"not_picked":["Blood for Blood","Cleave","Warcry"],"picked":"SKIP","floor":12.0},{"not_picked":["Flex","Cleave"],"picked":"Armaments","floor":13.0},{"not_picked":["Juggernaut","Exhume"],"picked":"Demon Form","floor":16.0},{"not_picked":["True Grit","Armaments","Shrug It Off+1"],"picked":"SKIP","floor":18},{"not_picked":["True Grit","Twin Strike"],"picked":"Flex","floor":19},{"not_picked":["Reckless Charge","Fire Breathing"],"picked":"Inflame","floor":20}],"player_experience":1451789,"relics_obtained":[{"floor":6.0,"key":"Peace Pipe"},{"floor":8.0,"key":"Tiny Chest"},{"floor":9.0,"key":"Gremlin Horn"}],"event_choices":[{"damage_healed":0.0,"max_hp_gain":0.0,"max_hp_loss":0.0,"gold_gain":0.0,"event_name":"FaceTrader","player_choice":"Trade","floor":4.0,"gold_loss":0.0,"damage_taken":0.0,"relics_obtained":["FaceOfCleric"]},{"damage_healed":0.0,"max_hp_gain":0.0,"max_hp_loss":0.0,"gold_gain":0.0,"event_name":"Golden Idol","player_choice":"Take Wound","floor":14.0,"gold_loss":0.0,"damage_taken":0.0,"relics_obtained":["Golden Idol"],"cards_obtained":["Injury"]}],"is_beta":false,"boss_relics":[{"not_picked":["Calling Bell","Tiny House"],"picked":"Snecko Eye"}],"items_purged_floors":[],"is_endless":false,"potions_floor_spawned":[6,8,11,12],"killed_by":"Snake Plant","ascension_level":6}}