{"host":"l5n1ub3tb9uvq2cf","time":1613288793,"event":{"mods":["BaseMod","Colored Map","DeckTracker","Minty Spire (QoL Compilation)","Relic Stats","SuperFastMode"],"gold_per_floor":[116,116,41,41,67,67,109,109,135,173,173,173,26,26,26,111,111,129,29,38,57,57,57,57],"floor_reached":23,"language":"KOR","playtime":423,"items_purged":["Strike_G","Strike_G"],"score":482,"play_id":"cd11544e-5ddf-41ff-9446-b928b931bcac","local_time":"20210214164633","is_ascension_mode":true,"campfire_choices":[{"data":"Neutralize","floor":6.0,"key":"SMITH"},{"data":"PiercingWail","floor":8.0,"key":"SMITH"},{"data":"Crippling Poison","floor":11.0,"key":"SMITH"},{"data":"Noxious Fumes","floor":15,"key":"SMITH"}],"circlet_count":0,"master_deck":["AscendersBane","Strike_G","Strike_G","Defend_G+1","Defend_G+1","Defend_G","Defend_G","Survivor","Neutralize+1","PiercingWail+1","Crippling Poison+1","Noxious Fumes+1","Grand Finale","Tactician"],"relics":["Ring of the Snake","NeowsBlessing","Juzu Bracelet","CeramicFish","War Paint","Strawberry","Black Star"],"acts_visited":["Exordium","TheCity"],"potions_floor_usage":[23],"damage_taken":[{"damage":0.0,"enemies":"Small Slimes","floor":1.0,"turns":1.0},{"damage":0.0,"enemies":"Lagavulin","floor":7.0,"turns":1.0},{"damage":0.0,"enemies":"Gremlin Nob","floor":10.0,"turns":1.0},{"damage":21,"enemies":"The Guardian","floor":16,"turns":12},{"damage":6,"enemies":"Spheric Guardian","floor":18,"turns":5},{"damage":6,"enemies":"Shell Parasite","floor":21,"turns":7},{"damage":55,"enemies":"Slavers","floor":23,"turns":3}],"seed_played":"-3578012571196936326","potions_obtained":[{"floor":7.0,"key":"FearPotion"},{"floor":10.0,"key":"Weak Potion"}],"is_trial":false,"path_per_floor":["M","?","?","$","T","R","E","R","T","E","R","?","$","?","R","B",null,"M","$","?","M","?","E"],"character_chosen":"THE_SILENT","items_purchased":["Noxious Fumes"],"campfire_rested":0,"item_purchase_floors":[13],"current_hp_per_floor":[59,52,52,52,52,52,52,52,52,59,59,59,59,59,59,38,64,58,58,58,52,52,0,0],"gold":57,"neow_bonus":"THREE_ENEMY_KILL","is_daily":false,"chose_seed":false,"campfire_upgraded":4,"win_rate":0.0,"timestamp":1613288793,"path_taken":["M","?","?","$","?","R","E","R","T","E","R","?","?","?","R","BOSS","M","?","?","M","?","E"],"items_purchased_type":["Card"],"build_version":"2020-12-22","purchased_purges":2,"victory":false,"max_hp_per_floor":[66,66,66,66,66,66,66,66,66,73,73,73,73,73,73,73,73,73,73,73,73,73,73,73],"relic_stats":{"counters":[7,30],"CeramicFish":45,"Juzu Bracelet":0,"Black Star":0,"War Paint":["Defend_G","Defend_G"],"obtain_stats":[{"NeowsBlessing":0,"CeramicFish":7,"Strawberry":10,"Juzu Bracelet":5,"Black Star":17,"War Paint":9,"Ring of the Snake":0},{"NeowsBlessing":0,"CeramicFish":2,"Strawberry":3,"Juzu Bracelet":1,"Black Star":4,"War Paint":2,"Ring of the Snake":0},{"NeowsBlessing":0,"CeramicFish":2,"Strawberry":3,"Juzu Bracelet":1,"Black Star":15,"War Paint":2,"Ring of the Snake":0}],"Ring of the Snake":[14]},"card_choices":[{"not_picked":["PiercingWail","Deflect","Riddle With Holes"],"picked":"SKIP","floor":1.0},{"not_picked":["Riddle With Holes","Finisher"],"picked":"PiercingWail","floor":7.0},{"not_picked":["Dagger Throw","Flechettes"],"picked":"Crippling Poison","floor":10.0},{"not_picked":["Tools of the Trade","Corpse Explosion"],"picked":"Grand Finale","floor":16},{"not_picked":["All Out Attack+1","PiercingWail","Deadly Poison"],"picked":"SKIP","floor":18},{"not_picked":["Leg Sweep+1","Backstab+1","Bouncing Flask"],"picked":"SKIP","floor":21}],"player_experience":1142828,"relics_obtained":[{"floor":5.0,"key":"Juzu Bracelet"},{"floor":7.0,"key":"CeramicFish"},{"floor":9.0,"key":"War Paint"},{"floor":10.0,"key":"Strawberry"}],"event_choices":[{"cards_removed":["Strike_G"],"damage_healed":0.0,"max_hp_gain":0.0,"max_hp_loss":0.0,"gold_gain":0.0,"event_name":"Golden Wing","player_choice":"Card Removal","floor":2.0,"gold_loss":0.0,"damage_taken":7.0},{"cards_removed":["Defend_G"],"damage_healed":0.0,"max_hp_gain":0.0,"max_hp_loss":0.0,"gold_gain":0.0,"event_name":"The Cleric","player_choice":"Card Removal","floor":3.0,"gold_loss":75.0,"damage_taken":0.0},{"damage_healed":0,"gold_gain":0,"player_choice":"Searched \u00270\u0027 times","damage_taken":0,"max_hp_gain":0,"max_hp_loss":0,"event_name":"Dead Adventurer","floor":12,"gold_loss":0},{"damage_healed":0,"gold_gain":0,"player_choice":"0 cards matched","damage_taken":0,"max_hp_gain":0,"max_hp_loss":0,"event_name":"Match and Keep!","floor":14,"gold_loss":0,"cards_obtained":[]},{"damage_healed":0,"gold_gain":0,"player_choice":"Read","damage_taken":0,"max_hp_gain":0,"max_hp_loss":0,"event_name":"The Library","floor":20,"gold_loss":0,"cards_obtained":["Tactician"]},{"damage_healed":0,"gold_gain":0,"player_choice":"Ignored","damage_taken":0,"max_hp_gain":0,"max_hp_loss":0,"event_name":"Cursed Tome","floor":22,"gold_loss":0}],"is_beta":false,"boss_relics":[{"not_picked":["SacredBark","Calling Bell"],"picked":"Black Star"}],"items_purged_floors":[13,19],"is_endless":false,"potions_floor_spawned":[7,10,16],"killed_by":"Slavers","ascension_level":20}}