{"host":"krw8blyxua7at9ak","time":1613316343,"event":{"mods":["BaseMod","Highlight Path","Minty Spire (QoL Compilation)","ojb\u0027s Info Mod"],"gold_per_floor":[119,119,119,139,214,240,240,269,296,325,341,354,365,6,6,80,80,95,109,109,109,128,159,178,212,239,239,257,270,270,305,305,389,389,416,23,49,49,49,91,103,128,155,155,180,35,57,78,78,78,78,78,78,28,61,61],"floor_reached":57,"language":"ENG","playtime":4376,"items_purged":["Strike_G","Strike_G","Defend_G"],"score":3240,"play_id":"71f3e376-dbdd-4008-adb4-304decf13179","local_time":"20210214162543","is_ascension_mode":true,"campfire_choices":[{"data":"Doppelganger","floor":7.0,"key":"SMITH"},{"data":"Neutralize","floor":15.0,"key":"SMITH"},{"floor":27,"key":"REST"},{"data":"Acrobatics","floor":30,"key":"SMITH"},{"data":"After Image","floor":32,"key":"SMITH"},{"floor":44,"key":"RECALL"},{"data":"Well Laid Plans","floor":49,"key":"SMITH"},{"data":"Backflip","floor":53,"key":"SMITH"}],"circlet_count":0,"master_deck":["AscendersBane","Defend_G","Defend_G","Survivor","Neutralize+1","Grand Finale","Backflip+1","Doppelganger+1","Acrobatics+1","Dagger Throw","Die Die Die","Deflect+1","Malaise+1","Acrobatics+1","After Image+1","PiercingWail+1","Outmaneuver+1","Doppelganger+1","Cloak And Dagger+1","Crippling Poison+1","Bullet Time+1","Cloak And Dagger+1","Burst+1","Backflip+1","Acrobatics+1","Deflect+1","Cloak And Dagger+1","Terror+1","Blade Dance+1","Cloak And Dagger+1","Well Laid Plans+1","Riddle With Holes+1"],"relics":["Ring of the Snake","Strawberry","Anchor","PreservedInsect","Pen Nib","Toxic Egg 2","Shuriken","Philosopher\u0027s Stone","Pantograph","HornCleat","CeramicFish","Omamori","Sozu","ClockworkSouvenir","Bag of Marbles","Nunchaku","Smiling Mask","Regal Pillow","StrikeDummy"],"acts_visited":["Exordium","TheCity","TheBeyond","TheEnding"],"potions_floor_usage":[25,33,33,33,50],"damage_taken":[{"damage":0.0,"enemies":"2 Louse","floor":1.0,"turns":3.0},{"damage":0.0,"enemies":"Small Slimes","floor":4.0,"turns":2.0},{"damage":0.0,"enemies":"3 Sentries","floor":6.0,"turns":2.0},{"damage":3.0,"enemies":"Lagavulin","floor":8.0,"turns":4.0},{"damage":0.0,"enemies":"Gremlin Nob","floor":10.0,"turns":2.0},{"damage":0.0,"enemies":"Jaw Worm","floor":11.0,"turns":2.0},{"damage":0.0,"enemies":"Large Slime","floor":12.0,"turns":4.0},{"damage":0.0,"enemies":"2 Fungi Beasts","floor":13.0,"turns":2.0},{"damage":11.0,"enemies":"The Guardian","floor":16.0,"turns":7.0},{"damage":0.0,"enemies":"2 Thieves","floor":18.0,"turns":3.0},{"damage":13.0,"enemies":"3 Byrds","floor":19.0,"turns":3.0},{"damage":4.0,"enemies":"Snake Plant","floor":22.0,"turns":4.0},{"damage":5.0,"enemies":"Slavers","floor":23.0,"turns":2.0},{"damage":8.0,"enemies":"Cultist and Chosen","floor":24.0,"turns":9.0},{"damage":0,"enemies":"Gremlin Leader","floor":25,"turns":4},{"damage":0,"enemies":"Centurion and Healer","floor":29,"turns":6},{"damage":0,"enemies":"Book of Stabbing","floor":31,"turns":5},{"damage":22,"enemies":"Automaton","floor":33,"turns":9},{"damage":0,"enemies":"3 Shapes","floor":35,"turns":4},{"damage":0,"enemies":"Orb Walker","floor":37,"turns":3},{"damage":17,"enemies":"Nemesis","floor":40,"turns":9},{"damage":0,"enemies":"4 Shapes","floor":41,"turns":4},{"damage":0,"enemies":"Reptomancer","floor":42,"turns":3},{"damage":15,"enemies":"Nemesis","floor":45,"turns":7},{"damage":0,"enemies":"Sphere and 2 Shapes","floor":47,"turns":3},{"damage":0,"enemies":"Spire Growth","floor":48,"turns":3},{"damage":26,"enemies":"Time Eater","floor":50,"turns":6},{"damage":0,"enemies":"Donu and Deca","floor":51,"turns":5},{"damage":2,"enemies":"Shield and Spear","floor":55,"turns":4},{"damage":60,"enemies":"The Heart","floor":56,"turns":7}],"seed_played":"-2468423621659491902","potions_obtained":[{"floor":4.0,"key":"LiquidMemories"},{"floor":6.0,"key":"Block Potion"},{"floor":8.0,"key":"CunningPotion"},{"floor":11.0,"key":"Swift Potion"},{"floor":23.0,"key":"Poison Potion"},{"floor":29,"key":"EntropicBrew"}],"is_trial":false,"path_per_floor":["M","?","?","M","?","E","R","E","T","E","M","M","M","$","R","B",null,"M","M","?","?","M","E","M","E","T","R","?","M","R","E","R","B",null,"M","$","M","?","?","E","M","E","T","R","E","$","M","M","R","B","B",null,"R","$","E","B",null],"character_chosen":"THE_SILENT","items_purchased":["Shuriken","ClockworkSouvenir","Bag of Marbles","Acrobatics+1","Deflect+1","Blade Dance+1","Cloak And Dagger+1"],"campfire_rested":1,"item_purchase_floors":[14,36,36,36,36,46,46],"current_hp_per_floor":[44,44,46,46,35,35,35,32,32,32,32,32,32,32,32,21,60,60,47,26,26,22,17,9,9,9,32,32,32,32,32,32,35,67,67,67,67,67,67,50,50,50,50,50,35,35,35,35,35,34,59,70,70,70,68,14],"gold":61,"neow_bonus":"TRANSFORM_TWO_CARDS","is_daily":false,"chose_seed":false,"campfire_upgraded":6,"win_rate":0.0,"timestamp":1613316343,"path_taken":["M","?","?","M","?","E","R","E","T","E","M","M","M","$","R","BOSS","M","M","?","?","M","E","M","E","T","R","?","M","R","E","R","BOSS","M","$","M","?","?","E","M","E","T","R","E","?","?","M","R","BOSS","BOSS","R","$","E","BOSS"],"items_purchased_type":["Relic","Relic","Relic","Card","Card","Card","Card"],"build_version":"2020-12-22","purchased_purges":3,"victory":true,"max_hp_per_floor":[66,66,73,73,73,73,73,73,73,73,73,73,73,73,73,73,73,73,73,78,78,78,78,78,78,78,78,78,78,78,78,78,78,78,78,78,78,78,74,74,74,74,74,74,74,74,74,74,74,74,74,74,74,74,74,74],"card_choices":[{"not_picked":["Slice","Reflex"],"picked":"Backflip","floor":1.0},{"not_picked":["Underhanded Strike","A Thousand Cuts"],"picked":"Acrobatics","floor":4.0},{"not_picked":["Predator","Prepared"],"picked":"Dagger Throw","floor":6.0},{"not_picked":["Poisoned Stab","Infinite Blades","Acrobatics"],"picked":"SKIP","floor":8.0},{"not_picked":["Bane","Predator"],"picked":"Die Die Die","floor":10.0},{"not_picked":["Deadly Poison+1","Quick Slash"],"picked":"Deflect+1","floor":11.0},{"not_picked":["Eviscerate","Sucker Punch"],"picked":"Malaise+1","floor":12.0},{"not_picked":["Dash","Bane"],"picked":"Acrobatics+1","floor":13.0},{"not_picked":["Die Die Die","Glass Knife"],"picked":"After Image","floor":16.0},{"not_picked":["Acrobatics+1","Finisher+1"],"picked":"PiercingWail+1","floor":18.0},{"not_picked":["PiercingWail+1","Choke+1"],"picked":"Outmaneuver+1","floor":19.0},{"not_picked":["Dagger Throw","Masterful Stab","Choke"],"picked":"SKIP","floor":22.0},{"not_picked":["Blade Dance+1","Outmaneuver+1"],"picked":"Doppelganger+1","floor":23.0},{"not_picked":["Bouncing Flask+1","PiercingWail+1","Eviscerate"],"picked":"SKIP","floor":24.0},{"not_picked":["Dagger Throw","Acrobatics+1"],"picked":"Cloak And Dagger+1","floor":25},{"not_picked":["Dagger Throw","Caltrops+1","Underhanded Strike"],"picked":"SKIP","floor":29},{"not_picked":["Poisoned Stab","Masterful Stab"],"picked":"Cloak And Dagger+1","floor":31},{"not_picked":["Malaise+1","A Thousand Cuts"],"picked":"Burst+1","floor":33},{"not_picked":["Underhanded Strike","Deadly Poison+1"],"picked":"Backflip+1","floor":35},{"not_picked":["Distraction+1","Dodge and Roll+1"],"picked":"Cloak And Dagger+1","floor":37},{"not_picked":["Heel Hook","Infinite Blades+1"],"picked":"Terror+1","floor":40},{"not_picked":["Leg Sweep+1","Envenom","Quick Slash"],"picked":"SKIP","floor":41},{"not_picked":["Deadly Poison+1","Dash","Quick Slash"],"picked":"SKIP","floor":42},{"not_picked":["Slice","Flying Knee+1","Underhanded Strike"],"picked":"SKIP","floor":45},{"not_picked":["Dash","Quick Slash"],"picked":"Well Laid Plans","floor":47},{"not_picked":["Setup+1","Quick Slash"],"picked":"Riddle With Holes+1","floor":48},{"not_picked":["Outmaneuver+1","Deadly Poison+1","Dodge and Roll+1"],"picked":"SKIP","floor":55}],"player_experience":408001,"relics_obtained":[{"floor":6.0,"key":"Anchor"},{"floor":8.0,"key":"PreservedInsect"},{"floor":9.0,"key":"Pen Nib"},{"floor":10.0,"key":"Toxic Egg 2"},{"floor":23.0,"key":"Pantograph"},{"floor":25,"key":"HornCleat"},{"floor":26,"key":"CeramicFish"},{"floor":31,"key":"Omamori"},{"floor":40,"key":"Nunchaku"},{"floor":42,"key":"Smiling Mask"},{"floor":45,"key":"Regal Pillow"},{"floor":55,"key":"StrikeDummy"}],"event_choices":[{"damage_healed":0.0,"max_hp_gain":0.0,"max_hp_loss":0.0,"gold_gain":0.0,"cards_transformed":["Defend_G"],"event_name":"Living Wall","player_choice":"Change","floor":2.0,"gold_loss":0.0,"damage_taken":0.0,"cards_obtained":["Doppelganger"]},{"damage_healed":0.0,"max_hp_gain":0.0,"max_hp_loss":0.0,"gold_gain":0.0,"event_name":"Scrap Ooze","player_choice":"Success","floor":3.0,"gold_loss":0.0,"damage_taken":5.0,"relics_obtained":["Strawberry"]},{"damage_healed":0.0,"max_hp_gain":0.0,"max_hp_loss":0.0,"gold_gain":75.0,"event_name":"World of Goop","player_choice":"Gather Gold","floor":5.0,"gold_loss":0.0,"damage_taken":11.0},{"damage_healed":0.0,"max_hp_gain":5.0,"max_hp_loss":0.0,"gold_gain":0.0,"event_name":"Forgotten Altar","player_choice":"Shed Blood","floor":20.0,"gold_loss":0.0,"damage_taken":26.0},{"damage_healed":0.0,"max_hp_gain":0.0,"max_hp_loss":0.0,"gold_gain":0.0,"event_name":"Cursed Tome","player_choice":"Ignored","floor":21.0,"gold_loss":0.0,"damage_taken":0.0},{"damage_healed":0,"gold_gain":0,"cards_transformed":["Strike_G","Strike_G"],"player_choice":"Became Test Subject","damage_taken":0,"max_hp_gain":0,"max_hp_loss":0,"event_name":"Drug Dealer","floor":28,"gold_loss":0,"cards_obtained":["Crippling Poison","Bullet Time"]},{"cards_removed":["Slice"],"damage_healed":0,"gold_gain":0,"player_choice":"Removed Attack","damage_taken":0,"max_hp_gain":0,"max_hp_loss":0,"event_name":"Falling","floor":38,"gold_loss":0},{"damage_healed":0,"gold_gain":0,"player_choice":"Max HP","damage_taken":0,"max_hp_gain":0,"max_hp_loss":4,"event_name":"Winding Halls","floor":39,"gold_loss":0}],"is_beta":false,"boss_relics":[{"not_picked":["Astrolabe","Runic Pyramid"],"picked":"Philosopher\u0027s Stone"},{"not_picked":["Tiny House","Runic Dome"],"picked":"Sozu"}],"items_purged_floors":[14,46,54],"is_endless":false,"potions_floor_spawned":[4,6,8,11,18,23,29,33,35,40,45,48,55],"ascension_level":20}}