{"host":"uv5ws9rdk87e8i5k","time":1613343555,"event":{"mods":["AchievementEnabler","BaseMod","Colored Map","Minty Spire (QoL Compilation)","Permanent Neow","Quick Restart","StSLib","SuperFastMode","The Necromancer"],"gold_per_floor":[114,40,54,70,83,103,135,135,135,173,173,35,70,86,86,206,206,206],"floor_reached":17,"language":"ENG","playtime":477,"items_purged":[],"score":202,"play_id":"ad8ffc9a-096f-457a-9772-305be188046d","local_time":"20210214165915","is_ascension_mode":false,"campfire_choices":[{"data":"Ragnarok","floor":11,"key":"SMITH"},{"data":"Prostrate","floor":15,"key":"SMITH"}],"circlet_count":0,"master_deck":["Strike_P","Strike_P","Strike_P","Strike_P","Defend_P","Defend_P","Defend_P","Defend_P","Eruption","Vigilance","Prostrate","Prostrate+1","FollowUp","Worship","ThirdEye","Consecrate","Ragnarok+1","FollowUp","DeusExMachina","CutThroughFate","DevaForm"],"relics":["PureWater","Matryoshka","Golden Idol","Lantern","Sundial","Meat on the Bone","Incense Burner","White Beast Statue","Snecko Eye"],"acts_visited":["Exordium","TheCity"],"potions_floor_usage":[7,7,10],"damage_taken":[{"damage":4.0,"enemies":"Cultist","floor":1.0,"turns":4.0},{"damage":2.0,"enemies":"2 Louse","floor":3.0,"turns":3.0},{"damage":2.0,"enemies":"Small Slimes","floor":4.0,"turns":3.0},{"damage":1.0,"enemies":"Red Slaver","floor":5.0,"turns":4.0},{"damage":0.0,"enemies":"Lots of Slimes","floor":6.0,"turns":1.0},{"damage":2,"enemies":"3 Sentries","floor":7,"turns":3},{"damage":0,"enemies":"Lagavulin","floor":10,"turns":4},{"damage":48,"enemies":"3 Sentries","floor":13,"turns":13},{"damage":9,"enemies":"Large Slime","floor":14,"turns":7},{"damage":14,"enemies":"Hexaghost","floor":16,"turns":6}],"seed_played":"-6373184212752393298","potions_obtained":[{"floor":1.0,"key":"DistilledChaos"},{"floor":3.0,"key":"Explosive Potion"},{"floor":5.0,"key":"AttackPotion"},{"floor":7,"key":"GamblersBrew"},{"floor":13,"key":"BlessingOfTheForge"},{"floor":14,"key":"EssenceOfSteel"},{"floor":16,"key":"DuplicationPotion"}],"is_trial":false,"path_per_floor":["M","$","M","M","M","M","E","?","T","E","R","?","E","M","R","B",null],"character_chosen":"WATCHER","items_purchased":["Prostrate","FollowUp"],"campfire_rested":0,"item_purchase_floors":[2,2],"current_hp_per_floor":[68,68,66,64,63,63,61,61,61,61,61,61,25,28,28,26,67,67],"gold":206,"neow_bonus":"THREE_CARDS","is_daily":false,"chose_seed":false,"campfire_upgraded":2,"win_rate":0.0,"timestamp":1613343555,"path_taken":["M","$","M","M","?","M","E","?","T","E","R","?","E","M","R","BOSS"],"items_purchased_type":["Card","Card"],"build_version":"2020-12-22","purchased_purges":0,"victory":false,"max_hp_per_floor":[72,72,72,72,72,72,72,67,67,67,67,67,67,67,67,67,67,67],"card_choices":[{"not_picked":["FollowUp","FlurryOfBlows"],"picked":"Prostrate","floor":0.0},{"not_picked":["Nirvana","CutThroughFate","FlurryOfBlows"],"picked":"SKIP","floor":1.0},{"not_picked":["Consecrate","CrushJoints"],"picked":"Worship","floor":3.0},{"not_picked":["WreathOfFlame","Swivel"],"picked":"ThirdEye","floor":4.0},{"not_picked":["ThirdEye","FlurryOfBlows"],"picked":"Consecrate","floor":5.0},{"not_picked":["SashWhip","ClearTheMind","CutThroughFate"],"picked":"SKIP","floor":6.0},{"not_picked":["PathToVictory","EmptyFist"],"picked":"Ragnarok","floor":7},{"not_picked":["Protect","SignatureMove"],"picked":"FollowUp","floor":10},{"not_picked":["BowlingBash","Weave"],"picked":"DeusExMachina","floor":13},{"not_picked":["FlyingSleeves","FollowUp"],"picked":"CutThroughFate","floor":14},{"not_picked":["Omniscience","Establishment"],"picked":"DevaForm","floor":16}],"player_experience":185873,"relics_obtained":[{"floor":7,"key":"Matryoshka"},{"floor":9,"key":"Lantern"},{"floor":9,"key":"Sundial"},{"floor":10,"key":"Meat on the Bone"},{"floor":13,"key":"White Beast Statue"}],"event_choices":[{"damage_healed":0,"gold_gain":0,"player_choice":"Lose Max HP","damage_taken":0,"relics_obtained":["Golden Idol"],"max_hp_gain":0,"max_hp_loss":5,"event_name":"Golden Idol","floor":8,"gold_loss":0},{"damage_healed":0,"gold_gain":0,"player_choice":"Paid Gold","damage_taken":0,"relics_obtained":["Incense Burner"],"max_hp_gain":0,"max_hp_loss":0,"event_name":"WeMeetAgain","floor":12,"gold_loss":138}],"is_beta":false,"boss_relics":[{"not_picked":["Black Star","Sozu"],"picked":"Snecko Eye"}],"items_purged_floors":[],"is_endless":false,"potions_floor_spawned":[1,3,5,7,13,14,16],"ascension_level":0}}