{"host":"n95r2z13dwkl182w","time":1613322071,"event":{"mods":["2.2 Compatiblity","AchievementEnabler","BaseMod","Colored Map","Hermit","Marisa£¨Ùöéë¡¡Øª×âÞÞ£©","Minty Spire (QoL Compilation)","StSLib","SuperFastMode","The Poker Player","everything is the same but u backflip on backflip"],"gold_per_floor":[116,116,116,127,79,113,113,143,143,143,163,174,209,209,209,310,310,327,327,347,363,35,60,60,78,102,102,121,138,165,14,14,111,111,127,145,145,145,145,145,192,209,209,221,0,0,0],"floor_reached":46,"language":"KOR","playtime":1671,"items_purged":[],"score":526,"play_id":"1a77c56f-e9de-4587-8581-b33c6e68d50a","local_time":"20210215020111","is_ascension_mode":true,"campfire_choices":[{"data":"Poisoned Stab","floor":7.0,"key":"SMITH"},{"floor":10,"key":"REST"},{"floor":15,"key":"REST"},{"floor":24,"key":"REST"},{"floor":32,"key":"REST"},{"floor":40,"key":"REST"}],"circlet_count":0,"master_deck":["Strike_G","Strike_G","Strike_G","Strike_G","Defend_G","Defend_G+1","Defend_G+1","Defend_G","Survivor","Neutralize+1","Poisoned Stab+1","Quick Slash","Prepared","Backflip","After Image","Dagger Spray+1","Prepared","Dagger Throw+1","Acrobatics","Crippling Poison+1","After Image+1","Die Die Die+1"],"relics":["Ring of the Snake","Omamori","HornCleat","Mercury Hourglass","Boot","Molten Egg 2","Fusion Hammer","NlothsMask","Frozen Egg 2","Matryoshka","Blood Vial","Bag of Marbles","TwistedFunnel","Philosopher\u0027s Stone","Thread and Needle","War Paint","Sundial","Red Mask"],"acts_visited":["Exordium","TheCity","TheBeyond"],"potions_floor_usage":[16,16,23,30,41,44],"damage_taken":[{"damage":4.0,"enemies":"Small Slimes","floor":1.0,"turns":3.0},{"damage":0.0,"enemies":"Jaw Worm","floor":4.0,"turns":5.0},{"damage":10.0,"enemies":"Gremlin Nob","floor":6.0,"turns":4.0},{"damage":25,"enemies":"Lagavulin","floor":8,"turns":7},{"damage":0,"enemies":"Cultist","floor":11,"turns":2},{"damage":0,"enemies":"Blue Slaver","floor":12,"turns":3},{"damage":13,"enemies":"3 Sentries","floor":13,"turns":6},{"damage":44,"enemies":"The Guardian","floor":16,"turns":9},{"damage":3,"enemies":"Chosen","floor":18,"turns":5},{"damage":9,"enemies":"3 Byrds","floor":20,"turns":4},{"damage":7,"enemies":"Snake Plant","floor":21,"turns":4},{"damage":14,"enemies":"Gremlin Leader","floor":23,"turns":7},{"damage":17,"enemies":"Chosen and Byrds","floor":25,"turns":5},{"damage":12,"enemies":"Sentry and Sphere","floor":28,"turns":5},{"damage":0,"enemies":"3 Cultists","floor":29,"turns":3},{"damage":18,"enemies":"Slavers","floor":30,"turns":4},{"damage":58,"enemies":"Champ","floor":33,"turns":18},{"damage":10,"enemies":"3 Darklings","floor":35,"turns":3},{"damage":2,"enemies":"Orb Walker","floor":36,"turns":3},{"damage":9,"enemies":"2 Orb Walkers","floor":41,"turns":4},{"damage":0,"enemies":"Sphere and 2 Shapes","floor":42,"turns":4},{"damage":20,"enemies":"Maw","floor":44,"turns":8},{"damage":46,"enemies":"Transient","floor":46,"turns":5}],"seed_played":"2717095354156861566","potions_obtained":[{"floor":4.0,"key":"Energy Potion"},{"floor":6.0,"key":"SpeedPotion"},{"floor":13,"key":"Strength Potion"},{"floor":21,"key":"PowerPotion"},{"floor":25,"key":"SpeedPotion"},{"floor":33,"key":"Energy Potion"},{"floor":35,"key":"Energy Potion"},{"floor":41,"key":"ColorlessPotion"}],"is_trial":false,"path_per_floor":["M","?","?","M","$","E","R","E","T","R","M","M","E","?","R","B",null,"M","?","M","M","$","E","R","M","T","?","M","M","E","$","R","B",null,"M","M","?","?","?","R","?","M","T","M","?","M"],"character_chosen":"THE_SILENT","items_purchased":["Quick Slash","Frozen Egg 2","Prepared","Dagger Throw+1","TwistedFunnel"],"campfire_rested":5,"item_purchase_floors":[5,22,22,22,31],"current_hp_per_floor":[66,66,66,66,66,56,56,31,31,52,52,52,39,32,53,9,70,67,67,58,51,51,37,58,41,41,64,54,56,40,40,61,5,70,60,60,60,60,60,66,57,59,59,41,41,0,0],"gold":0,"neow_bonus":"RANDOM_COMMON_RELIC","is_daily":false,"chose_seed":false,"campfire_upgraded":1,"win_rate":0.0,"timestamp":1613322071,"path_taken":["M","?","?","M","$","E","R","E","T","R","?","M","E","?","R","BOSS","M","?","M","?","?","E","R","M","T","?","M","?","E","$","R","BOSS","M","M","?","?","?","R","?","M","T","M","?","M"],"items_purchased_type":["Card","Relic","Card","Card","Relic"],"build_version":"2020-12-22","purchased_purges":0,"victory":false,"max_hp_per_floor":[70,70,70,70,70,70,70,70,70,70,70,70,70,70,70,70,70,70,70,70,70,70,70,70,70,70,70,70,70,70,70,70,70,70,70,70,70,70,66,66,66,66,66,66,66,66,66],"card_choices":[{"not_picked":["Dagger Throw","Sucker Punch","Eviscerate"],"picked":"SKIP","floor":1.0},{"not_picked":["Well Laid Plans","Bane"],"picked":"Poisoned Stab","floor":4.0},{"not_picked":["Dodge and Roll","PiercingWail","Underhanded Strike"],"picked":"SKIP","floor":6.0},{"not_picked":["Sucker Punch","Storm of Steel","PiercingWail"],"picked":"SKIP","floor":8},{"not_picked":["Sucker Punch","Accuracy"],"picked":"Prepared","floor":11},{"not_picked":["Heel Hook","Flying Knee"],"picked":"Backflip","floor":12},{"not_picked":["Glass Knife+1","Footwork","Eviscerate+1"],"picked":"SKIP","floor":13},{"not_picked":["Glass Knife+1","Venomology"],"picked":"After Image","floor":16},{"not_picked":["Infinite Blades","Cloak And Dagger","Quick Slash+1"],"picked":"SKIP","floor":18},{"not_picked":["Blade Dance+1","PiercingWail"],"picked":"Dagger Spray+1","floor":20},{"not_picked":["Backflip","Flying Knee+1","Glass Knife+1"],"picked":"SKIP","floor":21},{"not_picked":["Backstab+1","Distraction"],"picked":"Acrobatics","floor":23},{"not_picked":["Dodge and Roll+1","Outmaneuver+1","Dagger Spray+1"],"picked":"SKIP","floor":25},{"not_picked":["Blade Dance","Prepared"],"picked":"Crippling Poison+1","floor":28},{"not_picked":["Dagger Spray+1","Prepared"],"picked":"After Image+1","floor":29},{"not_picked":["Deflect+1","Slice+1","Heel Hook+1"],"picked":"SKIP","floor":30},{"not_picked":["Phantasmal Killer","Wraith Form v2+1"],"picked":"Die Die Die+1","floor":33},{"not_picked":["Underhanded Strike+1","Sucker Punch+1","Flying Knee+1"],"picked":"SKIP","floor":35},{"not_picked":["Dodge and Roll+1","Bane+1","Cloak And Dagger+1"],"picked":"SKIP","floor":36},{"not_picked":["Footwork+1","Sucker Punch+1","Dagger Throw+1"],"picked":"SKIP","floor":42},{"not_picked":["Backflip","Acrobatics","Blur"],"picked":"SKIP","floor":44}],"player_experience":81090,"relics_obtained":[{"floor":6.0,"key":"HornCleat"},{"floor":8,"key":"Mercury Hourglass"},{"floor":9,"key":"Boot"},{"floor":13,"key":"Molten Egg 2"},{"floor":23,"key":"Matryoshka"},{"floor":26,"key":"Blood Vial"},{"floor":30,"key":"Bag of Marbles"},{"floor":41,"key":"Thread and Needle"},{"floor":43,"key":"War Paint"},{"floor":43,"key":"Sundial"}],"event_choices":[{"damage_healed":0.0,"max_hp_gain":0.0,"max_hp_loss":0.0,"gold_gain":0.0,"event_name":"Living Wall","player_choice":"Grow","floor":2.0,"gold_loss":0.0,"damage_taken":0.0,"cards_upgraded":["Neutralize"]},{"damage_healed":0.0,"max_hp_gain":0.0,"max_hp_loss":0.0,"gold_gain":0.0,"event_name":"Match and Keep!","player_choice":"0 cards matched","floor":3.0,"gold_loss":0.0,"damage_taken":0.0,"cards_obtained":[]},{"cards_removed":["Defend_G"],"damage_healed":0,"gold_gain":0,"player_choice":"Card Removal","damage_taken":7,"max_hp_gain":0,"max_hp_loss":0,"event_name":"Golden Wing","floor":14,"gold_loss":0},{"damage_healed":0,"gold_gain":0,"player_choice":"Trade","damage_taken":0,"relics_obtained":["NlothsMask"],"max_hp_gain":0,"max_hp_loss":0,"event_name":"FaceTrader","floor":19,"gold_loss":0},{"damage_healed":23,"gold_gain":0,"player_choice":"Heal","damage_taken":0,"max_hp_gain":0,"max_hp_loss":0,"event_name":"The Library","floor":27,"gold_loss":0},{"cards_removed":["Strike_G"],"damage_healed":0,"gold_gain":0,"player_choice":"Removed Attack","damage_taken":0,"max_hp_gain":0,"max_hp_loss":0,"event_name":"Falling","floor":37,"gold_loss":0},{"damage_healed":0,"gold_gain":0,"player_choice":"Ignored","damage_taken":0,"max_hp_gain":0,"max_hp_loss":0,"event_name":"OrinTheCat","floor":38,"gold_loss":0},{"damage_healed":0,"gold_gain":0,"player_choice":"Max HP","damage_taken":0,"max_hp_gain":0,"max_hp_loss":4,"event_name":"Winding Halls","floor":39,"gold_loss":0},{"damage_healed":0,"gold_gain":0,"player_choice":"Fight","damage_taken":0,"max_hp_gain":0,"max_hp_loss":0,"event_name":"Mysterious Sphere","floor":41,"gold_loss":0},{"damage_healed":0,"gold_gain":0,"player_choice":"Paid","damage_taken":0,"relics_obtained":["Red Mask"],"max_hp_gain":0,"max_hp_loss":0,"event_name":"Tomb of Lord Red Mask","floor":45,"gold_loss":221}],"is_beta":false,"boss_relics":[{"not_picked":["Busted Crown","Snecko Eye"],"picked":"Fusion Hammer"},{"not_picked":["Velvet Choker","HoveringKite"],"picked":"Philosopher\u0027s Stone"}],"items_purged_floors":[],"is_endless":false,"potions_floor_spawned":[4,6,13,21,25,33,35,41],"killed_by":"Transient","ascension_level":2}}