{"host":"xp27heuvanyklt0b","time":1613305644,"event":{"mods":["100% Spire Juice","BaseMod","CapriCore","Lobotomy","Minty Spire (QoL Compilation)","Replay The Spire","StSLib","The Immortal"],"gold_per_floor":[211,222,242,256,8,43,56,56,56,91,102,122,134,154,154,254,254,266,281,380,380,55,81,94,94,94,47,47,64,76,76,76,172,172,188,206,269,269,269,297,297,179,179,179,191,191,64,0,0,0,0],"floor_reached":50,"language":"KOR","playtime":2388,"items_purged":["Whirlwind"],"score":554,"play_id":"2a8d2b15-b15d-4777-a15c-0f857bb15912","local_time":"20210214212724","is_ascension_mode":false,"campfire_choices":[{"data":"Perfected Strike","floor":8,"key":"SMITH"},{"data":"Life Link","floor":15,"key":"SMITH"},{"floor":25,"key":"RECALL"},{"floor":32,"key":"REST"},{"floor":41,"key":"REST"},{"data":"Perfected Strike","floor":44,"key":"SMITH"},{"data":"Eclipse","floor":46,"key":"SMITH"},{"data":"Perfected Strike","floor":49,"key":"SMITH"}],"circlet_count":0,"master_deck":["Strike_R","Strike_R","Strike_R","Strike_R","Strike_R","Defend_R","Defend_R","Defend_R","Defend_R","Bash","Pommel Strike","Pommel Strike","Perfected Strike+1","Replay:Undeath\u0027s Touch","Life Link+1","Flex","Run Through","Blood for Blood","Battle Trance","Feed","Sentinel","Uppercut+1","Sadistic Nature","Clash","Rage","Perfected Strike+1","Run Through","Flame Barrier","Eclipse+1","Sever Soul+1","Bludgeon+1","Metallicize+1","Perfected Strike+1","Fire Breathing+1","Flex","PanicButton","Carnage+1","Shrug It Off","Rampage"],"relics":["Burning Blood","Lee\u0027s Waffle","Nunchaku","Bag of Preparation","Replay:Bronze Core","Art of War","Ice Cream","King of Hearts","Astrolabe","Meat on the Bone","Juzu Bracelet","Red Mask"],"acts_visited":["Exordium","TheCity","TheBeyond"],"potions_floor_usage":[16,33,33,40,50,50],"damage_taken":[{"damage":1,"enemies":"Cultist","floor":1,"turns":4},{"damage":5,"enemies":"Jaw Worm","floor":2,"turns":4},{"damage":6,"enemies":"2 Louse","floor":3,"turns":2},{"damage":0,"enemies":"Large Slime","floor":4,"turns":5},{"damage":25,"enemies":"Replay:BlueRogue","floor":6,"turns":6},{"damage":5,"enemies":"Looter","floor":7,"turns":2},{"damage":20,"enemies":"Lagavulin","floor":10,"turns":4},{"damage":2,"enemies":"2 Fungi Beasts","floor":11,"turns":2},{"damage":1,"enemies":"Exordium Wildlife","floor":12,"turns":3},{"damage":11,"enemies":"Blue Slaver","floor":13,"turns":4},{"damage":0,"enemies":"Large Slime","floor":14,"turns":4},{"damage":57,"enemies":"Fading Forest","floor":16,"turns":11},{"damage":14,"enemies":"Shell Parasite","floor":18,"turns":3},{"damage":5,"enemies":"Chosen","floor":19,"turns":3},{"damage":13,"enemies":"Gremlin Leader","floor":23,"turns":4},{"damage":16,"enemies":"Snake Plant","floor":24,"turns":3},{"damage":15,"enemies":"Centurion and Healer","floor":29,"turns":5},{"damage":6,"enemies":"Snecko","floor":30,"turns":3},{"damage":47,"enemies":"Pondfish","floor":33,"turns":12},{"damage":13,"enemies":"Orb Walker","floor":35,"turns":4},{"damage":1,"enemies":"3 Shapes","floor":36,"turns":4},{"damage":80,"enemies":"Nemesis","floor":40,"turns":7},{"damage":14,"enemies":"Spire Growth","floor":45,"turns":3},{"damage":77,"enemies":"Donu and Deca","floor":50,"turns":5}],"seed_played":"4062349907372023728","potions_obtained":[{"floor":2,"key":"Swift Potion"},{"floor":3,"key":"SmokeBomb"},{"floor":6,"key":"LiquidMemories"},{"floor":11,"key":"HeartOfIron"},{"floor":14,"key":"Energy Potion"},{"floor":16,"key":"LiquidMemories"},{"floor":30,"key":"SkillPotion"},{"floor":35,"key":"CultistPotion"},{"floor":36,"key":"Reflective Coating"},{"floor":37,"key":"BloodPotion"}],"is_trial":false,"path_per_floor":["M","M","M","M","$","E","M","R","T","E","M","M","M","M","R","B",null,"M","M","?","?","$","E","M","R","T","$","?","M","M","?","R","B",null,"M","M","?","?","?","E","R","$","T","R","M","R","$","?","R","B"],"character_chosen":"IRONCLAD","items_purchased":["Replay:Undeath\u0027s Touch","Life Link","Lee\u0027s Waffle","Sadistic Nature","Art of War","Perfected Strike","Ancient Potion","Shrug It Off","BloodPotion"],"campfire_rested":2,"item_purchase_floors":[5,5,5,22,22,27,42,42,47],"current_hp_per_floor":[80,80,80,80,87,68,69,69,69,55,59,64,59,65,65,20,87,79,80,80,80,80,73,63,63,63,63,46,40,40,40,68,27,95,91,99,74,74,74,20,50,50,50,50,54,54,54,54,54,0,0],"gold":0,"neow_bonus":"HUNDRED_GOLD","is_daily":false,"chose_seed":false,"campfire_upgraded":5,"win_rate":0.0,"timestamp":1613305644,"path_taken":["M","?","M","M","$","E","?","R","T","E","M","M","?","M","R","BOSS","M","?","?","?","$","E","M","R","T","$","?","M","M","?","R","BOSS","M","M","?","?","?","E","R","$","T","R","M","R","?","?","R","BOSS"],"items_purchased_type":["Card","Card","Relic","Card","Relic","Card","Potion","Card","Potion"],"build_version":"2020-12-22","purchased_purges":1,"victory":false,"max_hp_per_floor":[80,80,80,80,87,87,87,87,87,87,87,87,87,87,87,87,87,87,87,87,87,87,87,87,87,87,87,92,95,95,95,95,95,95,98,101,101,101,101,101,101,101,101,101,101,101,101,101,101,101,101],"card_choices":[{"not_picked":["Shockwave","True Grit"],"picked":"Pommel Strike","floor":1},{"not_picked":["Second Wind","ReplayTheSpireMod:Corrosion Curse"],"picked":"Whirlwind","floor":2},{"not_picked":["Defy Death","Life Link"],"picked":"Pommel Strike","floor":3},{"not_picked":["Anger","Entrench"],"picked":"Perfected Strike","floor":4},{"not_picked":["Clothesline","Dark Embrace"],"picked":"Flex","floor":6},{"not_picked":["Pommel Strike","Iron Wave"],"picked":"ReplayTheSpireMod:Strike From Hell","floor":7},{"not_picked":["Pommel Strike","Clothesline"],"picked":"Run Through","floor":10},{"not_picked":["Barricade","Clothesline"],"picked":"Blood for Blood","floor":11},{"not_picked":["Heavy Blade","Uppercut"],"picked":"Warcry","floor":12},{"not_picked":["ReplayTheSpireMod:Strike From Hell","ReplayTheSpireMod:Corrosion Curse"],"picked":"Battle Trance","floor":13},{"not_picked":["Pommel Strike","Headbutt"],"picked":"Feel No Pain","floor":14},{"not_picked":["Limit Break","Hemogenesis"],"picked":"Feed","floor":16},{"not_picked":["Warcry+1","Body Slam"],"picked":"Sentinel","floor":18},{"not_picked":["Disarm","Combust+1"],"picked":"Uppercut+1","floor":19},{"not_picked":["Anger+1","Life Link"],"picked":"Clash","floor":23},{"not_picked":["Evolve+1","Pommel Strike"],"picked":"Rage","floor":24},{"not_picked":["Dark Embrace+1","Life Link"],"picked":"Run Through","floor":29},{"not_picked":["Iron Wave","Reaper"],"picked":"Flame Barrier","floor":30},{"not_picked":["Reaper","Replay:Many Hands"],"picked":"Eclipse","floor":33},{"not_picked":["Iron Wave+1","Anger+1"],"picked":"Perfected Strike","floor":35},{"not_picked":["True Grit+1","Warcry"],"picked":"Fire Breathing+1","floor":36},{"not_picked":["Anger+1","Iron Wave+1"],"picked":"Flex","floor":37},{"not_picked":["Transmutation","Specialist"],"picked":"PanicButton","floor":38},{"not_picked":["Ghostly Armor+1","Rupture"],"picked":"Carnage+1","floor":40},{"not_picked":["Heavy Blade+1","Thunderclap+1"],"picked":"Rampage","floor":45}],"player_experience":261346,"relics_obtained":[{"floor":6,"key":"Nunchaku"},{"floor":10,"key":"Bag of Preparation"},{"floor":23,"key":"Ice Cream"},{"floor":26,"key":"King of Hearts"},{"floor":40,"key":"Meat on the Bone"},{"floor":43,"key":"Juzu Bracelet"}],"event_choices":[{"damage_healed":0,"gold_gain":99,"player_choice":"Stole From Cult","damage_taken":0,"max_hp_gain":0,"max_hp_loss":0,"event_name":"Nest","floor":20,"gold_loss":0},{"damage_healed":0,"gold_gain":0,"player_choice":"Ignored","damage_taken":0,"max_hp_gain":0,"max_hp_loss":0,"event_name":"Vampires","floor":21,"gold_loss":0},{"damage_healed":0,"gold_gain":0,"player_choice":"Shed Blood","damage_taken":22,"max_hp_gain":5,"max_hp_loss":0,"event_name":"Forgotten Altar","floor":28,"gold_loss":0},{"damage_healed":0,"gold_gain":0,"player_choice":"Ignored","damage_taken":0,"max_hp_gain":0,"max_hp_loss":0,"event_name":"Beggar","floor":31,"gold_loss":0},{"damage_healed":0,"gold_gain":0,"player_choice":"Memory 1","damage_taken":0,"max_hp_gain":0,"max_hp_loss":0,"event_name":"SensoryStone","floor":38,"gold_loss":0},{"damage_healed":0,"gold_gain":0,"player_choice":"Ignored","damage_taken":0,"max_hp_gain":0,"max_hp_loss":0,"event_name":"Mysterious Sphere","floor":39,"gold_loss":0},{"damage_healed":0,"gold_gain":0,"player_choice":"Paid","damage_taken":0,"relics_obtained":["Red Mask"],"max_hp_gain":0,"max_hp_loss":0,"event_name":"Tomb of Lord Red Mask","floor":48,"gold_loss":64}],"is_beta":false,"boss_relics":[{"not_picked":["SlaversCollar","Ring of Chaos"],"picked":"Replay:Bronze Core"},{"not_picked":["Runic Pyramid","ReplayTheSpireMod:DimensionalGlitch"],"picked":"Astrolabe"}],"items_purged_floors":[47],"is_endless":false,"potions_floor_spawned":[2,3,6,11,14,16,19,24,30,35,36],"killed_by":"Donu and Deca","ascension_level":0}}