{"host":"82qk6ob05uum3zoi","time":1613281533,"event":{"mods":["BaseMod","BetterRewards","Minty Spire (QoL Compilation)","Reliquary","StSLib","The Bladedancer","The Cursed","The Disciple","The Servant 0.9.4","The Trickster"],"gold_per_floor":[113,126,201,221,240,240,205,205,205,532,481,481,507,526,526,631,681,699,699,27,27,38,38,64,64,64,64,11,11,57,75,75,75,75],"floor_reached":33,"language":"ENG","playtime":1050,"items_purged":[],"score":300,"play_id":"c01e092a-3f3f-4228-969e-958681475659","local_time":"20210214184533","is_ascension_mode":true,"campfire_choices":[{"floor":6,"key":"REST"},{"floor":8,"key":"RECALL"},{"floor":12,"key":"REST"},{"floor":15,"key":"REST"},{"floor":23,"key":"REST"},{"floor":25,"key":"REST"},{"floor":27,"key":"REST"},{"floor":32,"key":"REST"}],"circlet_count":0,"master_deck":["Strike_G","Strike_G","Strike_G+1","Strike_G","Strike_G","Defend_G","Defend_G","Defend_G","Defend_G","Defend_G","Survivor","Neutralize","Noxious Fumes","Noxious Fumes","Backflip","Catalyst","Dagger Spray","Bullet Time","Flying Knee","All Out Attack","Dramatic Entrance+1","Corpse Explosion+1","RitualDagger","Blur","All Out Attack","Poisoned Stab"],"relics":["Velvet Choker","The Specimen","Old Coin","Oddly Smooth Stone","Tiny House","Anchor","TwistedFunnel","reliquary:Buckler","reliquary:BoilingFlask","Tiny Chest"],"acts_visited":["Exordium","TheCity"],"potions_floor_usage":[18,24,33],"damage_taken":[{"damage":0,"enemies":"Cultist","floor":1,"turns":4},{"damage":0,"enemies":"2 Louse","floor":2,"turns":2},{"damage":3,"enemies":"Jaw Worm","floor":4,"turns":4},{"damage":14,"enemies":"Exordium Wildlife","floor":5,"turns":5},{"damage":63,"enemies":"Gremlin Nob","floor":10,"turns":6},{"damage":1,"enemies":"Blue Slaver","floor":14,"turns":5},{"damage":24,"enemies":"Slime Boss","floor":16,"turns":9},{"damage":9,"enemies":"Chosen","floor":18,"turns":5},{"damage":19,"enemies":"2 Thieves","floor":22,"turns":3},{"damage":38,"enemies":"Book of Stabbing","floor":24,"turns":5},{"damage":44,"enemies":"Snake Plant","floor":31,"turns":5},{"damage":55,"enemies":"Automaton","floor":33,"turns":6}],"seed_played":"-2919585158342826907","potions_obtained":[{"floor":4,"key":"Ancient Potion"},{"floor":16,"key":"DistilledChaos"},{"floor":17,"key":"Poison Potion"}],"is_trial":false,"path_per_floor":["M","M","?","M","M","R","?","R","T","E","$","R","T","M","R","B",null,"M","?","$","?","M","R","E","R","T","R","$","?","T","M","R","B"],"character_chosen":"THE_SILENT","items_purchased":["Dagger Spray","Dramatic Entrance","Anchor","TwistedFunnel","reliquary:Buckler","Corpse Explosion","Poisoned Stab"],"campfire_rested":7,"item_purchase_floors":[11,20,20,20,20,20,28],"current_hp_per_floor":[70,70,59,56,42,63,70,70,70,7,7,28,28,27,48,24,75,66,66,66,60,41,63,25,47,47,69,69,69,69,25,47,0,0],"gold":75,"neow_bonus":"BOSS_RELIC","is_daily":false,"chose_seed":false,"campfire_upgraded":0,"win_rate":0.0,"timestamp":1613281533,"path_taken":["M","?","?","M","M","R","?","R","T","E","$","R","?","M","R","BOSS","M","?","$","?","M","R","E","R","T","R","$","?","?","M","R","BOSS"],"items_purchased_type":["Card","Card","Relic","Relic","Relic","Card","Card"],"build_version":"2020-12-22","purchased_purges":0,"victory":false,"max_hp_per_floor":[70,70,70,70,70,70,70,70,70,70,70,70,70,70,70,70,75,75,75,75,75,75,75,75,75,75,75,75,75,75,75,75,75,75],"card_choices":[{"not_picked":["PiercingWail","Blade Dance"],"picked":"Noxious Fumes","floor":1},{"not_picked":["Sucker Punch","Quick Slash"],"picked":"Noxious Fumes","floor":2},{"not_picked":["Deflect","Underhanded Strike"],"picked":"Backflip","floor":4},{"not_picked":["Dodge and Roll","Prepared"],"picked":"Catalyst","floor":5},{"not_picked":["Prepared","Storm of Steel","Flechettes"],"picked":"SKIP","floor":10},{"not_picked":["Well Laid Plans","Prepared","Endless Agony"],"picked":"SKIP","floor":14},{"not_picked":["Burst","Adrenaline"],"picked":"Bullet Time","floor":16},{"not_picked":["Eviscerate","Flechettes"],"picked":"Flying Knee","floor":17},{"not_picked":["Expertise+1","Cloak And Dagger"],"picked":"All Out Attack","floor":18},{"not_picked":["Tactician","Prepared+1"],"picked":"Blur","floor":22},{"not_picked":["Backflip","Blur+1"],"picked":"All Out Attack","floor":24},{"not_picked":["Flechettes","Underhanded Strike+1","Accuracy"],"picked":"SKIP","floor":31}],"player_experience":423836,"relics_obtained":[{"floor":9,"key":"The Specimen"},{"floor":10,"key":"Old Coin"},{"floor":13,"key":"Oddly Smooth Stone"},{"floor":24,"key":"reliquary:BoilingFlask"},{"floor":30,"key":"Tiny Chest"}],"event_choices":[{"damage_healed":0,"gold_gain":75,"player_choice":"Gather Gold","damage_taken":11,"max_hp_gain":0,"max_hp_loss":0,"event_name":"World of Goop","floor":3,"gold_loss":0},{"damage_healed":17,"gold_gain":0,"player_choice":"Healed","damage_taken":0,"max_hp_gain":0,"max_hp_loss":0,"event_name":"The Cleric","floor":7,"gold_loss":35},{"damage_healed":0,"gold_gain":0,"player_choice":"Ignored","damage_taken":0,"max_hp_gain":0,"max_hp_loss":0,"event_name":"Vampires","floor":19,"gold_loss":0},{"damage_healed":0,"gold_gain":0,"player_choice":"Joined the Cult","damage_taken":6,"max_hp_gain":0,"max_hp_loss":0,"event_name":"Nest","floor":21,"gold_loss":0,"cards_obtained":["RitualDagger"]},{"damage_healed":0,"gold_gain":0,"player_choice":"Ignored","damage_taken":0,"max_hp_gain":0,"max_hp_loss":0,"event_name":"Cursed Tome","floor":29,"gold_loss":0}],"is_beta":false,"boss_relics":[{"not_picked":["Snecko Eye","Coffee Dripper"],"picked":"Tiny House"}],"items_purged_floors":[],"is_endless":false,"potions_floor_spawned":[4,16],"killed_by":"Automaton","ascension_level":3}}