{"host":"mxapx8q0a9vsrtjq","time":1613334143,"event":{"mods":["AchievementEnabler","BaseMod","Colored Map","Colored Powertips","Minty Spire (QoL Compilation)","Quick Restart"],"gold_per_floor":[369,34,34,54,68,96,96,128,128,128,128,128,148,148,148,249,249,263,250,160,172,254,280,290,9,9,20,36,36,61,87,87,185,185,204,44,64,114,114,114,145,145,168,168,178,229,239,18,18,18],"floor_reached":51,"language":"ENG","playtime":1907,"items_purged":[],"score":823,"play_id":"69681216-7295-4575-a110-2b5a14b081b9","local_time":"20210214142223","is_ascension_mode":false,"campfire_choices":[{"floor":7,"key":"REST"},{"data":"Sword Boomerang","floor":10,"key":"SMITH"},{"data":"Pommel Strike","floor":12,"key":"SMITH"},{"floor":15,"key":"REST"},{"floor":32,"key":"REST"},{"data":"Demon Form","floor":40,"key":"SMITH"},{"data":"Spot Weakness","floor":42,"key":"SMITH"},{"data":"Double Tap","floor":49,"key":"SMITH"}],"circlet_count":0,"master_deck":["Strike_R+1","Strike_R","Strike_R","Strike_R","Strike_R","Defend_R","Defend_R","Defend_R","Defend_R","Bash+1","Thunderclap+1","Twin Strike","Thunderclap","Sword Boomerang+1","Double Tap+1","Pommel Strike+1","Demon Form+1","Spot Weakness+1","Twin Strike","Cleave","Sword Boomerang+1","Twin Strike","Sword Boomerang","Thunderclap+1","Thunderclap","Secret Weapon+1","Discovery+1","Trip+1","Infernal Blade+1","Limit Break+1"],"relics":["Burning Blood","Red Skull","Bronze Scales","WingedGreaves","HornCleat","Champion Belt","Tiny Chest","Mark of Pain","Meat on the Bone","PreservedInsect","Membership Card","Pear","Shuriken","Boot","Toxic Egg 2","Philosopher\u0027s Stone","Brimstone","Blood Vial","Ginger","Juzu Bracelet","Strawberry","Orichalcum","OrangePellets","Centennial Puzzle"],"acts_visited":["Exordium","TheCity","TheBeyond"],"potions_floor_usage":[4,4,6,16,16,24,33,33,35,50],"damage_taken":[{"damage":7,"enemies":"Small Slimes","floor":1,"turns":4},{"damage":11,"enemies":"Jaw Worm","floor":4,"turns":2},{"damage":6,"enemies":"Cultist","floor":5,"turns":3},{"damage":31,"enemies":"Lagavulin","floor":6,"turns":5},{"damage":13,"enemies":"3 Sentries","floor":8,"turns":4},{"damage":9,"enemies":"Looter","floor":13,"turns":2},{"damage":46,"enemies":"The Guardian","floor":16,"turns":10},{"damage":17,"enemies":"Spheric Guardian","floor":18,"turns":3},{"damage":5,"enemies":"2 Thieves","floor":19,"turns":4},{"damage":15,"enemies":"Snecko","floor":21,"turns":5},{"damage":26,"enemies":"Gremlin Leader","floor":23,"turns":5},{"damage":9,"enemies":"Sentry and Sphere","floor":24,"turns":4},{"damage":10,"enemies":"Snake Plant","floor":27,"turns":3},{"damage":11,"enemies":"Snecko","floor":28,"turns":4},{"damage":29,"enemies":"Slavers","floor":31,"turns":4},{"damage":25,"enemies":"Champ","floor":33,"turns":9},{"damage":27,"enemies":"3 Darklings","floor":35,"turns":4},{"damage":21,"enemies":"3 Shapes","floor":37,"turns":3},{"damage":0,"enemies":"Mind Bloom Boss Battle","floor":38,"turns":2},{"damage":14,"enemies":"Reptomancer","floor":41,"turns":3},{"damage":14,"enemies":"Spire Growth","floor":45,"turns":3},{"damage":7,"enemies":"4 Shapes","floor":47,"turns":3},{"damage":38,"enemies":"Donu and Deca","floor":50,"turns":3}],"seed_played":"3642565302321468495","potions_obtained":[{"floor":1,"key":"EntropicBrew"},{"floor":6,"key":"GamblersBrew"},{"floor":8,"key":"Explosive Potion"},{"floor":23,"key":"Regen Potion"},{"floor":24,"key":"LiquidBronze"},{"floor":27,"key":"FearPotion"},{"floor":31,"key":"HeartOfIron"},{"floor":33,"key":"SkillPotion"},{"floor":35,"key":"ElixirPotion"},{"floor":37,"key":"Energy Potion"},{"floor":41,"key":"AttackPotion"}],"is_trial":false,"path_per_floor":["M","$","?","M","M","E","R","E","T","R","?","R","M","?","R","B",null,"M","M","?","M","T","E","M","$","T","M","M","$","T","E","R","B",null,"M","$","M","?","?","R","E","R","T","?","M","T","M","$","R","B",null],"character_chosen":"IRONCLAD","items_purchased":["Red Skull","Bronze Scales","Twin Strike","Membership Card","Pear","Brimstone","Blood Vial","Sword Boomerang","Limit Break+1","OrangePellets","Centennial Puzzle"],"campfire_rested":3,"item_purchase_floors":[2,2,2,25,25,36,36,36,48,48,48],"current_hp_per_floor":[55,55,39,50,50,25,49,42,42,42,42,42,39,39,63,23,80,69,70,70,61,61,53,62,72,72,68,63,63,63,52,79,60,90,69,69,56,64,64,64,58,58,65,55,61,61,62,62,62,44],"gold":18,"neow_bonus":"TWO_FIFTY_GOLD","is_daily":false,"chose_seed":false,"campfire_upgraded":5,"win_rate":0.0,"timestamp":1613334143,"path_taken":["M","$","?","M","M","E","R","E","T","R","?","R","?","?","R","BOSS","M","?","?","?","?","E","?","$","T","?","M","?","?","E","R","BOSS","M","$","M","?","?","R","E","R","T","?","M","?","M","$","R","BOSS"],"items_purchased_type":["Relic","Relic","Card","Relic","Relic","Relic","Relic","Card","Card","Relic","Relic"],"build_version":"2020-12-22","purchased_purges":0,"victory":true,"max_hp_per_floor":[80,80,80,80,80,80,80,80,80,80,80,80,80,80,80,80,80,80,80,80,80,80,80,80,90,90,90,90,90,90,90,90,90,90,90,90,90,90,90,90,90,90,97,97,97,97,97,97,97,97],"card_choices":[{"not_picked":["Combust","Iron Wave"],"picked":"Thunderclap","floor":1},{"not_picked":["Dual Wield","Bloodletting"],"picked":"Thunderclap","floor":4},{"not_picked":["Rampage","Dark Embrace"],"picked":"Sword Boomerang","floor":5},{"not_picked":["Thunderclap","Clothesline"],"picked":"Double Tap","floor":6},{"not_picked":["Wild Strike","Juggernaut"],"picked":"Pommel Strike","floor":8},{"not_picked":["Iron Wave","Whirlwind","Twin Strike"],"picked":"SKIP","floor":13},{"not_picked":["Corruption","Bludgeon"],"picked":"Demon Form","floor":16},{"not_picked":["Evolve","Warcry"],"picked":"Shrug It Off+1","floor":18},{"not_picked":["Thunderclap+1","Dual Wield"],"picked":"Spot Weakness","floor":19},{"not_picked":["Heavy Blade","Body Slam"],"picked":"Twin Strike","floor":21},{"not_picked":["Body Slam","Iron Wave+1","Feed"],"picked":"SKIP","floor":23},{"not_picked":["Disarm","Searing Blow","Anger"],"picked":"SKIP","floor":24},{"not_picked":["Iron Wave+1","Clothesline","Second Wind"],"picked":"SKIP","floor":27},{"not_picked":["Hemokinesis","Perfected Strike"],"picked":"Cleave","floor":28},{"not_picked":["Heavy Blade+1","Iron Wave+1"],"picked":"Sword Boomerang+1","floor":31},{"not_picked":["Intimidate+1","Perfected Strike"],"picked":"Twin Strike","floor":35},{"not_picked":["Flame Barrier+1","Wild Strike+1","Iron Wave+1"],"picked":"SKIP","floor":37},{"not_picked":["Whirlwind+1","Evolve"],"picked":"Thunderclap+1","floor":38},{"not_picked":["Evolve+1","Warcry+1"],"picked":"Thunderclap","floor":41},{"not_picked":["Madness+1","Dark Shackles+1"],"picked":"Secret Weapon+1","floor":44},{"not_picked":["Forethought+1","Mayhem"],"picked":"Discovery+1","floor":44},{"not_picked":["Transmutation+1","Chrysalis+1"],"picked":"Trip+1","floor":44},{"not_picked":["Iron Wave","Sword Boomerang","Headbutt+1"],"picked":"SKIP","floor":45},{"not_picked":["Ghostly Armor+1","Clash"],"picked":"Infernal Blade+1","floor":47}],"player_experience":29453,"relics_obtained":[{"floor":6,"key":"WingedGreaves"},{"floor":8,"key":"HornCleat"},{"floor":9,"key":"Champion Belt"},{"floor":22,"key":"Meat on the Bone"},{"floor":23,"key":"PreservedInsect"},{"floor":26,"key":"Shuriken"},{"floor":30,"key":"Boot"},{"floor":31,"key":"Toxic Egg 2"},{"floor":38,"key":"Ginger"},{"floor":41,"key":"Juzu Bracelet"},{"floor":43,"key":"Strawberry"},{"floor":46,"key":"Orichalcum"}],"event_choices":[{"damage_healed":0,"gold_gain":0,"player_choice":"Entered Light","damage_taken":16,"max_hp_gain":0,"max_hp_loss":0,"event_name":"Shining Light","floor":3,"gold_loss":0,"cards_upgraded":["Strike_R","Bash"]},{"damage_healed":0,"gold_gain":0,"player_choice":"Cursed","damage_taken":0,"max_hp_gain":0,"max_hp_loss":0,"event_name":"Wheel of Change","floor":11,"gold_loss":0,"cards_obtained":["Decay"]},{"damage_healed":0,"gold_gain":0,"player_choice":"Gave Potion","damage_taken":0,"relics_obtained":["Tiny Chest"],"max_hp_gain":0,"max_hp_loss":0,"event_name":"WeMeetAgain","floor":14,"gold_loss":0},{"cards_removed":["Decay"],"damage_healed":0,"gold_gain":0,"player_choice":"Upgrade and Remove","damage_taken":0,"max_hp_gain":0,"max_hp_loss":0,"event_name":"Designer","floor":20,"gold_loss":90,"cards_upgraded":["Thunderclap"]},{"damage_healed":0,"gold_gain":0,"player_choice":"Fight","damage_taken":0,"max_hp_gain":0,"max_hp_loss":0,"event_name":"MindBloom","floor":38,"gold_loss":0},{"cards_removed":["Shrug It Off"],"damage_healed":0,"gold_gain":0,"player_choice":"Removed Skill","damage_taken":0,"max_hp_gain":0,"max_hp_loss":0,"event_name":"Falling","floor":39,"gold_loss":0},{"damage_healed":0,"gold_gain":0,"player_choice":"Memory 3","damage_taken":10,"max_hp_gain":0,"max_hp_loss":0,"event_name":"SensoryStone","floor":44,"gold_loss":0}],"is_beta":false,"boss_relics":[{"not_picked":["Runic Cube","Tiny House"],"picked":"Mark of Pain"},{"not_picked":["Cursed Key","Velvet Choker"],"picked":"Philosopher\u0027s Stone"}],"items_purged_floors":[],"is_endless":false,"potions_floor_spawned":[1,6,8,23,24,27,31,33,35,37,41,47],"ascension_level":0}}