{"host":"xp5rvh2jwe2ejyfm","time":1613319951,"event":{"mods":["2.2 Compatiblity","Aspiration","BaseMod","Better Altar","Better Match","Better Note","Better Sensory Stone","Better Skull","BetterRewards","Colored Powertips","Conspire","Downfall","GifTheSpireLib","Gremlin Mod","GungeonMod","Hermit","Hubris","Jorbs\u0027s Wanderer Trilogy","Minty Spire (QoL Compilation)","Potionbrewer","Quick Restart","Replay The Spire","Robot Space Explorer","Shade Mod","Somnambulant","StSLib","The Bug Knight","The Clintock","The Construct","The Cursed","The Disciple","The Forsaken","The Hierophant","The Necromancer","The Runesmith","The Servant 0.9.4","The Valiant","The Witch","TheFirefly","thorton"],"gold_per_floor":[111,126,136,152,353,385,385,398,398,23,41,41,41],"floor_reached":12,"language":"ENG","playtime":305,"items_purged":[],"score":82,"play_id":"58be9057-71db-4150-b805-ce84bb1775d2","local_time":"20210214112551","is_ascension_mode":false,"campfire_choices":[{"floor":7,"key":"REST"}],"circlet_count":0,"master_deck":["TheCursedMod:Strike_TheCursed","TheCursedMod:Strike_TheCursed","TheCursedMod:Strike_TheCursed","TheCursedMod:Strike_TheCursed","TheCursedMod:Defend_TheCursed","TheCursedMod:Defend_TheCursed","TheCursedMod:Defend_TheCursed","TheCursedMod:Defend_TheCursed","TheCursedMod:CursedWand","TheCursedMod:CleanUpWorkshop","TheCursedMod:Dregs","TheCursedMod:SpitefulStrike","TheCursedMod:CursedShiv","TheCursedMod:RapidMovement","TheCursedMod:CircleOfFlame","TheCursedMod:VoidForm","TheCursedMod:FuryStrike","TheCursedMod:SmokeScreen","TheCursedMod:SpitefulStrike","Secret Technique","TheCursedMod:FuryStrike"],"relics":["TheCursedMod:BlackMagic101","NeowsBlessing","Replay:Bottled Steam","Bronze Scales"],"acts_visited":["Exordium"],"potions_floor_usage":[6,6],"damage_taken":[{"damage":0,"enemies":"Jaw Worm","floor":1,"turns":1},{"damage":0,"enemies":"Small Slimes","floor":2,"turns":1},{"damage":0,"enemies":"Cultist","floor":3,"turns":1},{"damage":11,"enemies":"Large Slime","floor":4,"turns":4},{"damage":26,"enemies":"Lagavulin","floor":6,"turns":5},{"damage":9,"enemies":"Blue Slaver","floor":8,"turns":4},{"damage":4,"enemies":"2 Fungi Beasts","floor":11,"turns":2},{"damage":25,"enemies":"Gremlin Nob","floor":12,"turns":3}],"seed_played":"8880304393363686180","potions_obtained":[{"floor":1,"key":"potionbrewer:NoxiousPotion"},{"floor":3,"key":"PowerPotion"}],"is_trial":false,"path_per_floor":["M","M","M","M","?","E","R","M","T","$","M","E"],"character_chosen":"THE_CURSED","items_purchased":["Bronze Scales","TheCursedMod:SpitefulStrike","Secret Technique"],"campfire_rested":1,"item_purchase_floors":[10,10,10],"current_hp_per_floor":[75,75,75,64,34,8,30,21,21,21,17,0,0],"gold":41,"neow_bonus":"THREE_ENEMY_KILL","is_daily":false,"chose_seed":false,"campfire_upgraded":0,"win_rate":0.0,"timestamp":1613319951,"path_taken":["M","M","M","M","?","E","R","M","T","$","M","E"],"items_purchased_type":["Relic","Card","Card"],"build_version":"2020-12-22","purchased_purges":0,"victory":false,"max_hp_per_floor":[75,75,75,75,75,75,75,75,75,75,75,75,75],"card_choices":[{"not_picked":["TheCursedMod:SoulCrush","TheCursedMod:WearCloak"],"picked":"TheCursedMod:SpitefulStrike","floor":1},{"not_picked":["TheCursedMod:Obscuration","TheCursedMod:Torture"],"picked":"TheCursedMod:CursedShiv","floor":2},{"not_picked":["TheCursedMod:DoubleShield","TheCursedMod:BlessingInDisguise"],"picked":"TheCursedMod:RapidMovement","floor":3},{"not_picked":["TheCursedMod:CursedArmor","TheCursedMod:Grudge"],"picked":"TheCursedMod:CircleOfFlame","floor":4},{"not_picked":["TheCursedMod:BloodBarrier","TheCursedMod:WearCloak"],"picked":"TheCursedMod:VoidForm","floor":5},{"not_picked":["TheCursedMod:Stigma","TheCursedMod:UltimatePain"],"picked":"TheCursedMod:FuryStrike","floor":6},{"not_picked":["TheCursedMod:Evocation","TheCursedMod:Stretching"],"picked":"TheCursedMod:SmokeScreen","floor":8},{"not_picked":["TheCursedMod:DarkBarrier","TheCursedMod:FleshFromBone"],"picked":"TheCursedMod:FuryStrike","floor":11}],"player_experience":505455,"relics_obtained":[{"floor":6,"key":"Replay:Bottled Steam"}],"event_choices":[],"is_beta":false,"boss_relics":[],"items_purged_floors":[],"is_endless":false,"potions_floor_spawned":[1,3],"killed_by":"Gremlin Nob","ascension_level":0}}