{"host":"166mvycy0az0i7z6","time":1613276524,"event":{"mods":["AchievementEnabler","Aspiration","BaseMod","Bestiary","Better Altar","Better Third Choice","BetterRewards","Challenge The Spire","Conspire","DeckTracker","Downfall","Halation","Hubris","Minty Spire (QoL Compilation)","Relic Filter","Relic Stats","Replay The Spire","Shop Mod","StSLib"],"gold_per_floor":[181,201,217,237,237,256,256,284,298,298,12,23,36,28,47,47,47,47],"floor_reached":16,"language":"ENG","playtime":1235,"items_purged":[],"score":106,"play_id":"53f95813-7f51-49f0-ae82-52d30537cb5f","local_time":"20210214152204","is_ascension_mode":false,"campfire_choices":[],"circlet_count":0,"master_deck":["hexamod:Strike","hexamod:Strike","hexamod:Strike","hexamod:Strike","hexamod:Defend","hexamod:Defend","hexamod:Defend","hexamod:Defend","hexamod:Sear","hexamod:Float","hexamod:SpectersWail","hexamod:EtherealExpedition","hexamod:SoulSteal","hexamod:PhantomFireball","hexamod:DynamicBlow","hexamod:RecurringNightmare","hexamod:SpectersWail","hexamod:StepThrough","hexamod:RadiantFlame","hexamod:RadiantFlame","hexamod:HeatMetal","hexamod:FastForward","hexamod:SecondSeal","hexamod:FourthSeal","hexamod:TimeWarp"],"relics":["hexamod:SpiritBrand","Replay:Bottled Flurry","Snack Pack","ReplayTheSpireMod:TigerMarble"],"acts_visited":["Exordium"],"potions_floor_usage":[8,15,16],"damage_taken":[{"damage":2,"enemies":"Small Slimes","floor":2,"turns":4},{"damage":1,"enemies":"Cultist","floor":3,"turns":4},{"damage":7,"enemies":"2 Louse","floor":4,"turns":3},{"damage":8,"enemies":"Red Slaver","floor":6,"turns":3},{"damage":34,"enemies":"3 Sentries","floor":8,"turns":7},{"damage":6,"enemies":"Large Slime","floor":9,"turns":4},{"damage":0,"enemies":"downfall:FleeingMerchant","floor":11,"turns":4},{"damage":10,"enemies":"Exordium Thugs","floor":12,"turns":3},{"damage":10,"enemies":"conspire:2 RoseBushes","floor":13,"turns":3},{"damage":5,"enemies":"Large Slime","floor":15,"turns":4},{"damage":42,"enemies":"WA_ARCHETYPE_RETAIN","floor":16,"turns":6}],"seed_played":"8848252017344624385","potions_obtained":[{"floor":4,"key":"SpeedPotion"},{"floor":6,"key":"ColorlessPotion"},{"floor":13,"key":"SkillPotion"},{"floor":15,"key":"Regen Potion"}],"is_trial":false,"path_per_floor":["R","M","M","M","?","M","T","E","M","?","$","M","M","?","M","B"],"character_chosen":"THE_SPIRIT","items_purchased":["hexamod:StepThrough","ReplayTheSpireMod:TigerMarble","hexamod:RadiantFlame"],"campfire_rested":0,"item_purchase_floors":[11,11,11],"current_hp_per_floor":[77,75,74,67,67,59,59,25,21,29,31,23,13,13,10,0,0,0],"gold":47,"neow_bonus":"TEN_PERCENT_HP_BONUS","is_daily":false,"chose_seed":false,"campfire_upgraded":0,"win_rate":0.0,"timestamp":1613276524,"path_taken":["R","M","M","M","?","M","T","E","?","?","$","?","M","?","M","BOSS"],"items_purchased_type":["Card","Relic","Card"],"build_version":"2020-12-22","purchased_purges":0,"victory":false,"max_hp_per_floor":[77,77,77,77,77,77,77,77,77,77,77,77,77,77,77,77,77,77],"relic_stats":{"counters":[11,45],"obtain_stats":[{"Replay:Bottled Flurry":7,"Snack Pack":8,"ReplayTheSpireMod:TigerMarble":11,"hexamod:SpiritBrand":0},{"Replay:Bottled Flurry":4,"Snack Pack":5,"ReplayTheSpireMod:TigerMarble":7,"hexamod:SpiritBrand":0},{"Replay:Bottled Flurry":14,"Snack Pack":21,"ReplayTheSpireMod:TigerMarble":29,"hexamod:SpiritBrand":0}]},"card_choices":[{"not_picked":["hexamod:NightmareGuise","hexamod:GhostShield"],"picked":"hexamod:SpectersWail","floor":2},{"not_picked":["hexamod:PhantomCloak","hexamod:NightmareGuise"],"picked":"hexamod:EtherealExpedition","floor":3},{"not_picked":["hexamod:FastForward","hexamod:BacktrackSmack"],"picked":"hexamod:SoulSteal","floor":4},{"not_picked":["hexamod:ThermalTransfer","hexamod:ChargedBarrage"],"picked":"hexamod:PhantomFireball","floor":6},{"not_picked":["hexamod:RainOfEmbers","hexamod:NightmareGuise"],"picked":"hexamod:DynamicBlow","floor":8},{"not_picked":["hexamod:HeatShield","hexamod:Hexaguard"],"picked":"hexamod:RecurringNightmare","floor":9},{"not_picked":["hexamod:Hexaguard","hexamod:SearingWound"],"picked":"hexamod:SpectersWail","floor":11},{"not_picked":["hexamod:Rewind","hexamod:SpectersWail"],"picked":"hexamod:HeatMetal","floor":12},{"not_picked":["hexamod:ThirdSeal","hexamod:NightmareGuise"],"picked":"hexamod:FastForward","floor":13},{"not_picked":["hexamod:NightmareGuise","hexamod:CatchUp"],"picked":"hexamod:TimeWarp","floor":15}],"player_experience":102423,"relics_obtained":[{"floor":7,"key":"Replay:Bottled Flurry"},{"floor":8,"key":"Snack Pack"}],"event_choices":[],"is_beta":false,"boss_relics":[],"items_purged_floors":[],"is_endless":false,"potions_floor_spawned":[4,6,13,15],"killed_by":"WA_ARCHETYPE_RETAIN","ascension_level":0}}