{"host":"i45hfqkcke4zequp","time":1613283787,"event":{"mods":["AchievementEnabler","BaseMod","BetterRewards","Minty Spire (QoL Compilation)","Permanent Neow","Shop Mod"],"gold_per_floor":[109,128,148,164,164,164,195,209,209,209,209,229,229,253,253,352,352,371,331,186,186,199,235,99,99,124,140,160,160,194,194,194],"floor_reached":31,"language":"KOR","playtime":1177,"items_purged":[],"score":498,"play_id":"36c3bcef-adca-478a-b67f-371c2b8a6b2a","local_time":"20210214152307","is_ascension_mode":true,"campfire_choices":[{"floor":6.0,"key":"REST"},{"floor":13.0,"key":"REST"},{"data":"White Noise","floor":15,"key":"SMITH"},{"floor":25,"key":"REST"}],"circlet_count":0,"master_deck":["AscendersBane","Strike_B+1","Strike_B+1","Strike_B+1","Strike_B+1","Defend_B+1","Defend_B+1","Defend_B+1","Defend_B+1","Zap","Dualcast","Defragment","White Noise+1","Doom and Gloom","Heatsinks","Creative AI","Static Discharge","Injury","Glacier","Storm+1","Core Surge","Beam Cell+1","Consume","Hello World","Storm","White Noise","Buffer","Defragment","Static Discharge+1"],"relics":["Cracked Core","CaptainsWheel","Calipers","Strawberry","Bottled Lightning","Mummified Hand","Symbiotic Virus","Golden Idol","Inserter","DataDisk","Ginger","Pocketwatch","Ancient Tea Set","Torii"],"acts_visited":["Exordium","TheCity"],"potions_floor_usage":[18],"damage_taken":[{"damage":0.0,"enemies":"Cultist","floor":1.0,"turns":3.0},{"damage":4.0,"enemies":"Jaw Worm","floor":2.0,"turns":3.0},{"damage":0.0,"enemies":"2 Louse","floor":3.0,"turns":1.0},{"damage":16.0,"enemies":"Exordium Wildlife","floor":4.0,"turns":4.0},{"damage":42.0,"enemies":"3 Sentries","floor":7.0,"turns":8.0},{"damage":8.0,"enemies":"Exordium Thugs","floor":8.0,"turns":3.0},{"damage":0.0,"enemies":"Looter","floor":12.0,"turns":2.0},{"damage":0,"enemies":"2 Fungi Beasts","floor":14,"turns":3},{"damage":17,"enemies":"The Guardian","floor":16,"turns":7},{"damage":7,"enemies":"Chosen","floor":18,"turns":4},{"damage":16,"enemies":"2 Thieves","floor":22,"turns":3},{"damage":30,"enemies":"Book of Stabbing","floor":23,"turns":3},{"damage":12,"enemies":"Cultist and Chosen","floor":27,"turns":3},{"damage":13,"enemies":"Chosen and Byrds","floor":28,"turns":3},{"damage":0,"enemies":"Slavers","floor":30,"turns":2},{"damage":24,"enemies":"Snake Plant","floor":31,"turns":1}],"seed_played":"4838746942512782385","potions_obtained":[{"floor":1.0,"key":"FairyPotion"},{"floor":3.0,"key":"EssenceOfDarkness"},{"floor":7.0,"key":"Fruit Juice"},{"floor":8.0,"key":"Block Potion"},{"floor":12.0,"key":"FocusPotion"},{"floor":16,"key":"Fire Potion"},{"floor":22,"key":"Strength Potion"}],"is_trial":false,"path_per_floor":["M","M","M","M","T","R","E","M","T","?","?","M","R","M","R","B",null,"M","?","$","T","M","E","$","R","T","M","M","?","E","M"],"character_chosen":"DEFECT","items_purchased":["Defragment","White Noise","Strawberry","DataDisk","Storm","White Noise"],"campfire_rested":3,"item_purchase_floors":[0,0,0,20,24,24],"current_hp_per_floor":[40,36,36,20,20,44,2,25,25,25,25,25,51,51,51,34,74,67,67,67,67,51,21,21,47,47,35,22,22,22,0,0],"gold":194,"neow_bonus":"","is_daily":false,"chose_seed":false,"campfire_upgraded":1,"win_rate":0.0,"timestamp":1613283787,"path_taken":["M","M","M","?","?","R","E","?","T","?","?","M","R","M","R","BOSS","M","?","?","?","?","E","$","R","T","M","M","?","E","M"],"items_purchased_type":["Card","Card","Relic","Relic","Card","Card"],"build_version":"2020-12-22","purchased_purges":0,"victory":false,"max_hp_per_floor":[82,82,82,82,82,82,82,87,87,87,87,87,87,87,87,87,87,87,87,87,87,87,87,87,87,87,87,87,87,87,87,87],"card_choices":[{"not_picked":["Skim","Stack","Reprogram"],"picked":"SKIP","floor":1.0},{"not_picked":["Steam","Stack"],"picked":"Doom and Gloom","floor":2.0},{"not_picked":["Cold Snap","Hologram","Recycle"],"picked":"SKIP","floor":3.0},{"not_picked":["Gash","Stack"],"picked":"Heatsinks","floor":4.0},{"not_picked":["Streamline","Defragment"],"picked":"Creative AI","floor":7.0},{"not_picked":["Go for the Eyes","FTL"],"picked":"Static Discharge","floor":8.0},{"not_picked":["Go for the Eyes","Stack"],"picked":"Glacier","floor":12.0},{"not_picked":["Ball Lightning","Stack"],"picked":"Storm","floor":14},{"not_picked":["All For One","Seek"],"picked":"Core Surge","floor":16},{"not_picked":["Ball Lightning","Stack"],"picked":"Beam Cell+1","floor":18},{"not_picked":["Compile Driver","Cold Snap"],"picked":"Consume","floor":22},{"not_picked":["Streamline","Sweeping Beam"],"picked":"Hello World","floor":23},{"not_picked":["Beam Cell","Chaos"],"picked":"Buffer","floor":27},{"not_picked":["Coolheaded","Turbo"],"picked":"Defragment","floor":28},{"not_picked":["Darkness","Sweeping Beam"],"picked":"Static Discharge+1","floor":30}],"player_experience":545147,"relics_obtained":[{"floor":5.0,"key":"Bottled Lightning"},{"floor":7.0,"key":"Mummified Hand"},{"floor":9.0,"key":"Symbiotic Virus"},{"floor":21,"key":"Ginger"},{"floor":23,"key":"Pocketwatch"},{"floor":26,"key":"Ancient Tea Set"},{"floor":30,"key":"Torii"}],"event_choices":[{"damage_healed":0.0,"max_hp_gain":0.0,"max_hp_loss":0.0,"gold_gain":0.0,"event_name":"Golden Idol","player_choice":"Take Wound","floor":10.0,"gold_loss":0.0,"damage_taken":0.0,"relics_obtained":["Golden Idol"],"cards_obtained":["Injury"]},{"damage_healed":0.0,"max_hp_gain":0.0,"max_hp_loss":0.0,"gold_gain":0.0,"event_name":"Shining Light","player_choice":"Ignored","floor":11.0,"gold_loss":0.0,"damage_taken":0.0},{"damage_healed":0,"gold_gain":0,"player_choice":"Upgrade","damage_taken":0,"max_hp_gain":0,"max_hp_loss":0,"event_name":"Designer","floor":19,"gold_loss":40,"cards_upgraded":["Storm"]},{"damage_healed":0,"gold_gain":0,"player_choice":"Simplicity","damage_taken":0,"max_hp_gain":0,"max_hp_loss":0,"event_name":"Back to Basics","floor":29,"gold_loss":0,"cards_upgraded":["Strike_B","Strike_B","Strike_B","Strike_B","Defend_B","Defend_B","Defend_B","Defend_B"]}],"is_beta":false,"boss_relics":[{"not_picked":["Tiny House","Calling Bell"],"picked":"Inserter"}],"items_purged_floors":[],"is_endless":false,"potions_floor_spawned":[1,3,7,8,12,16,22,27,28],"killed_by":"Snake Plant","ascension_level":13}}