{"host":"vcfeedt7mblfy0sn","time":1613294597,"event":{"mods":["AchievementEnabler","Aspiration","BaseMod","Downfall","Gremlin Mod","Highlight Path","Hubris","Minty Spire (QoL Compilation)","StSLib","The Exalted","The Jungle","The Necromancer","The Runesmith","[IsaacMod]????"],"gold_per_floor":[99,109,109,120,139,139,166,6,22,7,19,50,50,50,67,166,166,166,183,183,183,198,198,198,212,223,223,243,254,254,264,279,376,376,376,387,387,387,403,415,415,431,209,224,224,224,242,262,272,272],"floor_reached":51,"language":"ENG","playtime":4019,"items_purged":["Bite"],"score":709,"play_id":"04a1c6fd-76db-4ac4-aafa-2ac799ab157f","local_time":"20210214012317","is_ascension_mode":false,"campfire_choices":[{"data":"Slimebound:Split","floor":1,"key":"SMITH"},{"floor":13,"key":"REST"},{"data":"Slimebound:LevelUp","floor":18,"key":"SMITH"},{"data":"Slimebound:OneTwoCombo","floor":27,"key":"SMITH"},{"data":"Slimebound:SamplingLick","floor":30,"key":"SMITH"},{"data":"Slimebound:MassRepurpose","floor":35,"key":"SMITH"},{"data":"expansioncontent:StudyTheSpire","floor":45,"key":"SMITH"}],"circlet_count":0,"master_deck":["Slimebound:Tackle","Slimebound:Defend_Slimebound","Slimebound:Defend_Slimebound","Slimebound:Defend_Slimebound","Slimebound:Defend_Slimebound","Slimebound:Split+1","Slimebound:CorrosiveSpit","Slimebound:FormOfPuddle+1","Slimebound:SlimeBrawl","Slimebound:SplitSpecialist","Slimebound:Repurpose","Slimebound:SplitBruiser","Slimebound:LevelUp+1","Slimebound:ProtectTheBoss","Slimebound:Equalize","Slimebound:Prepare","Slimebound:Overexert+1","Slimebound:SamplingLick+1","Bite","Bite","Bite","Slimebound:Schlurp","Slimebound:OneTwoCombo+1","Slimebound:Repurpose+1","Slimebound:SplitMire","Slimebound:MassRepurpose+1","Slimebound:SplitMire","Slimebound:Nibble+1","Slimebound:Nibble","expansioncontent:StudyTheSpire+1","Slimebound:RejuvenatingLick+1","Slimebound:Gluttony","Slimebound:RejuvenatingLick+1"],"relics":["Slimebound:AbsorbEndCombat","HushsDoor","DoctorsRemote","Toolbox","SharpPlug","GuppysPaw","hubris:Backtick","SteamSale","GuppysHairball","SatanicBible","hubris:BottledHeart","downfall:RedIOU","BelialBook","Coffee Dripper","Mercury Hourglass","InkBottle","Damocles","Blood Vial","Bottled Lightning","Bromod:ArcaneTempo","PreservedInsect"],"acts_visited":["Exordium","TheCity","TheBeyond"],"potions_floor_usage":[31,33,33,33,50,50],"damage_taken":[{"damage":5,"enemies":"2 Louse","floor":2,"turns":3},{"damage":4,"enemies":"Jaw Worm","floor":4,"turns":3},{"damage":10,"enemies":"Small Slimes","floor":5,"turns":5},{"damage":13,"enemies":"downfall:FleeingMerchant","floor":8,"turns":4},{"damage":1,"enemies":"Exordium Wildlife","floor":9,"turns":4},{"damage":5,"enemies":"downfall:FleeingMerchant","floor":10,"turns":4},{"damage":19,"enemies":"Blue Slaver","floor":11,"turns":4},{"damage":21,"enemies":"Lagavulin","floor":12,"turns":7},{"damage":0,"enemies":"Exordium Wildlife","floor":15,"turns":3},{"damage":12,"enemies":"IC_STATUS_ARCHETYPE","floor":16,"turns":7},{"damage":9,"enemies":"Shell Parasite","floor":19,"turns":4},{"damage":0,"enemies":"Chosen","floor":22,"turns":4},{"damage":0,"enemies":"Centurion and Healer","floor":25,"turns":5},{"damage":0,"enemies":"Snake Plant","floor":26,"turns":4},{"damage":0,"enemies":"Chosen and Byrds","floor":28,"turns":5},{"damage":0,"enemies":"3 Cultists","floor":29,"turns":4},{"damage":0,"enemies":"Cultist and Chosen","floor":31,"turns":4},{"damage":0,"enemies":"Chosen and Byrds","floor":32,"turns":4},{"damage":0,"enemies":"SI_MIRROR_ARCHETYPE","floor":33,"turns":8},{"damage":0,"enemies":"3 Darklings","floor":36,"turns":3},{"damage":0,"enemies":"3 Shapes","floor":39,"turns":3},{"damage":0,"enemies":"Transient","floor":40,"turns":5},{"damage":0,"enemies":"Maw","floor":42,"turns":4},{"damage":0,"enemies":"downfall:FleeingMerchant","floor":43,"turns":3},{"damage":0,"enemies":"Writhing Mass","floor":44,"turns":3},{"damage":0,"enemies":"3 Darklings","floor":47,"turns":3},{"damage":0,"enemies":"Jaw Worm Horde","floor":48,"turns":3},{"damage":0,"enemies":"Spire Growth","floor":49,"turns":2},{"damage":0,"enemies":"WA_ARCHETYPE_DIVINITY","floor":50,"turns":4}],"seed_played":"1363180988102594690","potions_obtained":[{"floor":4,"key":"Fire Potion"},{"floor":11,"key":"LiquidBronze"},{"floor":12,"key":"hexamod:SoulburnPotion"},{"floor":19,"key":"Block Potion"},{"floor":31,"key":"SkillPotion"},{"floor":39,"key":"FearPotion"},{"floor":44,"key":"SkillPotion"},{"floor":47,"key":"sneckomod:MuddlingPotion"}],"is_trial":false,"path_per_floor":["R","M","?","M","M","?","T","$","M","$","M","E","R","?","M","B",null,"R","M","?","?","M","?","T","M","M","R","M","M","R","M","M","B",null,"R","M","?","T","M","M","T","M","$","M","R","?","M","M","M","B",null],"character_chosen":"SLIMEBOUND","items_purchased":["Toolbox","GuppysHairball","SatanicBible","Damocles","expansioncontent:StudyTheSpire"],"campfire_rested":1,"item_purchase_floors":[8,17,17,43,43],"current_hp_per_floor":[65,60,60,60,54,54,54,43,44,41,22,11,45,38,40,44,45,45,38,1,1,1,1,1,1,1,1,1,1,1,1,1,1,1,1,1,1,1,1,1,1,1,1,1,1,1,1,1,1,1],"gold":272,"neow_bonus":"TRANSFORM_CARD","is_daily":false,"chose_seed":false,"campfire_upgraded":6,"win_rate":0.0,"timestamp":1613294597,"path_taken":["R","M","?","M","M","?","T","$","M","?","M","E","R","?","M","BOSS","R","M","?","?","M","?","T","M","M","R","?","M","R","M","M","BOSS","R","M","?","?","M","M","T","M","?","?","R","?","M","?","M","BOSS"],"items_purchased_type":["Relic","Relic","Relic","Relic","Card"],"build_version":"2020-12-22","purchased_purges":1,"victory":true,"max_hp_per_floor":[65,65,65,65,65,65,65,65,65,65,65,65,65,65,65,65,45,45,45,1,1,1,1,1,1,1,1,1,1,1,1,1,1,1,1,1,1,1,1,1,1,1,1,1,1,1,1,1,1,1],"card_choices":[{"not_picked":[],"picked":"ChaosCard","floor":0},{"not_picked":["Slimebound:FinishingTackle","Slimebound:PressTheAttack"],"picked":"Slimebound:SlimeBrawl","floor":2},{"not_picked":["Slimebound:LivingWall","Slimebound:HauntingLick"],"picked":"Slimebound:SplitSpecialist","floor":4},{"not_picked":["Slimebound:WasteNot","Slimebound:ItLooksTasty"],"picked":"Slimebound:Repurpose","floor":5},{"not_picked":["Slimebound:FinishingTackle","Slimebound:Grow"],"picked":"Slimebound:SplitBruiser","floor":8},{"not_picked":["Slimebound:FinishingTackle","Slimebound:SplitSpecialist"],"picked":"Slimebound:LevelUp","floor":9},{"not_picked":["Slimebound:DivideAndConquer","Slimebound:LevelUp"],"picked":"Slimebound:ProtectTheBoss","floor":10},{"not_picked":["Slimebound:TongueLash","Slimebound:LeechEnergy"],"picked":"Slimebound:Equalize","floor":11},{"not_picked":["Slimebound:BestDefense","Slimebound:PressTheAttack","Slimebound:SplitAcid"],"picked":"SKIP","floor":12},{"not_picked":["Slimebound:DisruptingSlam","Slimebound:ItLooksTasty"],"picked":"Slimebound:Prepare","floor":15},{"not_picked":["Slimebound:MassFeed","Slimebound:SelfFormingGoo"],"picked":"Slimebound:Overexert","floor":16},{"not_picked":["Slimebound:GoopTackle+1","Slimebound:SplitBruiser"],"picked":"Slimebound:SamplingLick","floor":19},{"not_picked":["Slimebound:PressTheAttack","Slimebound:ItLooksTasty","Slimebound:GoopTackle"],"picked":"SKIP","floor":22},{"not_picked":["Slimebound:RainOfGoop","Slimebound:SplitAcid"],"picked":"Slimebound:Schlurp","floor":25},{"not_picked":["Slimebound:SplitAcid","Slimebound:RollThrough+1"],"picked":"Slimebound:OneTwoCombo","floor":26},{"not_picked":["Slimebound:PressTheAttack","Slimebound:Dissolve+1"],"picked":"Slimebound:Repurpose+1","floor":28},{"not_picked":["Slimebound:ServeAndProtect","Slimebound:ViciousTackle","Slimebound:LeechingTouch+1"],"picked":"SKIP","floor":29},{"not_picked":["Slimebound:HauntingLick+1","Slimebound:RollThrough+1"],"picked":"Slimebound:SplitMire","floor":31},{"not_picked":["Slimebound:Repurpose","Slimebound:FinishingTackle","Slimebound:Grow+1"],"picked":"SKIP","floor":32},{"not_picked":["Slimebound:OozeBath","Slimebound:MassFeed"],"picked":"Slimebound:MassRepurpose","floor":33},{"not_picked":["Slimebound:LeechingTouch+1","Slimebound:ItLooksTasty","Slimebound:Repurpose+1"],"picked":"SKIP","floor":36},{"not_picked":["Slimebound:Equalize+1","Slimebound:LevelUp+1"],"picked":"Slimebound:SplitMire","floor":39},{"not_picked":["Slimebound:LevelUp+1","Slimebound:Schlurp"],"picked":"Slimebound:Nibble+1","floor":40},{"not_picked":["Slimebound:PressTheAttack+1","Slimebound:DuplicatedForm","Slimebound:Chomp"],"picked":"SKIP","floor":42},{"not_picked":["Slimebound:PrepareCrush","Slimebound:LeechingTouch"],"picked":"Slimebound:Nibble","floor":43},{"not_picked":["Slimebound:FinishingTackle","Slimebound:Prepare"],"picked":"Slimebound:RejuvenatingLick+1","floor":44},{"not_picked":["Slimebound:DivideAndConquer","Slimebound:BestDefense+1","Slimebound:SamplingLick"],"picked":"SKIP","floor":47},{"not_picked":["Slimebound:Prepare","Slimebound:RollThrough+1"],"picked":"Slimebound:Gluttony","floor":48},{"not_picked":["Slimebound:Prepare+1","Slimebound:LeechingTouch"],"picked":"Slimebound:RejuvenatingLick+1","floor":49}],"player_experience":266385,"relics_obtained":[{"floor":7,"key":"Regal Pillow"},{"floor":12,"key":"SharpPlug"},{"floor":24,"key":"BelialBook"},{"floor":38,"key":"Mercury Hourglass"},{"floor":41,"key":"InkBottle"},{"floor":44,"key":"Blood Vial"},{"floor":47,"key":"Bottled Lightning"},{"floor":48,"key":"Bromod:ArcaneTempo"},{"floor":49,"key":"PreservedInsect"}],"event_choices":[{"damage_healed":0,"gold_gain":0,"player_choice":"Grow","damage_taken":0,"max_hp_gain":0,"max_hp_loss":0,"event_name":"Living Wall","floor":6,"gold_loss":0,"cards_upgraded":["Slimebound:FormOfPuddle"]},{"damage_healed":0,"gold_gain":0,"player_choice":"Success","damage_taken":7,"relics_obtained":["GuppysPaw"],"max_hp_gain":0,"max_hp_loss":0,"event_name":"Scrap Ooze","floor":14,"gold_loss":0},{"damage_healed":0,"gold_gain":0,"player_choice":"Became a vampire","damage_taken":0,"max_hp_gain":0,"max_hp_loss":0,"event_name":"Vampires","floor":23,"gold_loss":0,"cards_obtained":["Bite","Bite","Bite","Bite","Bite"]}],"is_beta":false,"boss_relics":[{"not_picked":["Bromod:ArcaneGrace","hubris:RunicObelisk"],"picked":"hubris:Backtick"},{"not_picked":[]},{"not_picked":["Empty Cage","aspiration:RitualDagger"],"picked":"Coffee Dripper"},{"not_picked":[]}],"items_purged_floors":[43],"is_endless":false,"potions_floor_spawned":[4,11,12,19,22,26,29,31,39,44,47],"ascension_level":0}}