{"host":"wri98rxht4656ll8","time":1613336597,"event":{"mods":["AchievementEnabler","BaseMod","Colored Map","Colored Powertips","Minty Spire (QoL Compilation)","Permanent Neow","StSLib"],"gold_per_floor":[116,129,143,160,160,160,62,76,101,114,39,53,53,78,78,78,78],"floor_reached":16,"language":"ENG","playtime":1015,"items_purged":["Bash"],"score":104,"play_id":"eed726a9-5372-4a79-8976-dadccca387c9","local_time":"20210214220317","is_ascension_mode":false,"campfire_choices":[{"data":"Thunderclap","floor":6,"key":"SMITH"},{"floor":15,"key":"REST"}],"circlet_count":0,"master_deck":["Strike_R","Strike_R+1","Strike_R","Defend_R","Defend_R","Defend_R","Defend_R","Thunderclap+1","Flash of Steel+1"],"relics":["Burning Blood","Whetstone","PreservedInsect"],"acts_visited":["Exordium"],"potions_floor_usage":[16],"damage_taken":[{"damage":15,"enemies":"Cultist","floor":1,"turns":4},{"damage":2,"enemies":"Small Slimes","floor":2,"turns":3},{"damage":1,"enemies":"2 Louse","floor":3,"turns":3},{"damage":11,"enemies":"Large Slime","floor":4,"turns":10},{"damage":2,"enemies":"2 Fungi Beasts","floor":8,"turns":3},{"damage":4,"enemies":"Blue Slaver","floor":10,"turns":6},{"damage":5,"enemies":"Looter","floor":12,"turns":3},{"damage":20,"enemies":"3 Sentries","floor":14,"turns":8},{"damage":57,"enemies":"Hexaghost","floor":16,"turns":9}],"seed_played":"-2297467033246138441","potions_obtained":[{"floor":1,"key":"Fire Potion"},{"floor":2,"key":"SteroidPotion"},{"floor":12,"key":"SpeedPotion"},{"floor":14,"key":"ColorlessPotion"}],"is_trial":false,"path_per_floor":["M","M","M","M","?","R","$","M","T","M","$","M","$","E","R","B"],"character_chosen":"IRONCLAD","items_purchased":["Flash of Steel"],"campfire_rested":1,"item_purchase_floors":[7],"current_hp_per_floor":[63,67,72,67,67,67,67,71,71,72,72,72,72,58,72,15,15],"gold":78,"neow_bonus":"REMOVE_TWO","is_daily":false,"chose_seed":false,"campfire_upgraded":1,"win_rate":0.0,"timestamp":1613336597,"path_taken":["M","M","?","M","?","R","?","M","T","M","$","M","$","E","R","BOSS"],"items_purchased_type":["Card"],"build_version":"2020-12-22","purchased_purges":1,"victory":false,"max_hp_per_floor":[72,72,72,72,72,72,72,72,72,72,72,72,72,72,72,72,72],"card_choices":[{"not_picked":["Entrench","Thunderclap","Sentinel"],"picked":"SKIP","floor":1},{"not_picked":["Twin Strike","Cleave"],"picked":"Thunderclap","floor":2},{"not_picked":["Searing Blow","Rampage","Body Slam"],"picked":"SKIP","floor":3},{"not_picked":["True Grit","Whirlwind","Havoc"],"picked":"SKIP","floor":4},{"not_picked":["Anger","Disarm","Power Through"],"picked":"SKIP","floor":8},{"not_picked":["Pommel Strike","Exhume","Thunderclap"],"picked":"SKIP","floor":10},{"not_picked":["Second Wind","Flex","Headbutt"],"picked":"SKIP","floor":12},{"not_picked":["Second Wind","Flex","Headbutt"],"picked":"SKIP","floor":12},{"not_picked":["Sword Boomerang","Armaments","Dark Embrace"],"picked":"SKIP","floor":14}],"player_experience":219357,"relics_obtained":[{"floor":9,"key":"Whetstone"},{"floor":14,"key":"PreservedInsect"}],"event_choices":[{"damage_healed":0,"gold_gain":0,"player_choice":"Bought 0 Potions","damage_taken":0,"max_hp_gain":0,"max_hp_loss":0,"event_name":"The Woman in Blue","floor":5,"gold_loss":0}],"is_beta":false,"boss_relics":[],"items_purged_floors":[11],"is_endless":false,"potions_floor_spawned":[1,2,12,14],"killed_by":"Hexaghost","ascension_level":0}}