{"host":"7d9nv1viv9k97dq8","time":1613323910,"event":{"mods":["Act Like it!","BaseMod","Decade(Õı–°√˜)","Downfall","Gensokyo","KomeijiMod","Luminous","Marisa£®ÏF”Í°°ƒß¿Ì…≥£©","Minty Spire (QoL Compilation)","Prisma Mod","Reimu£®≤©¿ˆ¡È√Œ£©","Remilia£®¿Ÿ√◊¿Ú—«£©","Replay The Spire","StSLib","The Administrix","The Bug Knight","Waifu the Spire","Yakumo Yukari mod","Youmu£®ªÍ∆«—˝√Œ£©","Yuyuko","°æ“≈ŒÔø®≈∆°øREMEMod"],"gold_per_floor":[114,114,135,150,29,63,63,163,187,200,59,72,90,109,109,308,308,322,335,335,373,398,398,398,398],"floor_reached":24,"language":"ZHS","playtime":1617,"items_purged":[],"score":200,"play_id":"cdf6a424-a5b7-47c7-83a2-8f0b249a7e51","local_time":"20210215013150","is_ascension_mode":false,"campfire_choices":[{"data":"Gensokyo:MorningMist","floor":7,"key":"SMITH"},{"floor":15,"key":"REST"},{"floor":23,"key":"REST"}],"circlet_count":0,"master_deck":["HollowMod:NailStrikeStart","HollowMod:NailStrikeStart","HollowMod:NailStrikeStart","HollowMod:NailStrikeStart","HollowMod:QuickDashStart","HollowMod:QuickDashStart","HollowMod:QuickDashStart","HollowMod:QuickDashStart","HollowMod:FocusHealStart","HollowMod:PogoStrike","Gensokyo:MorningMist+1","HollowMod:AbyssShriek","HollowMod:VengefulVoid","HollowMod:DoubleDash","HollowMod:VengefulVoid","HollowMod:SharpenedShadows","HollowMod:Weaversong","HollowMod:LordofShades","HollowMod:DescendingDark","HollowMod:DashSlash","HollowMod:LifebloodCore"],"relics":["HollowMod:VesselMask","REME_ComplimentaryCards","NeowsBlessing","Golden Idol","Blood Vial","Boot","Replay:Grab Bag","Cursed Key","Sozu","Black Star","Red Mask"],"acts_visited":["Exordium","TheCity"],"potions_floor_usage":[6,6,13,13],"damage_taken":[{"damage":0,"enemies":"Jaw Worm","floor":1,"turns":1},{"damage":0,"enemies":"Small Slimes","floor":3,"turns":1},{"damage":0,"enemies":"Cultist","floor":4,"turns":1},{"damage":8,"enemies":"3 Sentries","floor":6,"turns":4},{"damage":0,"enemies":"3 Louse","floor":10,"turns":2},{"damage":4,"enemies":"Exordium Wildlife","floor":12,"turns":3},{"damage":7,"enemies":"Blue Slaver","floor":13,"turns":2},{"damage":17,"enemies":"Exordium Thugs","floor":14,"turns":4},{"damage":57,"enemies":"Fading Forest","floor":16,"turns":11},{"damage":0,"enemies":"Chosen","floor":18,"turns":3},{"damage":21,"enemies":"Shell Parasite","floor":19,"turns":6},{"damage":12,"enemies":"Masked Bandits","floor":21,"turns":3},{"damage":23,"enemies":"Sentry and Sphere","floor":22,"turns":5},{"damage":67,"enemies":"Gremlin Leader","floor":24,"turns":7}],"seed_played":"759360184933678704","potions_obtained":[{"floor":1,"key":"bronze:BurnAndBuffPotion"},{"floor":3,"key":"Strength Potion"},{"floor":6,"key":"SteroidPotion"},{"floor":12,"key":"FearPotion"}],"is_trial":false,"path_per_floor":["M","?","M","M","$","E","R","?","T","M","$","M","M","M","R","B",null,"M","M","?","?","M","R","E"],"character_chosen":"THE_BUGKNIGHT","items_purchased":["HollowMod:VengefulVoid","HollowMod:SharpenedShadows","HollowMod:LordofShades"],"campfire_rested":2,"item_purchase_floors":[5,5,11],"current_hp_per_floor":[75,57,57,57,57,49,49,49,49,51,51,49,44,29,51,6,75,75,54,64,54,33,55,0,0],"gold":398,"neow_bonus":"THREE_ENEMY_KILL","is_daily":false,"chose_seed":false,"campfire_upgraded":1,"win_rate":0.0,"timestamp":1613323910,"path_taken":["M","?","M","M","$","E","R","?","T","M","$","M","?","M","R","BOSS","M","M","?","?","M","R","E"],"items_purchased_type":["Card","Card","Card"],"build_version":"2020-12-22","purchased_purges":0,"victory":false,"max_hp_per_floor":[75,75,75,75,75,75,75,75,75,75,75,75,75,75,75,75,75,75,75,75,75,75,75,75,75],"card_choices":[{"not_picked":["HollowMod:DashSlash","HollowMod:SoulEater"],"picked":"HollowMod:AbyssShriek","floor":1},{"not_picked":["HollowMod:GreatSlash","HollowMod:CoiledNail"],"picked":"HollowMod:VengefulVoid","floor":3},{"not_picked":["HollowMod:NewJinnsSoul","HollowMod:SoulVessel"],"picked":"HollowMod:DoubleDash","floor":4},{"not_picked":["HollowMod:HowlingWraiths","HollowMod:InfectedCysts"],"picked":"HollowMod:Weaversong","floor":6},{"not_picked":["HollowMod:MothsMistake","HollowMod:GoodIntentions","HollowMod:LifebloodCocoon"],"picked":"SKIP","floor":10},{"not_picked":["HollowMod:CornifersMapStart","HollowMod:CycloneSlash","HollowMod:GoodIntentions"],"picked":"SKIP","floor":12},{"not_picked":["HollowMod:SoulSplash","HollowMod:NewLittleFool"],"picked":"HollowMod:DescendingDark","floor":13},{"not_picked":["HollowMod:InfectedCysts","HollowMod:SoulSplash"],"picked":"HollowMod:DashSlash","floor":14},{"not_picked":["HollowMod:ZotesMagnificence","HollowMod:PureVessel"],"picked":"HollowMod:LifebloodCore","floor":16},{"not_picked":["HollowMod:GreatSlash","HollowMod:InfectedCysts","HollowMod:NewJinnsSoul"],"picked":"SKIP","floor":18},{"not_picked":["HollowMod:SoulEater+1","HollowMod:SoulStrike+1","HollowMod:LuriensSpire"],"picked":"SKIP","floor":19},{"not_picked":["HollowMod:QuirrelsAssistance","HollowMod:InfectionAssault","HollowMod:NewGlowingWomb+1"],"picked":"SKIP","floor":22}],"player_experience":211696,"relics_obtained":[{"floor":6,"key":"Blood Vial"},{"floor":9,"key":"Boot"},{"floor":21,"key":"Red Mask"}],"event_choices":[{"damage_healed":0,"gold_gain":0,"player_choice":"Take Damage","damage_taken":18,"relics_obtained":["Golden Idol"],"max_hp_gain":0,"max_hp_loss":0,"event_name":"Golden Idol","floor":2,"gold_loss":0},{"damage_healed":0,"gold_gain":100,"player_choice":"Pray","damage_taken":0,"max_hp_gain":0,"max_hp_loss":0,"event_name":"Golden Shrine","floor":8,"gold_loss":0},{"damage_healed":0,"gold_gain":0,"player_choice":"Fought Bandits","damage_taken":0,"max_hp_gain":0,"max_hp_loss":0,"event_name":"Masked Bandits","floor":21,"gold_loss":0}],"is_beta":false,"boss_relics":[{"not_picked":["bronze:MakeshiftBattery","SlaversCollar"],"picked":"Replay:Grab Bag"},{"not_picked":["Fusion Hammer","ChewingGum"],"picked":"Cursed Key"},{"not_picked":["Philosopher\u0027s Stone","Coffee Dripper"],"picked":"Sozu"},{"not_picked":["Ring of Chaos","RedLine:ReiMu"],"picked":"Black Star"}],"items_purged_floors":[],"is_endless":false,"potions_floor_spawned":[1,3,6,12,22],"killed_by":"Gremlin Leader","ascension_level":0}}