{"host":"2e3z4r48quhw80cc","time":1613327790,"event":{"mods":["BaseMod","Minty Spire (QoL Compilation)","Quick Restart","StSLib","SuperFastMode"],"gold_per_floor":[116,116,136,136,136,136,167,191,269,304,63,84,118,133,133,257,257,273,188,3,0,0,0,36,36,36,36,36,76,76,76,76,206,206,231,231,246,246,46,81,81,101,101,117,17,17,85,185,185,185],"floor_reached":51,"language":"KOR","playtime":1985,"items_purged":["Strike_G","Strike_G"],"score":1276,"play_id":"cb41eaf2-24bb-4523-875c-95053b397944","local_time":"20210215033630","is_ascension_mode":true,"campfire_choices":[{"data":"Footwork","floor":6.0,"key":"SMITH"},{"data":"Terror","floor":15.0,"key":"SMITH"},{"data":"Well Laid Plans","floor":23.0,"key":"SMITH"},{"floor":25.0,"key":"REST"},{"data":"Storm of Steel","floor":27.0,"key":"SMITH"},{"floor":32.0,"key":"REST"},{"data":"Venomology","floor":41.0,"key":"SMITH"},{"floor":46.0,"key":"REST"},{"floor":49.0,"key":"REST"}],"circlet_count":0,"master_deck":["AscendersBane","Strike_G","Defend_G","Defend_G","Defend_G","Defend_G","Defend_G","Survivor","Neutralize","Blade Dance","Footwork+1","Well Laid Plans+1","Dagger Throw","Terror+1","Storm of Steel+1","Adrenaline","Noxious Fumes","Blur","Footwork+1","Acrobatics","Accuracy+1","Flying Knee","Phantasmal Killer","Infinite Blades","Venomology+1","Escape Plan","Backflip","Deflect+1","Blur+1"],"relics":["Ring of the Snake","NeowsBlessing","Golden Idol","WingedGreaves","Pen Nib","Pear","Turnip","Mummified Hand","Juzu Bracelet","SacredBark","Regal Pillow","DollysMirror","Dream Catcher","Art of War","Gremlin Horn","Blue Candle","SlaversCollar","Orichalcum","Gambling Chip","Darkstone Periapt","Bird Faced Urn"],"acts_visited":["Exordium","TheCity","TheBeyond"],"potions_floor_usage":[],"damage_taken":[{"damage":0.0,"enemies":"Cultist","floor":1.0,"turns":1.0},{"damage":0.0,"enemies":"Jaw Worm","floor":3.0,"turns":1.0},{"damage":0.0,"enemies":"3 Sentries","floor":7.0,"turns":1.0},{"damage":2.0,"enemies":"Small Slimes","floor":8.0,"turns":5.0},{"damage":17.0,"enemies":"Gremlin Nob","floor":10.0,"turns":5.0},{"damage":0.0,"enemies":"Red Slaver","floor":12.0,"turns":4.0},{"damage":9.0,"enemies":"3 Sentries","floor":13.0,"turns":11.0},{"damage":11.0,"enemies":"Exordium Thugs","floor":14.0,"turns":6.0},{"damage":0.0,"enemies":"Hexaghost","floor":16.0,"turns":11.0},{"damage":0.0,"enemies":"Chosen","floor":18.0,"turns":6.0},{"damage":25.0,"enemies":"Book of Stabbing","floor":24.0,"turns":9.0},{"damage":49.0,"enemies":"Slavers","floor":29.0,"turns":6.0},{"damage":23.0,"enemies":"Collector","floor":33.0,"turns":9.0},{"damage":7.0,"enemies":"Orb Walker","floor":35.0,"turns":5.0},{"damage":13.0,"enemies":"3 Darklings","floor":37.0,"turns":5.0},{"damage":0.0,"enemies":"Nemesis","floor":40.0,"turns":5.0},{"damage":1.0,"enemies":"Sphere and 2 Shapes","floor":42.0,"turns":5.0},{"damage":0.0,"enemies":"Maw","floor":44.0,"turns":6.0},{"damage":24.0,"enemies":"2 Orb Walkers","floor":47.0,"turns":6.0},{"damage":54,"enemies":"Donu and Deca","floor":50,"turns":14}],"seed_played":"-638560941032325056","potions_obtained":[{"floor":1.0,"key":"SneckoOil"},{"floor":5.0,"key":"DuplicationPotion"},{"floor":5.0,"key":"DistilledChaos"},{"floor":8.0,"key":"EntropicBrew"},{"floor":16.0,"key":"LiquidBronze"},{"floor":33.0,"key":"Energy Potion"},{"floor":35.0,"key":"CultistPotion"},{"floor":42.0,"key":"FairyPotion"}],"is_trial":false,"path_per_floor":["M","?","M","T","?","R","E","M","T","E","$","M","E","M","R","B",null,"M","?","$","?","?","R","E","R","T","R","?","E","?","T","R","B",null,"M","T","M","?","$","E","R","M","T","M","$","R","?","?","R","B",null],"character_chosen":"THE_SILENT","items_purchased":["Mummified Hand","Blur","DollysMirror","Escape Plan","Backflip"],"campfire_rested":4,"item_purchase_floors":[11,20,20,39,39],"current_hp_per_floor":[63,46,46,46,46,46,46,44,54,37,37,37,28,17,17,17,64,64,64,64,64,64,64,39,78,78,78,78,29,29,29,68,45,71,64,64,51,51,51,51,51,50,50,50,50,80,56,56,80,31],"gold":185,"neow_bonus":"THREE_ENEMY_KILL","is_daily":false,"chose_seed":false,"campfire_upgraded":5,"win_rate":0.0,"timestamp":1613327790,"path_taken":["M","?","M","?","?","R","E","?","T","E","$","M","E","M","R","BOSS","M","?","?","?","?","R","E","R","T","R","?","E","?","?","R","BOSS","M","?","M","?","$","E","R","M","T","M","?","R","?","?","R","BOSS"],"items_purchased_type":["Relic","Card","Relic","Card","Card"],"build_version":"2020-12-22","purchased_purges":2,"victory":true,"max_hp_per_floor":[70,70,70,70,70,70,70,70,80,80,80,80,80,80,80,80,80,80,80,80,80,80,80,80,80,80,80,80,80,80,80,80,80,80,80,80,80,80,80,80,80,80,80,80,80,80,80,80,80,80],"card_choices":[{"not_picked":["Dagger Spray","Underhanded Strike"],"picked":"Blade Dance","floor":1.0},{"not_picked":["Backflip","Dodge and Roll"],"picked":"Footwork","floor":3.0},{"not_picked":["Dagger Throw","Poisoned Stab"],"picked":"Well Laid Plans","floor":7.0},{"not_picked":["Bane","Endless Agony","Prepared"],"picked":"SKIP","floor":8.0},{"not_picked":["Unload","Skewer"],"picked":"Dagger Throw","floor":10.0},{"not_picked":["Caltrops","Leg Sweep"],"picked":"Terror","floor":12.0},{"not_picked":["Acrobatics","Bane"],"picked":"Storm of Steel","floor":13.0},{"not_picked":["Bane","PiercingWail","Deadly Poison"],"picked":"SKIP","floor":14.0},{"not_picked":["Burst","Storm of Steel"],"picked":"Adrenaline","floor":16.0},{"not_picked":["Crippling Poison","Deflect"],"picked":"Noxious Fumes","floor":18.0},{"not_picked":["Poisoned Stab+1","Deadly Poison+1"],"picked":"Accuracy+1","floor":24.0},{"not_picked":["Underhanded Strike","Dodge and Roll"],"picked":"Flying Knee","floor":25.0},{"not_picked":["Dagger Spray","Quick Slash+1"],"picked":"Phantasmal Killer","floor":29.0},{"not_picked":["Acrobatics","Backflip"],"picked":"Infinite Blades","floor":32.0},{"not_picked":["Storm of Steel","Burst"],"picked":"Venomology","floor":33.0},{"not_picked":["Flechettes","Slice+1","Crippling Poison"],"picked":"SKIP","floor":35.0},{"not_picked":["Deadly Poison+1","Dodge and Roll","Dagger Throw+1"],"picked":"SKIP","floor":37.0},{"not_picked":["Eviscerate+1","Heel Hook+1","Bouncing Flask+1"],"picked":"SKIP","floor":40.0},{"not_picked":["Bullet Time","Underhanded Strike+1"],"picked":"Deflect+1","floor":42.0},{"not_picked":["Blade Dance","Well Laid Plans","Dagger Throw+1"],"picked":"SKIP","floor":44.0},{"not_picked":["Underhanded Strike+1","Outmaneuver+1"],"picked":"Blur+1","floor":47.0}],"player_experience":187319,"relics_obtained":[{"floor":4.0,"key":"WingedGreaves"},{"floor":7.0,"key":"Pen Nib"},{"floor":9.0,"key":"Pear"},{"floor":10.0,"key":"Turnip"},{"floor":13.0,"key":"Juzu Bracelet"},{"floor":24.0,"key":"Dream Catcher"},{"floor":26.0,"key":"Art of War"},{"floor":29.0,"key":"Gremlin Horn"},{"floor":31.0,"key":"Blue Candle"},{"floor":36.0,"key":"Orichalcum"},{"floor":40.0,"key":"Gambling Chip"},{"floor":43.0,"key":"Darkstone Periapt"},{"floor":47.0,"key":"Bird Faced Urn"}],"event_choices":[{"damage_healed":0.0,"max_hp_gain":0.0,"max_hp_loss":0.0,"gold_gain":0.0,"event_name":"Golden Idol","player_choice":"Take Damage","floor":2.0,"gold_loss":0.0,"damage_taken":17.0,"relics_obtained":["Golden Idol"]},{"damage_healed":0.0,"max_hp_gain":0.0,"max_hp_loss":0.0,"gold_gain":0.0,"event_name":"Lab","player_choice":"Got Potions","floor":5.0,"gold_loss":0.0,"damage_taken":0.0},{"damage_healed":0.0,"max_hp_gain":0.0,"max_hp_loss":0.0,"gold_gain":0.0,"event_name":"Addict","player_choice":"Obtained Relic","floor":19.0,"gold_loss":85.0,"damage_taken":0.0,"relics_obtained":["Regal Pillow"]},{"damage_healed":0.0,"max_hp_gain":0.0,"max_hp_loss":0.0,"gold_gain":0.0,"event_name":"Masked Bandits","player_choice":"Paid Fearfully","floor":21.0,"gold_loss":3.0,"damage_taken":0.0},{"damage_healed":0.0,"max_hp_gain":0.0,"max_hp_loss":0.0,"gold_gain":0.0,"event_name":"The Library","player_choice":"Read","floor":22.0,"gold_loss":0.0,"damage_taken":0.0,"cards_obtained":["Acrobatics"]},{"damage_healed":0.0,"max_hp_gain":0.0,"max_hp_loss":0.0,"gold_gain":0.0,"event_name":"Ghosts","player_choice":"Ignored","floor":28.0,"gold_loss":0.0,"damage_taken":0.0},{"cards_removed":["Strike_G"],"damage_healed":0.0,"max_hp_gain":0.0,"max_hp_loss":0.0,"gold_gain":0.0,"event_name":"Back to Basics","player_choice":"Elegance","floor":30.0,"gold_loss":0.0,"damage_taken":0.0},{"cards_removed":["Strike_G"],"damage_healed":0.0,"max_hp_gain":0.0,"max_hp_loss":0.0,"gold_gain":0.0,"event_name":"Falling","player_choice":"Removed Attack","floor":38.0,"gold_loss":0.0,"damage_taken":0.0},{"damage_healed":0.0,"max_hp_gain":0.0,"max_hp_loss":0.0,"gold_gain":0.0,"event_name":"Mysterious Sphere","player_choice":"Fight","floor":47.0,"gold_loss":0.0,"damage_taken":0.0},{"damage_healed":0.0,"max_hp_gain":0.0,"max_hp_loss":0.0,"gold_gain":100.0,"event_name":"Golden Shrine","player_choice":"Pray","floor":48.0,"gold_loss":0.0,"damage_taken":0.0}],"is_beta":false,"boss_relics":[{"not_picked":["Velvet Choker","Cursed Key"],"picked":"SacredBark"},{"not_picked":["Philosopher\u0027s Stone","Runic Pyramid"],"picked":"SlaversCollar"}],"items_purged_floors":[39,45],"is_endless":false,"potions_floor_spawned":[1,7,8,14,16,33,35,42],"ascension_level":11}}