{"host":"flk9eme3n59cnu2c","time":1613310368,"event":{"mods":["A Penny For Your Troubles","AchievementEnabler","BaseMod","Better-Laid Plans","Block Reminder","Colored Map","Googly Eyes","Minty Spire (QoL Compilation)","RNG Fix","Rare Cards Sparkle","Relic Stats","Reorder Act Four","Slay-I","StSLib","Weighted Paths"],"gold_per_floor":[119,134,134,134,2,35,49,81,81,231,231,263,263,263,263,337,337,356,2,18,31,44,44,60,70,70,98,148,148,48,48,48],"floor_reached":31,"language":"ENG","playtime":1240,"items_purged":["Doubt","Strike_B"],"score":546,"play_id":"e902b5a0-61ff-471c-9044-ad9754150421","local_time":"20210214074608","is_ascension_mode":true,"campfire_choices":[{"floor":13,"key":"REST"},{"data":"Loop","floor":15,"key":"SMITH"},{"data":"Defragment","floor":23,"key":"SMITH"}],"circlet_count":0,"master_deck":["AscendersBane","Defend_B","Defend_B","Defend_B","Defend_B+1","Zap","Dualcast+1","Bandage Up","Sweeping Beam","Streamline+1","Loop+1","Defragment+1","Cold Snap","Electrodynamics","Rebound+1","Redo+1","Chill+1","FTL","Conserve Battery","Hologram+1","Beam Cell+1","Glacier"],"relics":["Cracked Core","Ice Cream","Happy Flower","Symbiotic Virus","Du-Vu Doll","Astrolabe","ClockworkSouvenir","Mummified Hand","Calipers"],"acts_visited":["Exordium","TheCity"],"potions_floor_usage":[6,12,18,18,18,24,31],"damage_taken":[{"damage":4,"enemies":"Jaw Worm","floor":1,"turns":4},{"damage":2,"enemies":"2 Louse","floor":2,"turns":3},{"damage":8,"enemies":"Gremlin Nob","floor":6,"turns":3},{"damage":0,"enemies":"Small Slimes","floor":7,"turns":3},{"damage":36,"enemies":"Lagavulin","floor":8,"turns":6},{"damage":36,"enemies":"Gremlin Nob","floor":12,"turns":4},{"damage":15,"enemies":"Hexaghost","floor":16,"turns":6},{"damage":15,"enemies":"3 Byrds","floor":18,"turns":3},{"damage":3,"enemies":"2 Thieves","floor":20,"turns":3},{"damage":19,"enemies":"Snecko","floor":21,"turns":5},{"damage":0,"enemies":"Chosen and Byrds","floor":22,"turns":4},{"damage":4,"enemies":"Shelled Parasite and Fungi","floor":24,"turns":4},{"damage":9,"enemies":"Snecko","floor":25,"turns":3},{"damage":13,"enemies":"Slavers","floor":27,"turns":6},{"damage":24,"enemies":"Book of Stabbing","floor":31,"turns":3}],"seed_played":"8663980153468407049","potions_obtained":[{"floor":8,"key":"Strength Potion"},{"floor":12,"key":"EntropicBrew"},{"floor":16,"key":"SteroidPotion"},{"floor":21,"key":"DistilledChaos"}],"is_trial":false,"path_per_floor":["M","M","?","?","$","E","M","E","T","?","?","E","R","?","R","B",null,"M","$","M","M","M","R","M","M","T","E","?","?","$","E"],"character_chosen":"DEFECT","items_purchased":["Loop","Fire Potion","ClockworkSouvenir","FTL","Conserve Battery"],"campfire_rested":1,"item_purchase_floors":[5,5,19,19,19],"current_hp_per_floor":[64,66,66,45,45,41,45,13,13,13,36,4,25,20,20,9,56,45,45,46,31,35,35,35,30,30,21,21,21,21,0,0],"gold":48,"neow_bonus":"RANDOM_COLORLESS","is_daily":false,"chose_seed":false,"campfire_upgraded":2,"win_rate":0.0,"timestamp":1613310368,"path_taken":["M","M","?","?","$","E","M","E","T","?","?","E","R","?","R","BOSS","M","$","M","M","?","R","M","M","T","E","?","?","?","E"],"items_purchased_type":["Card","Potion","Relic","Card","Card"],"build_version":"2020-12-22","purchased_purges":2,"victory":false,"max_hp_per_floor":[71,71,71,71,71,71,71,71,71,71,71,71,71,71,71,71,71,71,71,71,71,71,71,71,71,71,71,71,71,71,71,71],"relic_stats":{"Happy Flower":[13],"counters":[15,60],"Mummified Hand":[4],"Astrolabe":["Rebound","Redo","Chill"],"obtain_stats":[{"Ice Cream":6,"Du-Vu Doll":12,"Calipers":27,"Happy Flower":8,"Mummified Hand":26,"Astrolabe":17,"Cracked Core":0,"Symbiotic Virus":9,"ClockworkSouvenir":19},{"Ice Cream":3,"Du-Vu Doll":6,"Calipers":14,"Happy Flower":5,"Mummified Hand":13,"Astrolabe":7,"Cracked Core":0,"Symbiotic Virus":5,"ClockworkSouvenir":8},{"Ice Cream":10,"Du-Vu Doll":23,"Calipers":57,"Happy Flower":19,"Mummified Hand":51,"Astrolabe":29,"Cracked Core":0,"Symbiotic Virus":19,"ClockworkSouvenir":32}]},"card_choices":[{"not_picked":["Blind","Deep Breath"],"picked":"Bandage Up","floor":0},{"not_picked":["Barrage","Redo"],"picked":"Sweeping Beam","floor":1},{"not_picked":["Melter","Coolheaded"],"picked":"Streamline","floor":2},{"not_picked":["Amplify","Heatsinks","Sweeping Beam"],"picked":"SKIP","floor":6},{"not_picked":["Self Repair","Sweeping Beam"],"picked":"Defragment","floor":7},{"not_picked":["Consume","Barrage"],"picked":"Cold Snap","floor":8},{"not_picked":["Turbo","Blizzard","Streamline"],"picked":"SKIP","floor":12},{"not_picked":["Fission","Multi-Cast"],"picked":"Electrodynamics","floor":16},{"not_picked":["Go for the Eyes","Barrage","Streamline"],"picked":"SKIP","floor":18},{"not_picked":["Heatsinks","Reboot"],"picked":"Hologram+1","floor":20},{"not_picked":["Aggregate","Stack","Sweeping Beam"],"picked":"SKIP","floor":21},{"not_picked":["White Noise","Consume+1"],"picked":"Beam Cell+1","floor":22},{"not_picked":["Storm","Beam Cell","Redo"],"picked":"SKIP","floor":24},{"not_picked":["Coolheaded","Blizzard"],"picked":"Glacier","floor":25},{"not_picked":["Leap","Darkness","Hologram"],"picked":"SKIP","floor":27}],"player_experience":929677,"relics_obtained":[{"floor":6,"key":"Ice Cream"},{"floor":8,"key":"Happy Flower"},{"floor":9,"key":"Symbiotic Virus"},{"floor":12,"key":"Du-Vu Doll"},{"floor":26,"key":"Mummified Hand"},{"floor":27,"key":"Calipers"}],"event_choices":[{"damage_healed":0,"gold_gain":0,"player_choice":"Grow","damage_taken":0,"max_hp_gain":0,"max_hp_loss":0,"event_name":"Living Wall","floor":3,"gold_loss":0,"cards_upgraded":["Streamline"]},{"damage_healed":0,"gold_gain":0,"player_choice":"Entered Light","damage_taken":21,"max_hp_gain":0,"max_hp_loss":0,"event_name":"Shining Light","floor":4,"gold_loss":0,"cards_upgraded":["Defend_B","Dualcast"]},{"damage_healed":0,"gold_gain":150,"player_choice":"AGREE","damage_taken":0,"max_hp_gain":0,"max_hp_loss":0,"event_name":"Liars Game","floor":10,"gold_loss":0,"cards_obtained":["Doubt"]},{"damage_healed":23,"gold_gain":0,"player_choice":"Banana","damage_taken":0,"max_hp_gain":0,"max_hp_loss":0,"event_name":"Big Fish","floor":11,"gold_loss":0},{"damage_healed":0,"gold_gain":0,"player_choice":"Fled","damage_taken":5,"max_hp_gain":0,"max_hp_loss":0,"event_name":"Scrap Ooze","floor":14,"gold_loss":0},{"damage_healed":0,"gold_gain":50,"player_choice":"Stole From Cult","damage_taken":0,"max_hp_gain":0,"max_hp_loss":0,"event_name":"Nest","floor":28,"gold_loss":0},{"damage_healed":0,"gold_gain":0,"player_choice":"Ignored","damage_taken":0,"max_hp_gain":0,"max_hp_loss":0,"event_name":"N\u0027loth","floor":29,"gold_loss":0}],"is_beta":false,"boss_relics":[{"not_picked":["Tiny House","Runic Pyramid"],"picked":"Astrolabe"}],"items_purged_floors":[19,30],"is_endless":false,"potions_floor_spawned":[8,12,16,21,22],"killed_by":"Book of Stabbing","ascension_level":20}}