{"host":"dmtlrev5pkc1867p","time":1613291966,"event":{"mods":["A Magickal Journey","AchievementEnabler","BaseMod","Colored Map","Colored Powertips","Downfall","Hermit","Highlight Path","Hubris","Infinite Spire","Marisa¡]Ãú«B¡@Å]²z¨F¡^","Minty Spire (QoL Compilation)","Permanent Neow","Quick Restart","Rare Cards Sparkle","Relic Sorter","Relic Stats","Replay The Spire","StSLib","SuperFastMode","The Construct","The Cursed","The Disciple","The Hierophant","The Necromancer","The Runesmith","The Servant 0.9.4"],"gold_per_floor":[99,118,128,403,420,34,34,34,34,34,50,76,76,151,51,149,149,167,177,194,194,209,109,109,144,225,125,125,142,142,72,72,170,170,188,202,217,217,15,15,15,199,199,199,199,231,231,266,266,371,371,388,400,410,410,427,39,39,74,74,93,93,108,136,136,136,236,236,236,253,266,276,295,295,321,321,321,337,337,47,47,11,26,121,171,171,186,186,186,205,205,237,237,288,288,288,323,154,154,168,270,270,270,280,293,65,65,96,96,107,107,140,140,150,150,168,275,275,275,287,302,302,302,69,101,129,129,146,146,146,159,173,271,271,271,289,304,323,333,333,333,345,123,138,138,155,167,271,271,271,287,287],"floor_reached":155,"language":"ZHS","playtime":6565,"items_purged":["Regret","Parasite","Replay:Sluggish"],"score":5076,"play_id":"3d4cdba6-c3f0-4e6c-98cd-e2eda2dd7a5a","local_time":"20210214163926","daily_mods":["Blue Cards","Heirloom","Flight","Elite Swarm"],"is_ascension_mode":true,"campfire_choices":[{"floor":1.0,"key":"RECALL"},{"floor":9.0,"key":"REST"},{"floor":13.0,"key":"REST"},{"data":"Zap","floor":15.0,"key":"SMITH"},{"floor":23.0,"key":"REST"},{"floor":27.0,"key":"REST"},{"data":"Coolheaded","floor":28.0,"key":"SMITH"},{"data":"Crystallizer","floor":30.0,"key":"SMITH"},{"data":"ReplayTheSpireMod:Echoes of Time","floor":32.0,"key":"SMITH"},{"data":"Mind Blast","floor":40.0,"key":"SMITH"},{"data":"Genetic Algorithm","floor":43.0,"key":"SMITH"},{"data":"Genetic Algorithm","floor":44.0,"key":"SMITH"},{"data":"ReplaySolidLightProjector","floor":47.0,"key":"SMITH"},{"floor":49.0,"key":"REST"},{"floor":60.0,"key":"REST"},{"floor":62.0,"key":"REST"},{"floor":66.0,"key":"REST"},{"floor":69.0,"key":"REST"},{"floor":77.0,"key":"REST"},{"floor":79.0,"key":"REST"},{"floor":81.0,"key":"REST"},{"floor":86.0,"key":"REST"},{"floor":93.0,"key":"REST"},{"floor":95.0,"key":"REST"},{"floor":96.0,"key":"REST"},{"floor":103.0,"key":"REST"},{"floor":112.0,"key":"REST"},{"floor":114.0,"key":"REST"},{"floor":120.0,"key":"REST"},{"floor":128.0,"key":"REST"},{"floor":130.0,"key":"REST"},{"floor":131.0,"key":"REST"},{"floor":137.0,"key":"REST"},{"floor":142.0,"key":"REST"},{"floor":144.0,"key":"REST"},{"floor":149.0,"key":"REST"},{"floor":154,"key":"REST"}],"circlet_count":0,"master_deck":["AscendersBane","Strike_B+1","Strike_B","Strike_B+2","Strike_B","Defend_B","Defend_B","Defend_B+1","Defend_B+1","Zap+1","Dualcast","Crystallizer+1","hubris:Ukulele","Force Field","Compile Driver","Defragment+1","Defragment+1","FTL","Creative AI+1","Machine Learning+1","Coolheaded+1","Storm+1","Ball Lightning","ReplaySolidLightProjector+1","ReplayTheSpireMod:Echoes of Time+1","hubris:SpecializedCircuitry+1","Self Repair+1","Leap","ReplayTheSpireMod:Calculation Training+1","Heatsinks+1","Genetic Algorithm+1","Genetic Algorithm+1","Echo Form+1","hubris:Wrath","Creative AI+1","Mind Blast+1","infinitespire:UltimateForm+1","Static Discharge+1","Undo+1","Heatsinks+1","Static Discharge+1","FIFO Queue+1","Reinforced Body+1","Replay:Dark Deal","BasicCrystalCard","Machine Learning+1","hubris:DoWhile","Electrodynamics+1","CurseOfTheBell","Streamline","Aggregate+1","Static Discharge+1","Leap","Storm+1","Chill","Hologram","Electrodynamics+1","Hello World+1","ReplaySolidLightProjector","Seek","infinitespire:Starlight+1","Echo Form+1","Aggregate+1","Turbo","Cold Snap+1","Streamline","ReplayTheSpireMod:Black Plague+1","Rainbow","Storm+1","ReplayTheSpireMod:Calculation Training","hubris:PowerSurge+1","BasicCrystalCard","infinitespire:NeuralNetwork+1","Compile Driver","Go for the Eyes+1","infinitespire:SevenWalls","ReplayRNGCard","Hologram+1","Buffer+1","Sadistic Nature+1","Defragment+1","Buffer+1","Lockon","Core Surge+1","Creative AI+1","Cold Snap","Echo Form+1","Conserve Battery+1","BasicCrystalCard","Echo Form+1","Seek","infinitespire:SealOfDarkness+","hubris:Ukulele","Creative AI+1","Rainbow","Redo","Chill","Go for the Eyes+1","Conserve Battery","Hello World+1","Seek","Biased Cognition+1"],"relics":["Cracked Core","StoneCalendar","Shuriken","Nunchaku","Inserter","Counterbalance","Frozen Egg 2","Cables","Ring of Peace","ReplayTheSpireMod:Ninjato","downfall:HeartBlessingGreen","ChewingGum","Painkiller Herb","hubris:CrystalStatue","downfall:HeartBlessingRed","hubris:Zylophone","Toy Ornithopter","downfall:HeartBlessingBlue","ReplayTheSpireMod:SealedPack","hubris:FunFungus","Membership Card","Strawberry","Potion Belt","Simple Rune","Iron Hammer","Calling Bell","infinitespire:CursedDice","hubris:ToyBattleship","Sundial","Mummified Hand","hexamod:CandleOfCauterizing","Quantum Egg","Ancient Tea Set","Fusion Hammer","Busted Crown","Replay:Lucky Slots","Raider\u0027s Mask","Tiny House","CatCart","DollysMirror","Cursed Key","hubris:BallOfYels","hubris:Teleporter","champ:Barbells","hubris:Towel","SlaversCollar","Bird Faced Urn","hubris:HollowSoul","Incense Burner","Chemical X","expansioncontent:StudyCardRelic"],"acts_visited":["Exordium","TheCity","TheBeyond","Exordium","TheCity","TheBeyond","Exordium","TheCity","TheBeyond","Exordium"],"potions_floor_usage":[],"damage_taken":[{"damage":0.0,"enemies":"Small Slimes","floor":2.0,"turns":3.0},{"damage":10.0,"enemies":"infinitespire:Voidling","floor":3.0,"turns":3.0},{"damage":0.0,"enemies":"2 Louse","floor":5.0,"turns":1.0},{"damage":3.0,"enemies":"downfall:FleeingMerchant","floor":6.0,"turns":4.0},{"damage":0.0,"enemies":"Gremlin Gang","floor":11.0,"turns":3.0},{"damage":12.0,"enemies":"Gremlin Nob","floor":12.0,"turns":4.0},{"damage":35.0,"enemies":"DF_ARCHETYPE_STREAMLINE","floor":16.0,"turns":7.0},{"damage":16.0,"enemies":"downfall:LooterAlt2","floor":18.0,"turns":4.0},{"damage":0.0,"enemies":"3 Byrds","floor":19.0,"turns":4.0},{"damage":0.0,"enemies":"Snake Plant","floor":20.0,"turns":2.0},{"damage":0.0,"enemies":"Shelled Parasite and Fungi","floor":22.0,"turns":3.0},{"damage":17.0,"enemies":"Nightmare","floor":25.0,"turns":4.0},{"damage":0.0,"enemies":"Sentry and Sphere","floor":29.0,"turns":3.0},{"damage":0.0,"enemies":"downfall:FleeingMerchant","floor":31.0,"turns":4.0},{"damage":16.0,"enemies":"WA_ARCHETYPE_CALM","floor":33.0,"turns":7.0},{"damage":11.0,"enemies":"3 Darklings","floor":35.0,"turns":4.0},{"damage":0.0,"enemies":"3 Shapes","floor":36.0,"turns":3.0},{"damage":0.0,"enemies":"Sphere and 2 Shapes","floor":37.0,"turns":4.0},{"damage":4.0,"enemies":"downfall:FleeingMerchant","floor":39.0,"turns":4.0},{"damage":0.0,"enemies":"downfall:FleeingMerchant","floor":42.0,"turns":1.0},{"damage":12.0,"enemies":"Nightmare","floor":46.0,"turns":5.0},{"damage":24.0,"enemies":"Reptomancer","floor":48.0,"turns":4.0},{"damage":0.0,"enemies":"IC_BLOCK_ARCHETYPE","floor":50.0,"turns":7.0},{"damage":15.0,"enemies":"Small Slimes","floor":52.0,"turns":2.0},{"damage":0.0,"enemies":"2 Louse","floor":53.0,"turns":2.0},{"damage":0.0,"enemies":"Cultist","floor":54.0,"turns":2.0},{"damage":0.0,"enemies":"2 Fungi Beasts","floor":56.0,"turns":2.0},{"damage":45.0,"enemies":"Nightmare","floor":59.0,"turns":3.0},{"damage":0.0,"enemies":"Exordium Wildlife","floor":61.0,"turns":1.0},{"damage":0.0,"enemies":"Exordium Thugs","floor":63.0,"turns":1.0},{"damage":66.0,"enemies":"Nightmare_Alpha","floor":64.0,"turns":8.0},{"damage":8.0,"enemies":"The Guardian","floor":67.0,"turns":4.0},{"damage":0.0,"enemies":"Spheric Guardian","floor":70.0,"turns":1.0},{"damage":0.0,"enemies":"downfall:LooterAlt2","floor":71.0,"turns":2.0},{"damage":0.0,"enemies":"Shelled Parasite and Fungi","floor":72.0,"turns":3.0},{"damage":0.0,"enemies":"Centurion and Healer","floor":73.0,"turns":3.0},{"damage":72.0,"enemies":"Nightmare_Alpha","floor":75.0,"turns":7.0},{"damage":24.0,"enemies":"Snake Plant","floor":78.0,"turns":2.0},{"damage":0.0,"enemies":"3 Cultists","floor":83.0,"turns":2.0},{"damage":0.0,"enemies":"Collector","floor":84.0,"turns":4.0},{"damage":0.0,"enemies":"3 Darklings","floor":87.0,"turns":2.0},{"damage":0.0,"enemies":"Orb Walker","floor":90.0,"turns":2.0},{"damage":0.0,"enemies":"R_Hoarder","floor":92.0,"turns":4.0},{"damage":0.0,"enemies":"Orin","floor":94.0,"turns":5.0},{"damage":0.0,"enemies":"Giant Head","floor":97.0,"turns":5.0},{"damage":0.0,"enemies":"Sphere and 2 Shapes","floor":100.0,"turns":2.0},{"damage":30.0,"enemies":"infinitespire:MassOfShapes","floor":101.0,"turns":6.0},{"damage":0.0,"enemies":"2 Louse","floor":104.0,"turns":1.0},{"damage":0.0,"enemies":"Jaw Worm","floor":105.0,"turns":2.0},{"damage":27.0,"enemies":"Nightmare","floor":109.0,"turns":4.0},{"damage":0.0,"enemies":"Small Slimes","floor":111.0,"turns":1.0},{"damage":0.0,"enemies":"Gremlin Nob","floor":113.0,"turns":1.0},{"damage":0.0,"enemies":"2 Fungi Beasts","floor":115.0,"turns":1.0},{"damage":0.0,"enemies":"Exordium Wildlife","floor":117.0,"turns":1.0},{"damage":0.0,"enemies":"Hexaghost","floor":118.0,"turns":2.0},{"damage":0.0,"enemies":"Chosen","floor":121.0,"turns":1.0},{"damage":0.0,"enemies":"downfall:LooterAlt2","floor":122.0,"turns":1.0},{"damage":14.0,"enemies":"Book of Stabbing","floor":126.0,"turns":2.0},{"damage":24.0,"enemies":"Gremlin Leader","floor":127.0,"turns":2.0},{"damage":0.0,"enemies":"3 Cultists","floor":129.0,"turns":2.0},{"damage":0.0,"enemies":"Snecko","floor":132.0,"turns":1.0},{"damage":0.0,"enemies":"Snake Plant","floor":134.0,"turns":1.0},{"damage":22.0,"enemies":"Automaton","floor":135.0,"turns":4.0},{"damage":0.0,"enemies":"3 Shapes","floor":138.0,"turns":1.0},{"damage":0.0,"enemies":"Orb Walker","floor":139.0,"turns":1.0},{"damage":0.0,"enemies":"Transient","floor":140.0,"turns":5.0},{"damage":0.0,"enemies":"Maw","floor":141.0,"turns":2.0},{"damage":0.0,"enemies":"Sphere and 2 Shapes","floor":145.0,"turns":1.0},{"damage":0.0,"enemies":"4 Shapes","floor":147.0,"turns":2.0},{"damage":0.0,"enemies":"Jaw Worm Horde","floor":150.0,"turns":2.0},{"damage":0,"enemies":"Transient","floor":151,"turns":4},{"damage":0,"enemies":"infinitespire:LordOfFortification","floor":152,"turns":1},{"damage":0,"enemies":"2 Louse","floor":155,"turns":1}],"seed_played":"-4338534427634366794","potions_obtained":[{"floor":11.0,"key":"Fire Potion"},{"floor":12.0,"key":"SteroidPotion"},{"floor":19.0,"key":"SteroidPotion"},{"floor":20.0,"key":"champ:CounterPotion"},{"floor":22.0,"key":"SkillPotion"},{"floor":35.0,"key":"Slimebound:ThreeZeroPotion"},{"floor":37.0,"key":"SkillPotion"},{"floor":48.0,"key":"LifebloodPotion"},{"floor":59.0,"key":"FearPotion"},{"floor":61.0,"key":"Block Potion"},{"floor":63.0,"key":"PowerPotion"},{"floor":64.0,"key":"Toxic Potion"},{"floor":71.0,"key":"FairyPotion"},{"floor":84.0,"key":"BlessingOfTheForge"},{"floor":87.0,"key":"PotionOfCapacity"},{"floor":132.0,"key":"Fire Potion"},{"floor":134.0,"key":"Guardian:BlockOnCardUsePotion"},{"floor":152,"key":"Milkshake"}],"is_trial":true,"path_per_floor":["R","M","M","?","M","$","T","?","R","?","M","E","R","?","R","B",null,"M","M","M","AVR","?","T","T","NM","?","T","T","?","T","T","T","B",null,"?","?","?","AVR","T","T","T","T","T","T","?","NM","T","E","T","B",null,"?","?","?","?","?","T","T","NM","T","?","T","?","NM","AVR","T","B",null,"T","?","?","?","?","?","NM","AVR","T","?","T","T","T","T","?","B",null,"T","?","AVR","T","?","?","E","T","?","T","T","E","T","?","?","B",null,"T","?","?","T","T","NM","AVR","?","T","E","T","?","?","?","B",null,"T","?","?","?","AVR","T","E","E","T","?","T","T","?","?","B",null,"T","?","?","?","?","T","T","?","T","?","T","?","?","B",null,"T","?"],"character_chosen":"DEFECT","items_purchased":["Frozen Egg 2","Defragment+1","Genetic Algorithm","Membership Card","FIFO Queue+1","Potion Belt","Replay:Dark Deal","Mummified Hand","Storm+1","Chill","hexamod:CandleOfCauterizing","Hologram","Storm+1","Raider\u0027s Mask","ReplayTheSpireMod:Calculation Training","Shuriken","hubris:PowerSurge+1","Sadistic Nature+1","DollysMirror","hubris:BallOfYels","hubris:Teleporter","Bird Faced Urn","hubris:Ukulele","Incense Burner","Chemical X"],"campfire_rested":28,"item_purchase_floors":[6,6,31,39,39,42,42,57,57,57,57,57,80,80,80,80,82,98,98,106,106,125,125,146,146],"current_hp_per_floor":[68,68,58,58,58,55,55,55,75,75,75,63,75,64,64,29,64,48,48,48,48,48,70,70,53,53,85,85,85,85,85,85,79,84,73,83,83,83,80,80,87,87,87,87,87,75,75,51,78,92,92,77,77,77,92,92,89,89,44,70,70,89,89,39,39,65,80,87,89,89,89,89,89,72,32,32,60,39,67,67,94,94,94,94,99,99,99,99,99,99,74,77,99,99,99,99,99,99,99,99,79,94,99,99,99,99,99,84,84,84,99,99,99,99,99,99,99,99,99,99,99,99,99,99,94,91,99,99,99,99,99,99,99,99,99,99,99,99,99,99,99,99,99,99,99,99,99,99,99,99,99,99],"gold":287,"neow_bonus":"","is_daily":false,"chose_seed":false,"campfire_upgraded":8,"win_rate":0.0,"timestamp":1613291966,"path_taken":["R","M","M","?","?","$","T","?","R","?","?","E","R","?","R","BOSS","M","M","M","AVR","?","T","T","NM","?","T","T","?","T","T","T","BOSS","BOSS","?","?","?","AVR","T","T","T","T","T","T","?","NM","T","E","T","BOSS","?","?","?","?","?","T","T","NM","T","?","T","?","NM","AVR","T","BOSS","?","?","?","?","?","?","NM","AVR","T","?","T","T","T","T","?","BOSS","BOSS","T","?","AVR","T","?","?","E","T","?","T","T","E","T","?","?","BOSS","BOSS","T","?","?","T","T","NM","AVR","?","T","E","T","?","?","?","BOSS","T","?","?","?","AVR","T","E","E","T","?","T","T","?","?","BOSS","BOSS","T","?","?","?","?","T","T","?","T","?","T","?","?","BOSS","T","?"],"items_purchased_type":["Relic","Card","Card","Relic","Card","Relic","Card","Relic","Card","Card","Relic","Card","Card","Relic","Card","Relic","Card","Card","Relic","Relic","Relic","Relic","Card","Relic","Relic"],"build_version":"2020-12-22","purchased_purges":3,"victory":false,"max_hp_per_floor":[75,75,75,75,75,75,75,75,75,75,75,75,75,75,75,75,75,75,75,75,75,75,75,75,75,75,85,85,85,85,85,85,85,85,85,85,85,85,85,85,92,92,92,92,92,92,92,92,92,92,92,92,92,92,92,92,89,89,89,89,89,89,89,89,89,89,89,89,89,89,89,89,89,94,94,94,94,94,94,94,94,94,94,94,99,99,99,99,99,99,99,99,99,99,99,99,99,99,99,99,99,99,99,99,99,99,99,99,99,99,99,99,99,99,99,99,99,99,99,99,99,99,99,99,99,99,99,99,99,99,99,99,99,99,99,99,99,99,99,99,99,99,99,99,99,99,99,99,99,99,99,99],"relic_stats":{"Inserter":[48],"counters":[73,210],"StoneCalendar":[0],"Cursed Key":0,"Cables":[151,104,4,43,0],"Nunchaku":[6],"Busted Crown":156,"Shuriken":[7],"Sundial":[0],"Mummified Hand":[454],"Bird Faced Urn":[17],"Chemical X":[3],"obtain_stats":[{"hubris:BallOfYels":106,"hubris:CrystalStatue":21,"Tiny House":85,"downfall:HeartBlessingGreen":15,"Raider\u0027s Mask":80,"Sundial":51,"DollysMirror":98,"Strawberry":41,"Iron Hammer":48,"Fusion Hammer":68,"champ:Barbells":110,"hubris:Teleporter":106,"Counterbalance":0,"ReplayTheSpireMod:SealedPack":34,"hubris:HollowSoul":136,"Cables":7,"hubris:Zylophone":25,"SlaversCollar":119,"Shuriken":80,"Bird Faced Urn":125,"Simple Rune":46,"hubris:ToyBattleship":51,"CatCart":94,"Painkiller Herb":21,"StoneCalendar":124,"Incense Burner":146,"expansioncontent:StudyCardRelic":153,"Ancient Tea Set":65,"Cursed Key":102,"Nunchaku":88,"downfall:HeartBlessingBlue":27,"Mummified Hand":57,"Ring of Peace":8,"hubris:FunFungus":38,"Replay:Lucky Slots":76,"Chemical X":146,"Cracked Core":0,"Potion Belt":42,"hexamod:CandleOfCauterizing":57,"ReplayTheSpireMod:Ninjato":12,"Inserter":65,"downfall:HeartBlessingRed":23,"infinitespire:CursedDice":51,"Quantum Egg":58,"Frozen Egg 2":6,"hubris:Towel":116,"Calling Bell":51,"Busted Crown":76,"ChewingGum":17,"Membership Card":39,"Toy Ornithopter":26},{"hubris:BallOfYels":49,"hubris:CrystalStatue":10,"Tiny House":40,"downfall:HeartBlessingGreen":6,"Raider\u0027s Mask":38,"Sundial":23,"DollysMirror":45,"Strawberry":19,"Iron Hammer":22,"Fusion Hammer":32,"champ:Barbells":50,"hubris:Teleporter":49,"Counterbalance":0,"ReplayTheSpireMod:SealedPack":15,"hubris:HollowSoul":63,"Cables":4,"hubris:Zylophone":12,"SlaversCollar":55,"Shuriken":38,"Bird Faced Urn":57,"Simple Rune":21,"hubris:ToyBattleship":23,"CatCart":44,"Painkiller Herb":10,"StoneCalendar":57,"Incense Burner":68,"expansioncontent:StudyCardRelic":72,"Ancient Tea Set":31,"Cursed Key":47,"Nunchaku":41,"downfall:HeartBlessingBlue":12,"Mummified Hand":27,"Ring of Peace":4,"hubris:FunFungus":18,"Replay:Lucky Slots":37,"Chemical X":68,"Cracked Core":0,"Potion Belt":20,"hexamod:CandleOfCauterizing":27,"ReplayTheSpireMod:Ninjato":6,"Inserter":31,"downfall:HeartBlessingRed":11,"infinitespire:CursedDice":23,"Quantum Egg":27,"Frozen Egg 2":4,"hubris:Towel":53,"Calling Bell":23,"Busted Crown":37,"ChewingGum":7,"Membership Card":19,"Toy Ornithopter":12},{"hubris:BallOfYels":166,"hubris:CrystalStatue":35,"Tiny House":137,"downfall:HeartBlessingGreen":18,"Raider\u0027s Mask":131,"Sundial":88,"DollysMirror":155,"Strawberry":71,"Iron Hammer":81,"Fusion Hammer":113,"champ:Barbells":170,"hubris:Teleporter":166,"Counterbalance":0,"ReplayTheSpireMod:SealedPack":56,"hubris:HollowSoul":190,"Cables":11,"hubris:Zylophone":42,"SlaversCollar":176,"Shuriken":131,"Bird Faced Urn":178,"Simple Rune":77,"hubris:ToyBattleship":88,"CatCart":150,"Painkiller Herb":35,"StoneCalendar":178,"Incense Burner":200,"expansioncontent:StudyCardRelic":209,"Ancient Tea Set":109,"Cursed Key":163,"Nunchaku":139,"downfall:HeartBlessingBlue":42,"Mummified Hand":96,"Ring of Peace":11,"hubris:FunFungus":67,"Replay:Lucky Slots":129,"Chemical X":200,"Cracked Core":0,"Potion Belt":72,"hexamod:CandleOfCauterizing":96,"ReplayTheSpireMod:Ninjato":18,"Inserter":109,"downfall:HeartBlessingRed":38,"infinitespire:CursedDice":88,"Quantum Egg":96,"Frozen Egg 2":11,"hubris:Towel":173,"Calling Bell":88,"Busted Crown":129,"ChewingGum":25,"Membership Card":71,"Toy Ornithopter":42}],"Toy Ornithopter":15},"card_choices":[{"not_picked":["Sweeping Beam","Rebound"],"picked":"Crystallizer","floor":2.0},{"not_picked":["Tempest","ReplayTheSpireMod:GoodbyeWorld"],"picked":"hubris:Ukulele","floor":3.0},{"not_picked":["ReplaySort","BasicCrystalCard"],"picked":"Force Field","floor":5.0},{"not_picked":["ReplayTheSpireMod:System Scan","Double Energy"],"picked":"Compile Driver","floor":6.0},{"not_picked":["Beam Cell","Blizzard"],"picked":"FTL","floor":11.0},{"not_picked":["hubris:SpecializedCircuitry+1","Amplify"],"picked":"Creative AI+1","floor":12.0},{"not_picked":["hubris:Prefetch","Thunder Strike"],"picked":"Machine Learning+1","floor":16.0},{"not_picked":["Cold Snap","Sweeping Beam"],"picked":"Coolheaded","floor":18.0},{"not_picked":["Rebound","Gash"],"picked":"Storm+1","floor":19.0},{"not_picked":["Panic Button","Rebound"],"picked":"Ball Lightning","floor":20.0},{"not_picked":["Beam Cell","Compile Driver+1"],"picked":"ReplaySolidLightProjector","floor":22.0},{"not_picked":["Replay:Fractal Strike","infinitespire:Execution"],"picked":"ReplayTheSpireMod:Echoes of Time","floor":25.0},{"not_picked":["ReplayTheSpireMod:Omega Cannon","Core Surge"],"picked":"hubris:SpecializedCircuitry+1","floor":25.0},{"not_picked":["Leap","Go for the Eyes"],"picked":"Self Repair+1","floor":26.0},{"not_picked":["ReplayTheSpireMod:System Scan","Beam Cell"],"picked":"Leap","floor":26.0},{"not_picked":["Conserve Battery","Stack+1"],"picked":"ReplayTheSpireMod:Calculation Training+1","floor":29.0},{"not_picked":["Ball Lightning+1","Coolheaded"],"picked":"Heatsinks+1","floor":31.0},{"not_picked":["All For One","Multi-Cast"],"picked":"Echo Form+1","floor":33.0},{"not_picked":["Machine Learning","Mirror Shield"],"picked":"Creative AI","floor":34.0},{"not_picked":["Replay:Sssssssssshield","Blind"],"picked":"Mind Blast","floor":34.0},{"not_picked":["infinitespire:Starlight","hubris:Fate"],"picked":"infinitespire:UltimateForm","floor":34.0},{"not_picked":["hermit:Snapshot","MasterSpark"],"picked":"bronze:Replicate","floor":34.0},{"not_picked":["Rip and Tear+1","Steam"],"picked":"Static Discharge+1","floor":35.0},{"not_picked":["Gash+1","ReplaySort"],"picked":"Undo+1","floor":36.0},{"not_picked":["Meteor Strike","Ball Lightning+1"],"picked":"Heatsinks+1","floor":37.0},{"not_picked":["Leap","Rebound"],"picked":"Static Discharge+1","floor":39.0},{"not_picked":["Meteor Strike","Reprogram+1"],"picked":"Reinforced Body+1","floor":42.0},{"not_picked":["Mirror Shield","Meteor Strike"],"picked":"Machine Learning+1","floor":46.0},{"not_picked":["Fission","hubris:SpecializedCircuitry+1"],"picked":"hubris:DoWhile","floor":48.0},{"not_picked":["ReplayTheSpireMod:Omega Cannon","Multi-Cast"],"picked":"Electrodynamics+1","floor":50.0},{"not_picked":["Rebound","Reprogram"],"picked":"Streamline","floor":52.0},{"not_picked":["Go for the Eyes","Beam Cell"],"picked":"Aggregate","floor":53.0},{"not_picked":["Force Field","Hologram"],"picked":"Static Discharge+1","floor":54.0},{"not_picked":["Gash","Redo"],"picked":"Leap","floor":56.0},{"not_picked":["All For One","hubris:DoWhile"],"picked":"Electrodynamics+1","floor":59.0},{"not_picked":["Chill","Cold Snap"],"picked":"Hello World+1","floor":61.0},{"not_picked":["Cold Snap","Beam Cell"],"picked":"ReplaySolidLightProjector","floor":63.0},{"not_picked":["Amplify","ReplayTheSpireMod:Fabricate Wheel"],"picked":"Seek","floor":64.0},{"not_picked":["Biased Cognition+1","Electrodynamics+1"],"picked":"Echo Form+1","floor":67.0},{"not_picked":["Sweeping Beam+1","Leap"],"picked":"Aggregate+1","floor":70.0},{"not_picked":["Rebound+1","Compile Driver"],"picked":"Turbo","floor":71.0},{"not_picked":["Go for the Eyes","Multi-Cast"],"picked":"Cold Snap","floor":72.0},{"not_picked":["Beam Cell","Rebound"],"picked":"Streamline","floor":73.0},{"not_picked":["infinitespire:Oblivion","Replay:Fractal Strike"],"picked":"ReplayTheSpireMod:Black Plague","floor":75.0},{"not_picked":["Meteor Strike","Multi-Cast"],"picked":"Rainbow","floor":75.0},{"not_picked":["Redo"],"picked":"SKIP","floor":78.0},{"not_picked":[],"picked":"BasicCrystalCard","floor":83.0},{"not_picked":["ReplayTheSpireMod:Echoes of Time","ReplayTheSpireMod:Haul"],"picked":"infinitespire:NeuralNetwork","floor":87.0},{"not_picked":[],"picked":"Compile Driver","floor":87.0},{"not_picked":["Go for the Eyes+1"],"picked":"SKIP","floor":90.0},{"not_picked":[],"picked":"Go for the Eyes+1","floor":90.0},{"not_picked":["infinitespire:Menacing","ReplayTheSpireMod:Haul"],"picked":"infinitespire:SevenWalls","floor":91.0},{"not_picked":[],"picked":"ReplayRNGCard","floor":92.0},{"not_picked":[],"picked":"Hologram+1","floor":94.0},{"not_picked":[],"picked":"Buffer+1","floor":97.0},{"not_picked":["Doom and Gloom"],"picked":"SKIP","floor":100.0},{"not_picked":[],"picked":"Buffer+1","floor":101.0},{"not_picked":["Sweeping Beam"],"picked":"SKIP","floor":104.0},{"not_picked":[],"picked":"Lockon","floor":105.0},{"not_picked":[],"picked":"Core Surge","floor":109.0},{"not_picked":["ReplayTheSpireMod:Reroute Power"],"picked":"SKIP","floor":111.0},{"not_picked":[],"picked":"Creative AI+1","floor":113.0},{"not_picked":["Hologram"],"picked":"SKIP","floor":115.0},{"not_picked":[],"picked":"Cold Snap","floor":117.0},{"not_picked":[],"picked":"Echo Form+1","floor":118.0},{"not_picked":[],"picked":"Conserve Battery","floor":121.0},{"not_picked":[],"picked":"BasicCrystalCard","floor":122.0},{"not_picked":[],"picked":"Creative AI+1","floor":126.0},{"not_picked":[],"picked":"Rainbow","floor":127.0},{"not_picked":[],"picked":"Redo","floor":129.0},{"not_picked":[],"picked":"Chill","floor":132.0},{"not_picked":[],"picked":"Go for the Eyes","floor":134.0},{"not_picked":["Panic Button+1"],"picked":"SKIP","floor":138.0},{"not_picked":["Sweeping Beam"],"picked":"SKIP","floor":139.0},{"not_picked":[],"picked":"Conserve Battery","floor":140.0},{"not_picked":[],"picked":"Hello World+1","floor":141.0},{"not_picked":["Redo+1"],"picked":"SKIP","floor":145.0},{"not_picked":[],"picked":"Seek","floor":147.0},{"not_picked":["Redo+1"],"picked":"SKIP","floor":150.0},{"not_picked":["Doom and Gloom+1"],"picked":"SKIP","floor":151},{"not_picked":[],"picked":"Biased Cognition+1","floor":152}],"player_experience":698156,"relics_obtained":[{"floor":7.0,"key":"Cables"},{"floor":8.0,"key":"Ring of Peace"},{"floor":12.0,"key":"ReplayTheSpireMod:Ninjato"},{"floor":25.0,"key":"hubris:Zylophone"},{"floor":26.0,"key":"Toy Ornithopter"},{"floor":41.0,"key":"Strawberry"},{"floor":46.0,"key":"Simple Rune"},{"floor":48.0,"key":"Iron Hammer"},{"floor":51.0,"key":"infinitespire:CursedDice"},{"floor":51.0,"key":"hubris:ToyBattleship"},{"floor":51.0,"key":"Sundial"},{"floor":58.0,"key":"Quantum Egg"},{"floor":94.0,"key":"CatCart"}],"event_choices":[{"damage_healed":0.0,"max_hp_gain":0.0,"max_hp_loss":0.0,"gold_gain":75.0,"event_name":"World of Goop","player_choice":"Gather Gold","floor":14.0,"gold_loss":0.0,"damage_taken":11.0},{"damage_healed":23.0,"max_hp_gain":0.0,"max_hp_loss":0.0,"gold_gain":0.0,"event_name":"Mushrooms","player_choice":"Healed and dodged fight","floor":55.0,"gold_loss":0.0,"damage_taken":0.0,"cards_obtained":["Parasite"]},{"damage_healed":0.0,"max_hp_gain":0.0,"max_hp_loss":0.0,"gold_gain":0.0,"event_name":"OrinTheCat","player_choice":"Fight","floor":94.0,"gold_loss":0.0,"damage_taken":0.0},{"cards_removed":["bronze:Replicate"],"damage_healed":0.0,"max_hp_gain":0.0,"max_hp_loss":0.0,"gold_gain":0.0,"event_name":"Falling","player_choice":"Removed Attack","floor":99.0,"gold_loss":0.0,"damage_taken":0.0}],"is_beta":false,"boss_relics":[{"not_picked":["Black Star","FrozenCore"],"picked":"ChewingGum"},{"not_picked":["Replay:Ancient Bell","Ring of Chaos"],"picked":"ReplayTheSpireMod:SealedPack"},{"not_picked":["infinitespire:Cupcake","Runic Pyramid"],"picked":"Calling Bell"},{"not_picked":["Replay:Ancient Bell","hubris:CrackedHourglass"],"picked":"Fusion Hammer"},{"not_picked":["ReplayTheSpireMod:DimensionalGlitch","Empty Cage"],"picked":"Tiny House"},{"not_picked":["infinitespire:Cupcake","Snecko Heart"],"picked":"Cursed Key"},{"not_picked":["construct:WeddingRing","hubris:VirtuousBlindfold"],"picked":"SlaversCollar"},{"not_picked":["Ring of Chaos","Replay:Grab Bag"],"picked":"hubris:HollowSoul"},{"not_picked":["bronze:MakeshiftBattery","Sozu"],"picked":"expansioncontent:StudyCardRelic"}],"items_purged_floors":[6,57,125],"is_endless":true,"potions_floor_spawned":[11,12,19,20,22,35,37,48,59,61,63,64,71,72,73,84,87,97,104,115,118,122,132,134,145,150,152],"killed_by":"2 Louse","ascension_level":10}}