{"host":"ljaiy5ygc2blx6r2","time":1613304449,"event":{"mods":["Act Like it!","Arknights","BaseMod","Better Vampires","Challenge The Spire","Colored Powertips","Conspire","HornydragonMod","Marisa（F雨　魔理沙）","Minty Spire (QoL Compilation)","Pale of the Ancients","Reimu（博丽灵梦）","Reliquary","Remilia（蕾米莉亚）","Replay The Spire","RumiaBox-露米娅的神秘盒子","SOS（斯巴达之子）","StSLib","TestMod","The Administrix","The Animator","The Bug Knight","The Cursed","The Gatherer","The IronCluck","The Runesmith","The Servant 0.9.4","UnlockEverythingMod","[IsaacMod]以撒尖塔","【功能Mod】聪明的最终Boss","【遗物卡牌】REMEMod","篝火指南"],"gold_per_floor":[113,188,138,156,556,584,584,597,597,597,612,643,643,677,677,772,772,742,742],"floor_reached":18,"language":"ZHS","playtime":490,"items_purged":[],"score":234,"play_id":"13f49078-91fe-41f2-9704-4853a428a527","local_time":"20210214200729","is_ascension_mode":true,"campfire_choices":[{"data":"Berserk","floor":7.0,"key":"SMITH"},{"data":"ats:Shadow Assault","floor":10.0,"key":"SMITH"},{"floor":13.0,"key":"REST"},{"data":"Armaments","floor":15.0,"key":"SMITH"}],"circlet_count":0,"master_deck":["Strike_R","Strike_R","Strike_R","Strike_R","Defend_R","Defend_R","Defend_R","Defend_R","Bash","BettingIsNotGood","ats:Shadow Assault+1","Headbutt","Thunderclap","Berserk+1","ReplayTheSpireMod:Stacked","Heavy Blade","Armaments+1","Wild Strike","Offering"],"relics":["Black Blood","testmod-TestBox","REME_ComplimentaryCards","BookOfRevelations","testmod-EnergyCheck","NeowsBlessing","Baka","ats:Originium","conspire:Dentures","Tiny Chest","Replay:Wax Seal"],"acts_visited":["Exordium","TheCity"],"potions_floor_usage":[],"damage_taken":[{"damage":0.0,"enemies":"Small Slimes","floor":1.0,"turns":1.0},{"damage":0.0,"enemies":"2 Louse","floor":4.0,"turns":2.0},{"damage":0.0,"enemies":"3 Sentries","floor":6.0,"turns":2.0},{"damage":0.0,"enemies":"Jaw Worm","floor":8.0,"turns":2.0},{"damage":16.0,"enemies":"Exordium Thugs","floor":11.0,"turns":5.0},{"damage":40.0,"enemies":"Gremlin Nob","floor":12.0,"turns":5.0},{"damage":8.0,"enemies":"Blue Slaver","floor":14.0,"turns":4.0},{"damage":43.0,"enemies":"Hexaghost","floor":16.0,"turns":6.0},{"damage":17,"enemies":"2 Thieves","floor":18,"turns":2}],"seed_played":"1715672509687983208","potions_obtained":[{"floor":1.0,"key":"FearPotion"},{"floor":8.0,"key":"GamblersBrew"},{"floor":12.0,"key":"testmod-TestPotion"},{"floor":14.0,"key":"Adrenaline Potion"}],"is_trial":false,"path_per_floor":["M","?","?","M","?","E","R","M","T","R","M","E","R","M","R","B",null,"M"],"character_chosen":"IRONCLAD","items_purchased":[],"campfire_rested":1,"item_purchase_floors":[],"current_hp_per_floor":[80,69,69,80,80,80,80,80,80,80,70,36,60,58,58,21,80,47,47],"gold":742,"neow_bonus":"THREE_ENEMY_KILL","is_daily":false,"chose_seed":false,"campfire_upgraded":3,"win_rate":0.0,"timestamp":1613304449,"path_taken":["M","?","?","M","?","E","R","?","T","R","M","E","R","M","R","BOSS","M"],"items_purchased_type":[],"build_version":"2020-12-22","purchased_purges":0,"victory":false,"max_hp_per_floor":[80,80,80,80,80,80,80,80,80,80,80,80,80,80,80,80,80,89,89],"card_choices":[{"not_picked":[],"picked":"BettingIsNotGood","floor":0.0},{"not_picked":["Cleave","Iron Wave"],"picked":"Headbutt","floor":1.0},{"not_picked":["Warcry","Havoc"],"picked":"Thunderclap","floor":4.0},{"not_picked":["Burning Pact","Perfected Strike"],"picked":"Berserk","floor":6.0},{"not_picked":["Pommel Strike","True Grit"],"picked":"ReplayTheSpireMod:Stacked","floor":8.0},{"not_picked":["Abandon","Thunderclap"],"picked":"Heavy Blade","floor":11.0},{"not_picked":["Burning Pact","Ghostly Armor"],"picked":"Armaments","floor":12.0},{"not_picked":["Anger","Clash"],"picked":"Wild Strike","floor":14.0},{"not_picked":["Juggernaut","conspire:HitWhereItHurts"],"picked":"Offering","floor":16.0}],"player_experience":213687,"relics_obtained":[{"floor":1.0,"key":"Baka"},{"floor":6.0,"key":"ats:Originium"},{"floor":6.0,"key":"conspire:Dentures"},{"floor":9.0,"key":"Tiny Chest"},{"floor":12.0,"key":"ats:Originium"},{"floor":12.0,"key":"Replay:Wax Seal"}],"event_choices":[{"damage_healed":0.0,"max_hp_gain":0.0,"max_hp_loss":0.0,"gold_gain":75.0,"event_name":"World of Goop","player_choice":"Gather Gold","floor":2.0,"gold_loss":0.0,"damage_taken":11.0},{"cards_removed":["Strike_R"],"damage_healed":0.0,"max_hp_gain":0.0,"max_hp_loss":0.0,"gold_gain":0.0,"event_name":"The Cleric","player_choice":"Card Removal","floor":3.0,"gold_loss":50.0,"damage_taken":0.0},{"damage_healed":0.0,"max_hp_gain":0.0,"max_hp_loss":0.0,"gold_gain":400.0,"event_name":"恩洛斯的盘子","player_choice":"Sell","floor":5.0,"relics_lost":["HushsDoor"],"gold_loss":0.0,"damage_taken":0.0}],"is_beta":false,"boss_relics":[{"not_picked":["Runesmith:UraniumAnvil","Velvet Choker"],"picked":"Black Blood"}],"items_purged_floors":[],"is_endless":false,"potions_floor_spawned":[1,8,12,14],"killed_by":"2 Thieves","ascension_level":4}}