{"host":"mnpd8gh7cwxsn5kh","time":1613326515,"event":{"mods":["BaseMod","Bestiary","Block Reminder","Colored Map","Colored Powertips","Highlight Path","Minty Spire (QoL Compilation)","Relic Sorter","Relic Stats"],"gold_per_floor":[115,134,146,221,240,267,267,299,299,299,326,342,371,388,388,459,459,471,148,159,159,178,178,205,205,205,205,224,224,243,98,98,182,182,196,214,230,255,255,255,282,282,282,324,324,32,0,52,52,52],"floor_reached":51,"language":"ENG","playtime":5573,"items_purged":["Strike_R","Combust","Purity"],"score":1393,"play_id":"f97846c5-c0e9-4101-88d6-9aabe1d97bde","local_time":"20210214191515","is_ascension_mode":true,"campfire_choices":[{"data":"Carnage","floor":7,"key":"SMITH"},{"floor":15,"key":"REST"},{"floor":23,"key":"REST"},{"data":"Corruption","floor":25,"key":"SMITH"},{"data":"Dark Embrace","floor":27,"key":"SMITH"},{"data":"Feel No Pain","floor":29,"key":"SMITH"},{"floor":32,"key":"REST"},{"data":"Inflame","floor":40,"key":"SMITH"},{"data":"Limit Break","floor":42,"key":"SMITH"},{"data":"Entrench","floor":45,"key":"SMITH"},{"data":"True Grit","floor":49,"key":"SMITH"}],"circlet_count":0,"master_deck":["AscendersBane","Defend_R","Defend_R","Defend_R","Bash","Reaper+1","Armaments+1","Seeing Red+1","Fire Breathing+1","Iron Wave","Carnage+1","Inflame+1","Corruption+1","Twin Strike","Dark Embrace+1","Pommel Strike+1","True Grit+1","Fiend Fire+1","Ghostly Armor","Feel No Pain+1","Pummel+1","Ghostly Armor","Thunderclap+1","Warcry","Shockwave","Limit Break+1","True Grit","Shrug It Off","Impervious","Thinking Ahead","Shrug It Off","Entrench+1"],"relics":["Astrolabe","Sundial","Dead Branch","Kunai","Matryoshka","WingedGreaves","Mark of Pain","Orrery","Juzu Bracelet","CeramicFish","Unceasing Top","Sozu","Prayer Wheel","Akabeko","InkBottle","Blood Vial","Whetstone","Red Mask","Champion Belt"],"acts_visited":["Exordium","TheCity","TheBeyond"],"potions_floor_usage":[6,6,16,24],"damage_taken":[{"damage":0,"enemies":"Jaw Worm","floor":1,"turns":3},{"damage":1,"enemies":"2 Louse","floor":2,"turns":3},{"damage":4,"enemies":"Small Slimes","floor":3,"turns":4},{"damage":8,"enemies":"Blue Slaver","floor":5,"turns":6},{"damage":0,"enemies":"Gremlin Nob","floor":6,"turns":2},{"damage":15,"enemies":"Lagavulin","floor":8,"turns":7},{"damage":10,"enemies":"3 Sentries","floor":11,"turns":4},{"damage":33,"enemies":"Gremlin Gang","floor":12,"turns":8},{"damage":22,"enemies":"Lagavulin","floor":13,"turns":5},{"damage":0,"enemies":"Looter","floor":14,"turns":2},{"damage":55,"enemies":"The Guardian","floor":16,"turns":12},{"damage":33,"enemies":"2 Thieves","floor":18,"turns":3},{"damage":21,"enemies":"3 Byrds","floor":20,"turns":5},{"damage":0,"enemies":"Centurion and Healer","floor":22,"turns":5},{"damage":29,"enemies":"Slavers","floor":24,"turns":5},{"damage":24,"enemies":"Cultist and Chosen","floor":28,"turns":4},{"damage":7,"enemies":"Sentry and Sphere","floor":30,"turns":7},{"damage":3,"enemies":"Automaton","floor":33,"turns":7},{"damage":0,"enemies":"3 Shapes","floor":35,"turns":5},{"damage":0,"enemies":"Orb Walker","floor":37,"turns":3},{"damage":0,"enemies":"Sphere and 2 Shapes","floor":38,"turns":4},{"damage":11,"enemies":"Reptomancer","floor":41,"turns":6},{"damage":11,"enemies":"Giant Head","floor":44,"turns":5},{"damage":3,"enemies":"2 Orb Walkers","floor":48,"turns":3},{"damage":28,"enemies":"Time Eater","floor":50,"turns":9}],"seed_played":"8897825807008855603","potions_obtained":[{"floor":1,"key":"LiquidMemories"},{"floor":5,"key":"BlessingOfTheForge"},{"floor":8,"key":"BloodPotion"},{"floor":12,"key":"SpeedPotion"},{"floor":16,"key":"BloodPotion"},{"floor":30,"key":"Fire Potion"},{"floor":33,"key":"DuplicationPotion"}],"is_trial":false,"path_per_floor":["M","M","M","?","M","E","R","E","T","?","E","M","E","M","R","B",null,"M","$","M","?","M","R","E","R","T","R","M","R","M","$","R","B",null,"M","?","M","M","?","R","E","R","T","E","R","$","?","?","R","B",null],"character_chosen":"IRONCLAD","items_purchased":["Feel No Pain","Orrery","Shrug It Off","Whetstone"],"campfire_rested":3,"item_purchase_floors":[19,19,31,46],"current_hp_per_floor":[75,74,71,60,55,55,55,47,47,47,64,36,19,19,41,11,59,26,26,14,14,24,46,42,42,42,42,28,28,34,34,56,66,73,73,63,63,72,72,72,75,75,75,71,71,71,71,70,70,60],"gold":52,"neow_bonus":"BOSS_RELIC","is_daily":false,"chose_seed":false,"campfire_upgraded":8,"win_rate":0.0,"timestamp":1613326515,"path_taken":["M","M","M","?","M","E","R","E","T","?","E","M","E","M","R","BOSS","M","$","M","?","M","R","E","R","T","R","M","R","M","$","R","BOSS","M","?","M","M","?","R","E","R","T","E","R","$","?","?","R","BOSS"],"items_purchased_type":["Card","Relic","Card","Relic"],"build_version":"2020-12-22","purchased_purges":3,"victory":true,"max_hp_per_floor":[75,75,75,75,75,75,75,75,75,75,75,75,75,75,75,75,75,75,75,75,75,75,75,75,75,75,75,75,75,75,75,75,75,75,75,75,75,75,75,75,75,75,75,75,75,75,75,75,75,75],"relic_stats":{"counters":[25,127],"Astrolabe":["Reaper","Armaments","Seeing Red"],"Dead Branch":[284],"CeramicFish":63,"Juzu Bracelet":1,"Whetstone":["Fiend Fire","Pommel Strike"],"Sozu":3,"Blood Vial":4,"Sundial":[10],"Prayer Wheel":0,"Kunai":[20],"Champion Belt":[4],"obtain_stats":[{"Astrolabe":0,"Dead Branch":8,"CeramicFish":26,"Juzu Bracelet":24,"Whetstone":46,"Burning Blood":0,"Akabeko":43,"Sozu":34,"Blood Vial":44,"Matryoshka":11,"Sundial":6,"Orrery":19,"Prayer Wheel":41,"WingedGreaves":13,"Mark of Pain":17,"Red Mask":47,"Kunai":9,"Champion Belt":48,"Unceasing Top":26,"InkBottle":43},{"Astrolabe":0,"Dead Branch":6,"CeramicFish":15,"Juzu Bracelet":15,"Whetstone":23,"Burning Blood":0,"Akabeko":22,"Sozu":18,"Blood Vial":23,"Matryoshka":7,"Sundial":5,"Orrery":12,"Prayer Wheel":22,"WingedGreaves":9,"Mark of Pain":11,"Red Mask":23,"Kunai":6,"Champion Belt":24,"Unceasing Top":15,"InkBottle":22},{"Astrolabe":0,"Dead Branch":25,"CeramicFish":74,"Juzu Bracelet":74,"Whetstone":115,"Burning Blood":0,"Akabeko":110,"Sozu":92,"Blood Vial":115,"Matryoshka":29,"Sundial":18,"Orrery":59,"Prayer Wheel":110,"WingedGreaves":42,"Mark of Pain":56,"Red Mask":115,"Kunai":25,"Champion Belt":118,"Unceasing Top":74,"InkBottle":110}],"Unceasing Top":[0],"InkBottle":[8]},"card_choices":[{"not_picked":["Wild Strike","Flame Barrier"],"picked":"Fire Breathing","floor":1},{"not_picked":["Rupture","Second Wind"],"picked":"Iron Wave","floor":2},{"not_picked":["Havoc","Body Slam","Intimidate"],"picked":"SKIP","floor":3},{"not_picked":["Feel No Pain","Sentinel"],"picked":"Carnage","floor":5},{"not_picked":["Iron Wave","Flex"],"picked":"Inflame","floor":6},{"not_picked":["Wild Strike","Double Tap"],"picked":"Corruption","floor":8},{"not_picked":["Clash","Blood for Blood"],"picked":"Twin Strike","floor":11},{"not_picked":["Warcry","Perfected Strike"],"picked":"Dark Embrace","floor":12},{"not_picked":["Clothesline","Sword Boomerang"],"picked":"Pommel Strike","floor":13},{"not_picked":["Dual Wield","Heavy Blade"],"picked":"True Grit","floor":14},{"not_picked":["Impervious","Exhume"],"picked":"Fiend Fire","floor":16},{"not_picked":["Havoc","True Grit"],"picked":"Ghostly Armor","floor":18},{"not_picked":["Combust+1","Anger"],"picked":"Pummel+1","floor":19},{"not_picked":["Bloodletting","Power Through"],"picked":"Ghostly Armor","floor":19},{"not_picked":["Clothesline","Twin Strike"],"picked":"Thunderclap+1","floor":19},{"not_picked":["Metallicize","Pommel Strike","Headbutt"],"picked":"SKIP","floor":20},{"not_picked":["Thunderclap","Pommel Strike"],"picked":"Shockwave","floor":22},{"not_picked":["Headbutt","Clothesline+1"],"picked":"Limit Break","floor":24},{"not_picked":["Uppercut","Shockwave"],"picked":"True Grit","floor":28},{"not_picked":["Evolve","Clash","Rupture"],"picked":"SKIP","floor":30},{"not_picked":["Immolate","Berserk"],"picked":"Impervious","floor":33},{"not_picked":["Iron Wave","Heavy Blade","Headbutt+1"],"picked":"SKIP","floor":35},{"not_picked":["Good Instincts","Jack Of All Trades"],"picked":"Thinking Ahead","floor":36},{"not_picked":["Blind","Trip"],"picked":"Purity","floor":36},{"not_picked":["Iron Wave","Warcry","Uppercut"],"picked":"SKIP","floor":37},{"not_picked":["Sever Soul+1","Anger+1"],"picked":"Shrug It Off","floor":38},{"not_picked":["Blood for Blood","Dropkick","Twin Strike"],"picked":"SKIP","floor":41},{"not_picked":["Blood for Blood","Dropkick","Twin Strike"],"picked":"SKIP","floor":41},{"not_picked":["Thunderclap","Whirlwind"],"picked":"Entrench","floor":44}],"player_experience":531538,"relics_obtained":[{"floor":6,"key":"Sundial"},{"floor":8,"key":"Dead Branch"},{"floor":9,"key":"Kunai"},{"floor":11,"key":"Matryoshka"},{"floor":13,"key":"WingedGreaves"},{"floor":24,"key":"Juzu Bracelet"},{"floor":26,"key":"CeramicFish"},{"floor":26,"key":"Unceasing Top"},{"floor":41,"key":"Prayer Wheel"},{"floor":43,"key":"Akabeko"},{"floor":43,"key":"InkBottle"},{"floor":44,"key":"Blood Vial"},{"floor":48,"key":"Champion Belt"}],"event_choices":[{"damage_healed":0,"gold_gain":75,"player_choice":"Gather Gold","damage_taken":11,"max_hp_gain":0,"max_hp_loss":0,"event_name":"World of Goop","floor":4,"gold_loss":0},{"damage_healed":0,"gold_gain":0,"player_choice":"Grow","damage_taken":0,"max_hp_gain":0,"max_hp_loss":0,"event_name":"Living Wall","floor":10,"gold_loss":0,"cards_upgraded":["Fire Breathing"]},{"damage_healed":0,"gold_gain":0,"cards_transformed":["Strike_R","Strike_R"],"player_choice":"Became Test Subject","damage_taken":0,"max_hp_gain":0,"max_hp_loss":0,"event_name":"Drug Dealer","floor":21,"gold_loss":0,"cards_obtained":["Combust","Warcry"]},{"damage_healed":0,"gold_gain":0,"player_choice":"Memory 3","damage_taken":10,"max_hp_gain":0,"max_hp_loss":0,"event_name":"SensoryStone","floor":36,"gold_loss":0},{"damage_healed":0,"gold_gain":0,"player_choice":"Ignored","damage_taken":0,"max_hp_gain":0,"max_hp_loss":0,"event_name":"SecretPortal","floor":39,"gold_loss":0},{"damage_healed":0,"gold_gain":0,"player_choice":"Paid","damage_taken":0,"relics_obtained":["Red Mask"],"max_hp_gain":0,"max_hp_loss":0,"event_name":"Tomb of Lord Red Mask","floor":47,"gold_loss":32},{"damage_healed":0,"gold_gain":0,"player_choice":"Fight","damage_taken":0,"max_hp_gain":0,"max_hp_loss":0,"event_name":"Mysterious Sphere","floor":48,"gold_loss":0}],"is_beta":false,"boss_relics":[{"not_picked":["SlaversCollar","Pandora\u0027s Box"],"picked":"Mark of Pain"},{"not_picked":["Fusion Hammer","Velvet Choker"],"picked":"Sozu"}],"items_purged_floors":[19,31,46],"is_endless":false,"potions_floor_spawned":[1,5,8,12,13,16,18,30,33,37,38,44],"ascension_level":17}}