{"host":"zwydedqo0vxtlknl","time":1613311563,"event":{"mods":["BaseMod","Chen","HololiveMod","Marisa????????","Minty Spire (QoL Compilation)","Quick Restart","Reimu??????","Relic Filter","StSLib","Td1madao Mod","The Alterego","Uncapped"],"gold_per_floor":[113,188,203,217,228,284,284,20,73,73,73,73,86,99,99,199,199,215,235,235,80,96,96,110,123,123,138,138,138],"floor_reached":28,"language":"ENG","playtime":1060,"items_purged":["Strike_R"],"score":224,"play_id":"f9d96dbc-dacb-47cc-96c2-602f5c32500e","local_time":"20210214150603","is_ascension_mode":false,"campfire_choices":[{"data":"Rupture","floor":7,"key":"SMITH"},{"data":"Chen:Instinct","floor":12,"key":"SMITH"},{"data":"Defend_R","floor":15,"key":"PURGE"},{"floor":23,"key":"REST"}],"circlet_count":0,"master_deck":["Strike_R","Strike_R","Strike_R","Strike_R+1","Defend_R","Defend_R","Bash","Rupture+1","Chen:CatPunch","Chen:Panic","MeteoricShower+1","WitchLeyline","Chen:Instinct+1","alterego_mod:Cooking","Chen:Recuperate","Chen:WhateverWorks","Chen:Instinct+1","alterego_mod:Jiggle","Chen:Mixup","CurseOfTheBell","alterego_mod:Support","Hololive_Sequa+1","OrbThrow:ReiMu","Hololive_OvertimeWork","Hololive_Trident+1","Dark Embrace+1","alterego_mod:BiFurious"],"relics":["Burning Blood","Peace Pipe","Darkstone Periapt","Whetstone","StrikeDummy","Vajra","DollysMirror","Calling Bell","Prayer Wheel","Tea:ReiMu","TungstenRod","Potion Belt"],"acts_visited":["Exordium","TheCity"],"potions_floor_usage":[6,6,6,6,16,16,16,27,27],"damage_taken":[{"damage":0,"enemies":"Small Slimes","floor":1,"turns":3},{"damage":1,"enemies":"Jaw Worm","floor":3,"turns":3},{"damage":0,"enemies":"Cultist","floor":4,"turns":3},{"damage":11,"enemies":"Gremlin Gang","floor":5,"turns":4},{"damage":18,"enemies":"Lagavulin","floor":6,"turns":4},{"damage":0,"enemies":"Blue Slaver","floor":13,"turns":1},{"damage":2,"enemies":"3 Louse","floor":14,"turns":2},{"damage":55,"enemies":"The Guardian","floor":16,"turns":6},{"damage":45,"enemies":"3 Byrds","floor":18,"turns":4},{"damage":8,"enemies":"Spheric Guardian","floor":19,"turns":3},{"damage":28,"enemies":"Centurion and Healer","floor":22,"turns":3},{"damage":14,"enemies":"Snecko","floor":24,"turns":3},{"damage":36,"enemies":"3 Cultists","floor":25,"turns":6},{"damage":12,"enemies":"Snake Plant","floor":27,"turns":3},{"damage":16,"enemies":"Book of Stabbing","floor":28,"turns":2}],"seed_played":"-2159841943511977874","potions_obtained":[{"floor":1,"key":"Regen Potion"},{"floor":4,"key":"EntropicBrew"},{"floor":13,"key":"Swift Potion"},{"floor":14,"key":"BlessingOfTheForge"},{"floor":24,"key":"Weak Potion"},{"floor":25,"key":"ColorlessPotion"}],"is_trial":true,"path_per_floor":["M","?","M","M","M","E","R","$","T","T","?","R","M","M","R","B",null,"M","M","?","$","M","R","M","M","T","M","E"],"character_chosen":"IRONCLAD","items_purchased":["Darkstone Periapt","Chen:Instinct","Calling Bell"],"campfire_rested":1,"item_purchase_floors":[8,8,21],"current_hp_per_floor":[80,69,74,80,75,68,68,68,68,68,68,68,74,78,78,47,80,44,45,45,51,32,57,49,22,22,16,0,0],"gold":138,"neow_bonus":"","is_daily":false,"chose_seed":false,"campfire_upgraded":2,"win_rate":0.0,"timestamp":1613311563,"path_taken":["M","?","M","M","M","E","R","$","T","?","?","R","?","M","R","BOSS","M","?","?","$","?","R","M","M","T","M","E"],"items_purchased_type":["Relic","Card","Relic"],"build_version":"2020-12-22","purchased_purges":1,"victory":false,"max_hp_per_floor":[80,80,80,80,80,80,80,80,80,80,80,80,80,80,80,80,80,80,80,80,86,86,86,86,86,86,86,86,86],"card_choices":[{"not_picked":["Recovery Mechanism","Chen:Rush"],"picked":"Rupture","floor":1},{"not_picked":["Sever Soul","alterego_mod:SuperDuperMasochism"],"picked":"Chen:CatPunch","floor":3},{"not_picked":["alterego_mod:Jiggle","DragonMeteor"],"picked":"Chen:Panic","floor":4},{"not_picked":["alterego_mod:TrashNCrash","Twin Teeth"],"picked":"MeteoricShower","floor":5},{"not_picked":["SubcavityInstant:ReiMu","Conquer:ReiMu"],"picked":"WitchLeyline","floor":6},{"not_picked":["Fire Blade","Hololive_CallAyundaRisu"],"picked":"alterego_mod:Cooking","floor":13},{"not_picked":["Hololive_CallShiranuiFlare","Hololive_ASMR"],"picked":"Chen:Recuperate","floor":14},{"not_picked":["Bludgeon","Hololive_ScarfAndHalo"],"picked":"Chen:WhateverWorks","floor":16},{"not_picked":["Chen:Barrier","UnstableBomb","Hololive_HuntDinosaur+1"],"picked":"SKIP","floor":18},{"not_picked":["Chen:Sneak","Hemokinesis"],"picked":"alterego_mod:Jiggle","floor":19},{"not_picked":["Hololive_Rebound","Thunder Jump"],"picked":"alterego_mod:Support","floor":22},{"not_picked":["FantasyMoon:ReiMu+1","OrrerysSun"],"picked":"Hololive_Sequa+1","floor":22},{"not_picked":["Chen:Sneak","Second Wind"],"picked":"OrbThrow:ReiMu","floor":24},{"not_picked":["Sword Boomerang","True Grit"],"picked":"Hololive_OvertimeWork","floor":24},{"not_picked":["alterego_mod:Bounce+1","Hololive_CocoNews"],"picked":"Hololive_Trident+1","floor":25},{"not_picked":["Fire Up","Meditation:ReiMu","Chen:Assault"],"picked":"SKIP","floor":25},{"not_picked":["Amulet:ReiMu","alterego_mod:Birthday"],"picked":"Dark Embrace+1","floor":27},{"not_picked":["Chen:Flit","Ruin Defend"],"picked":"alterego_mod:BiFurious","floor":27}],"player_experience":1290342,"relics_obtained":[{"floor":6,"key":"Peace Pipe"},{"floor":9,"key":"Whetstone"},{"floor":10,"key":"StrikeDummy"},{"floor":11,"key":"Vajra"},{"floor":21,"key":"Prayer Wheel"},{"floor":21,"key":"Tea:ReiMu"},{"floor":21,"key":"TungstenRod"},{"floor":26,"key":"Potion Belt"}],"event_choices":[{"damage_healed":0,"gold_gain":75,"player_choice":"Gather Gold","damage_taken":11,"max_hp_gain":0,"max_hp_loss":0,"event_name":"World of Goop","floor":2,"gold_loss":0},{"damage_healed":0,"gold_gain":0,"player_choice":"Relic","damage_taken":0,"max_hp_gain":0,"max_hp_loss":0,"event_name":"Wheel of Change","floor":11,"gold_loss":0},{"damage_healed":0,"gold_gain":0,"cards_transformed":["Defend_R"],"player_choice":"Transformed","damage_taken":0,"max_hp_gain":0,"max_hp_loss":0,"event_name":"Transmorgrifier","floor":20,"gold_loss":0,"cards_obtained":["Chen:Mixup"]}],"is_beta":false,"boss_relics":[{"not_picked":["Hololive_TopUpMoneyS","Ice Cream"],"picked":"DollysMirror"}],"items_purged_floors":[8],"is_endless":false,"potions_floor_spawned":[1,4,13,14,24,25],"killed_by":"Book of Stabbing","ascension_level":0}}