{"host":"zsnmfqgcm92hlreo","time":1613288015,"event":{"mods":["AchievementEnabler","BaseMod","Bestiary","Block Reminder","Colored Map","Colored Powertips","Filter the Spire","Minty Spire (QoL Compilation)","Permanent Neow","Quick Restart","Relic Stats","StSLib","Weighted Paths"],"gold_per_floor":[118,118,130,130,130,130,130,130,130,130,130,154,193,209,209,299,299,313,313,313,332,332,332,376,376,401,401,143,143,179,179,179,269,269,292,49,73,93,108,108,148,148,148,148,214,255,255,278,278,278,278],"floor_reached":52,"language":"ENG","playtime":2165,"items_purged":[],"score":2134,"play_id":"d74132b3-ba19-4ef4-a1b1-0170ad3d754c","local_time":"20210214013335","is_ascension_mode":true,"campfire_choices":[{"floor":6.0,"key":"REST"},{"data":"Seek","floor":10.0,"key":"SMITH"},{"floor":15.0,"key":"REST"},{"data":"Rainbow","floor":23.0,"key":"SMITH"},{"floor":25.0,"key":"REST"},{"floor":27.0,"key":"REST"},{"data":"Rainbow","floor":29.0,"key":"SMITH"},{"data":"Heatsinks","floor":32.0,"key":"SMITH"},{"floor":40.0,"key":"REST"},{"data":"Defragment","floor":42.0,"key":"SMITH"},{"data":"Biased Cognition","floor":44.0,"key":"SMITH"},{"data":"Amplify","floor":47,"key":"SMITH"},{"data":"Consume","floor":49,"key":"SMITH"}],"circlet_count":0,"master_deck":["AscendersBane","Zap","Dualcast","Recycle","Biased Cognition+1","Core Surge","Seek+1","Redo","Streamline","Static Discharge","Redo","Rainbow+1","Echo Form","Leap","Creative AI","Conserve Battery+1","Ghostly","Ghostly","Ghostly","Heatsinks+1","Echo Form","Glacier","Rainbow+1","Glacier","All For One","Loop","Self Repair","Loop","Defragment+1","Parasite","Loop","Amplify+1","Consume+1"],"relics":["Pandora\u0027s Box","Mummified Hand","Golden Idol","Question Card","Ornamental Fan","Symbiotic Virus","Snecko Eye","Nunchaku","Regal Pillow","Akabeko","Inserter","Strawberry","Bronze Scales","TungstenRod","Letter Opener"],"acts_visited":["Exordium","TheCity","TheBeyond"],"potions_floor_usage":[],"damage_taken":[{"damage":26.0,"enemies":"Small Slimes","floor":1.0,"turns":3.0},{"damage":19.0,"enemies":"Jaw Worm","floor":3.0,"turns":3.0},{"damage":0.0,"enemies":"2 Louse","floor":12.0,"turns":2.0},{"damage":5.0,"enemies":"Gremlin Nob","floor":13.0,"turns":3.0},{"damage":14.0,"enemies":"Large Slime","floor":14.0,"turns":3.0},{"damage":38.0,"enemies":"Slime Boss","floor":16.0,"turns":5.0},{"damage":5.0,"enemies":"Spheric Guardian","floor":18.0,"turns":3.0},{"damage":2.0,"enemies":"3 Byrds","floor":21.0,"turns":3.0},{"damage":24.0,"enemies":"Slavers","floor":24.0,"turns":3.0},{"damage":0.0,"enemies":"Gremlin Leader","floor":30.0,"turns":5.0},{"damage":0.0,"enemies":"Collector","floor":33.0,"turns":7.0},{"damage":0.0,"enemies":"3 Shapes","floor":35.0,"turns":4.0},{"damage":0.0,"enemies":"3 Darklings","floor":37.0,"turns":4.0},{"damage":0.0,"enemies":"Maw","floor":38.0,"turns":7.0},{"damage":17.0,"enemies":"Writhing Mass","floor":39.0,"turns":4.0},{"damage":0.0,"enemies":"Reptomancer","floor":41.0,"turns":6.0},{"damage":0,"enemies":"2 Orb Walkers","floor":45,"turns":3},{"damage":4,"enemies":"Giant Head","floor":46,"turns":6},{"damage":0,"enemies":"Sphere and 2 Shapes","floor":48,"turns":3},{"damage":31,"enemies":"Time Eater","floor":50,"turns":6},{"damage":0,"enemies":"Donu and Deca","floor":51,"turns":6}],"seed_played":"-7868239631061483347","potions_obtained":[{"floor":3.0,"key":"Ancient Potion"},{"floor":12.0,"key":"Energy Potion"},{"floor":13.0,"key":"AttackPotion"},{"floor":16.0,"key":"SkillPotion"},{"floor":18.0,"key":"SteroidPotion"},{"floor":33.0,"key":"SpeedPotion"},{"floor":35.0,"key":"Swift Potion"},{"floor":39.0,"key":"FocusPotion"},{"floor":41.0,"key":"LiquidMemories"}],"is_trial":false,"path_per_floor":["M","?","M","?","?","R","?","?","T","R","T","M","E","M","R","B",null,"M","?","?","M","?","R","E","R","T","R","$","R","E","$","R","B",null,"M","$","M","M","M","R","E","R","T","R","?","E","R","M","R","B","B",null],"character_chosen":"DEFECT","items_purchased":["Glacier","Rainbow","Self Repair","Strawberry"],"campfire_rested":5,"item_purchase_floors":[28,28,36,36],"current_hp_per_floor":[38,33,14,14,14,33,54,54,54,54,54,54,49,35,54,16,52,47,47,32,30,32,32,8,17,17,32,32,32,32,32,32,32,32,32,39,39,39,22,39,39,39,39,39,39,39,39,39,39,15,29],"gold":278,"neow_bonus":"BOSS_RELIC","is_daily":false,"chose_seed":false,"campfire_upgraded":8,"win_rate":0.0,"timestamp":1613288015,"path_taken":["M","?","M","?","?","R","?","?","T","R","?","?","E","M","R","BOSS","M","?","?","M","?","R","E","R","T","R","$","R","E","$","R","BOSS","M","$","?","M","M","R","E","R","T","R","?","E","R","M","R","BOSS","BOSS"],"items_purchased_type":["Card","Card","Card","Relic"],"build_version":"2020-12-22","purchased_purges":0,"victory":true,"max_hp_per_floor":[71,71,71,64,64,64,64,64,64,64,64,64,64,64,64,64,64,64,64,32,32,32,32,32,32,32,32,32,32,32,32,32,32,32,32,39,39,39,39,39,39,39,39,39,39,39,39,39,39,39,39],"relic_stats":{"Regal Pillow":12,"Inserter":[24],"counters":[21,88],"Golden Idol":168,"Letter Opener":[75],"Question Card":18,"Nunchaku":[4],"Mummified Hand":[370],"Ornamental Fan":[12],"Bronze Scales":[77],"Snecko Eye":[157,159,141,164],"Pandora\u0027s Box":["Aggregate","Recycle","Biased Cognition","Barrage","Beam Cell","Core Surge","Seek","Redo"],"obtain_stats":[{"Regal Pillow":26,"Inserter":34,"Golden Idol":4,"Letter Opener":46,"Question Card":9,"Akabeko":30,"Nunchaku":24,"Mummified Hand":2,"Ornamental Fan":11,"Strawberry":36,"Bronze Scales":41,"Snecko Eye":17,"Pandora\u0027s Box":0,"Cracked Core":0,"Symbiotic Virus":13,"TungstenRod":45},{"Regal Pillow":9,"Inserter":11,"Golden Idol":2,"Letter Opener":18,"Question Card":2,"Akabeko":10,"Nunchaku":9,"Mummified Hand":1,"Ornamental Fan":2,"Strawberry":12,"Bronze Scales":16,"Snecko Eye":6,"Pandora\u0027s Box":0,"Cracked Core":0,"Symbiotic Virus":4,"TungstenRod":17},{"Regal Pillow":28,"Inserter":40,"Golden Idol":6,"Letter Opener":73,"Question Card":6,"Akabeko":33,"Nunchaku":28,"Mummified Hand":3,"Ornamental Fan":6,"Strawberry":44,"Bronze Scales":64,"Snecko Eye":19,"Pandora\u0027s Box":0,"Cracked Core":0,"Symbiotic Virus":11,"TungstenRod":67}],"TungstenRod":4},"card_choices":[{"not_picked":["Rebound","Conserve Battery"],"picked":"Streamline","floor":1.0},{"not_picked":["Aggregate","Double Energy"],"picked":"Static Discharge","floor":3.0},{"not_picked":["Rebound","Redo","Hologram"],"picked":"Rainbow","floor":12.0},{"not_picked":["Consume","Steam","Chill"],"picked":"Echo Form","floor":13.0},{"not_picked":["Hello World","Redo","Blizzard"],"picked":"Leap","floor":14.0},{"not_picked":["Reboot","Machine Learning","Meteor Strike"],"picked":"Creative AI","floor":16.0},{"not_picked":["Rip and Tear","Compile Driver","Consume"],"picked":"Conserve Battery+1","floor":18.0},{"not_picked":["Beam Cell","Ball Lightning","Chill"],"picked":"Heatsinks","floor":21.0},{"not_picked":["Hologram","Beam Cell","Darkness"],"picked":"Echo Form","floor":24.0},{"not_picked":["Sunder","Compile Driver","Static Discharge"],"picked":"Glacier","floor":30.0},{"not_picked":["Biased Cognition","Creative AI","Multi-Cast"],"picked":"All For One","floor":33.0},{"not_picked":["Hologram","Stack","Conserve Battery+1"],"picked":"Loop","floor":35.0},{"not_picked":["Rip and Tear+1","Fusion","Streamline+1"],"picked":"Loop","floor":37.0},{"not_picked":["Hello World","Blizzard","Barrage"],"picked":"Defragment","floor":38.0},{"not_picked":["Chaos","Reinforced Body","FTL"],"picked":"Loop","floor":39.0},{"not_picked":["Go for the Eyes","Rebound","Conserve Battery+1","Redo"],"picked":"SKIP","floor":41.0},{"not_picked":["Ball Lightning","Go for the Eyes","Storm"],"picked":"Amplify","floor":46},{"not_picked":["Leap","Genetic Algorithm+1","Stack"],"picked":"Consume","floor":48}],"player_experience":1126896,"relics_obtained":[{"floor":9.0,"key":"Question Card"},{"floor":11.0,"key":"Ornamental Fan"},{"floor":13.0,"key":"Symbiotic Virus"},{"floor":24.0,"key":"Nunchaku"},{"floor":26.0,"key":"Regal Pillow"},{"floor":30.0,"key":"Akabeko"},{"floor":41.0,"key":"Bronze Scales"},{"floor":45,"key":"TungstenRod"},{"floor":46,"key":"Letter Opener"}],"event_choices":[{"damage_healed":0.0,"max_hp_gain":0.0,"max_hp_loss":0.0,"gold_gain":0.0,"event_name":"Scrap Ooze","player_choice":"Success","floor":2.0,"gold_loss":0.0,"damage_taken":5.0,"relics_obtained":["Mummified Hand"]},{"damage_healed":0.0,"max_hp_gain":0.0,"max_hp_loss":7.0,"gold_gain":0.0,"event_name":"Golden Idol","player_choice":"Lose Max HP","floor":4.0,"gold_loss":0.0,"damage_taken":0.0,"relics_obtained":["Golden Idol"]},{"damage_healed":0.0,"max_hp_gain":0.0,"max_hp_loss":0.0,"gold_gain":0.0,"event_name":"Shining Light","player_choice":"Ignored","floor":5.0,"gold_loss":0.0,"damage_taken":0.0},{"damage_healed":21.0,"max_hp_gain":0.0,"max_hp_loss":0.0,"gold_gain":0.0,"event_name":"Big Fish","player_choice":"Banana","floor":7.0,"gold_loss":0.0,"damage_taken":0.0},{"damage_healed":0.0,"max_hp_gain":0.0,"max_hp_loss":0.0,"gold_gain":0.0,"cards_transformed":["Aggregate"],"event_name":"Living Wall","player_choice":"Change","floor":8.0,"gold_loss":0.0,"damage_taken":0.0,"cards_obtained":["Redo"]},{"cards_removed":["Beam Cell"],"damage_healed":0.0,"max_hp_gain":0.0,"max_hp_loss":0.0,"gold_gain":0.0,"event_name":"Back to Basics","player_choice":"Elegance","floor":19.0,"gold_loss":0.0,"damage_taken":0.0},{"damage_healed":0.0,"max_hp_gain":0.0,"max_hp_loss":32.0,"gold_gain":0.0,"event_name":"Ghosts","player_choice":"Became a Ghost","floor":20.0,"gold_loss":0.0,"damage_taken":0.0,"cards_obtained":["Ghostly","Ghostly","Ghostly"]},{"cards_removed":["Barrage"],"damage_healed":5.0,"max_hp_gain":0.0,"max_hp_loss":0.0,"gold_gain":0.0,"event_name":"Bonfire Elementals","player_choice":"Offered Common","floor":22.0,"gold_loss":0.0,"damage_taken":0.0},{"cards_removed":["Barrage"],"damage_healed":5.0,"max_hp_gain":0.0,"max_hp_loss":0.0,"gold_gain":0.0,"event_name":"Bonfire Elementals","player_choice":"Offered Special","floor":22.0,"gold_loss":0.0,"damage_taken":0.0},{"damage_healed":0,"gold_gain":0,"player_choice":"Fight","damage_taken":0,"max_hp_gain":0,"max_hp_loss":0,"event_name":"Mysterious Sphere","floor":45,"gold_loss":0}],"is_beta":false,"boss_relics":[{"not_picked":["Philosopher\u0027s Stone","SlaversCollar"],"picked":"Snecko Eye"},{"not_picked":["Velvet Choker","Calling Bell"],"picked":"Inserter"}],"items_purged_floors":[],"is_endless":false,"potions_floor_spawned":[3,12,13,16,18,33,35,39,41],"ascension_level":20}}