{"host":"121m0oxswv9tg9hk","time":1613299756,"event":{"mods":["AchievementEnabler","BaseMod","Better Third Choice","Hermit","Hubris","Minty Spire (QoL Compilation)","Replay The Spire","Shade Mod","StSLib","The Construct"],"gold_per_floor":[119,219,236,247,259,292,310,345,345,66,66,15,15,25,25,127,127,140,140,140,177,6,336,336,353,353,353,293,293,327,341,341,438,438,458,377,104,156,176,176,204,54,126,126,126,226,259,272,272,272,272,272,34,69,69],"floor_reached":56,"language":"ENG","playtime":4295,"items_purged":["Shade:Defend_Shade","ReplayTheSpireMod:Splinters","Shade:Defend_Shade","Shade:Defend_Shade"],"score":1712,"play_id":"ef093864-7f68-4b67-a875-d174a36d11fe","local_time":"20210214114916","is_ascension_mode":true,"campfire_choices":[{"floor":13,"key":"RECALL"},{"data":"Shade:SpectralStrikes","floor":15,"key":"SMITH"},{"data":"RitualDagger","floor":24,"key":"SMITH"},{"data":"Shade:LichForm","floor":27,"key":"SMITH"},{"data":"Shade:Brains","floor":29,"key":"SMITH"},{"data":"Shade:WallOfFlesh","floor":32,"key":"SMITH"},{"data":"Shade:WallOfFlesh","floor":40,"key":"SMITH"},{"data":"Shade:Excise","floor":44,"key":"SMITH"},{"floor":49,"key":"REST"},{"data":"Shade:WallOfFlesh","floor":52,"key":"SMITH"}],"circlet_count":0,"master_deck":["Shade:Strike_Shade","Shade:Strike_Shade","Shade:Strike_Shade","Shade:Strike_Shade","Shade:Defend_Shade","Shade:AnimateDead+1","Shade:CarefulCut","Shade:CloudOfShrapnel","Shade:SpectralStrikes+1","Shade:Brains+1","Shade:ClawBack","Shade:WallOfFlesh+1","Shade:Doomsay","Shade:Doomsay","Shade:FeralStrike","Shade:FeralStrike","Shade:LichForm+1","Shade:LyeBath+1","RitualDagger+1","Shade:FleshLikeOak","Shade:Coordination","Shade:AblativeArmor","Shade:GreaterAnimation","Shade:WallOfFlesh+1","RitualDagger+1","Shade:WallOfFlesh+1","Shade:Excise+1","Shame","Shade:AuraOfUnlife+1","Shade:RavenousHorde","Shade:Bite_Shade"],"relics":["Shade:YorickSkull","Du-Vu Doll","Replay:Rubber Ducky","ReplayTheSpireMod:Lightbulb","Blood Vial","Replay:WaspNest","ChewingGum","Old Coin","Mummified Hand","hubris:Zylophone","Velvet Choker","hubris:Potato","DollysMirror","Dead Branch","ReplayTheSpireMod:CursedCoin","Counterbalance","StrikeDummy","Onion Ring","Question Card","hubris:BundleOfHerbs"],"acts_visited":["Exordium","TheCity","TheBeyond","TheEnding"],"potions_floor_usage":[8,16,16,48,55,55,55,55,55,55],"damage_taken":[{"damage":0,"enemies":"Jaw Worm","floor":1,"turns":3},{"damage":0,"enemies":"Cultist","floor":3,"turns":3},{"damage":0,"enemies":"2 Louse","floor":4,"turns":3},{"damage":10,"enemies":"Exordium Thugs","floor":5,"turns":7},{"damage":5,"enemies":"Replay:BlueRogue","floor":6,"turns":9},{"damage":7,"enemies":"Exordium Wildlife","floor":7,"turns":6},{"damage":6,"enemies":"Gremlin Nob","floor":8,"turns":4},{"damage":0,"enemies":"2 Fungi Beasts","floor":14,"turns":4},{"damage":6,"enemies":"Fading Forest","floor":16,"turns":11},{"damage":0,"enemies":"Chosen","floor":18,"turns":4},{"damage":0,"enemies":"Gremlin Leader","floor":23,"turns":5},{"damage":3,"enemies":"Spheric Guardian","floor":25,"turns":5},{"damage":0,"enemies":"Replay:Snechameleon","floor":30,"turns":5},{"damage":0,"enemies":"Snecko","floor":31,"turns":4},{"damage":12,"enemies":"Collector","floor":33,"turns":7},{"damage":2,"enemies":"Orb Walker","floor":35,"turns":4},{"damage":9,"enemies":"3 Darklings","floor":39,"turns":5},{"damage":9,"enemies":"Nemesis","floor":41,"turns":7},{"damage":30,"enemies":"Giant Head","floor":47,"turns":7},{"damage":0,"enemies":"Spire Growth","floor":48,"turns":5},{"damage":6,"enemies":"Awakened One","floor":50,"turns":9},{"damage":40,"enemies":"Shield and Spear","floor":54,"turns":6},{"damage":14,"enemies":"The Heart","floor":55,"turns":8}],"seed_played":"-1652819021899081743","potions_obtained":[{"floor":3,"key":"Strength Potion"},{"floor":6,"key":"Strength Potion"},{"floor":7,"key":"AttackPotion"},{"floor":16,"key":"CultistPotion"},{"floor":21,"key":"Ancient Potion"},{"floor":21,"key":"Dexterity Potion"},{"floor":41,"key":"Regen Potion"},{"floor":47,"key":"EntropicBrew"}],"is_trial":false,"path_per_floor":["M","?","M","M","M","E","M","E","T","$","T","$","R","M","R","B",null,"M","$","?","?","$","E","R","M","T","R","?","R","E","M","R","B",null,"M","?","$","T","M","R","E","$","T","R","T","?","E","M","R","B",null,"R","$","E","B",null],"character_chosen":"SHADE","items_purchased":["Blood Vial","Explosive Potion","Shade:FeralStrike","Shade:FleshLikeOak","DollysMirror","ReplayTheSpireMod:CursedCoin","Counterbalance","Block Potion","Shade:RavenousHorde"],"campfire_rested":1,"item_purchase_floors":[10,10,12,22,37,42,42,53,53],"current_hp_per_floor":[59,59,59,59,49,44,37,31,31,31,31,31,31,33,33,43,60,62,62,56,56,56,58,58,57,57,57,57,57,59,61,61,51,62,62,62,62,62,55,55,48,48,48,48,48,48,20,36,55,51,62,62,62,24,16],"gold":69,"neow_bonus":"UPGRADE_CARD","is_daily":false,"chose_seed":false,"campfire_upgraded":8,"win_rate":0.0,"timestamp":1613299756,"path_taken":["M","?","M","?","M","E","M","E","T","$","?","?","R","M","R","BOSS","M","$","?","?","?","E","R","?","T","R","?","R","E","M","R","BOSS","M","?","$","?","?","R","E","$","T","R","?","?","E","?","R","BOSS","R","$","E","BOSS"],"items_purchased_type":["Relic","Potion","Card","Card","Relic","Relic","Relic","Potion","Card"],"build_version":"2020-12-22","purchased_purges":4,"victory":true,"max_hp_per_floor":[65,65,65,65,65,65,65,65,65,65,65,65,65,65,65,65,65,65,65,65,65,65,65,65,65,65,65,65,65,65,65,65,65,65,65,65,65,65,65,65,65,65,65,65,65,65,65,65,65,65,65,65,65,65,65],"card_choices":[{"not_picked":["Shade:Frenzy","Shade:GoDigging"],"picked":"Shade:CloudOfShrapnel","floor":1},{"not_picked":["Shade:CommandSoldier","Shade:SensePrey"],"picked":"Shade:SpectralStrikes","floor":3},{"not_picked":["Shade:AncientSpear","Shade:TouchOfTheGrave"],"picked":"Shade:Brains","floor":4},{"not_picked":["Shade:Frenzy","Shade:Haruspicy"],"picked":"Shade:ClawBack","floor":5},{"not_picked":["Shade:SanguineRitual","Shade:Consume"],"picked":"Shade:WallOfFlesh","floor":6},{"not_picked":["Shade:ClawBack","Shade:FreshBones"],"picked":"Shade:Doomsay","floor":7},{"not_picked":["Shade:FreshBones","Shade:Haruspicy"],"picked":"Shade:Doomsay","floor":8},{"not_picked":["Shade:SensePrey","Shade:RitualOffering"],"picked":"Shade:FeralStrike","floor":14},{"not_picked":["Shade:Tombstone","Shade:Consume"],"picked":"Shade:LichForm","floor":16},{"not_picked":["Shade:AncientSpear+1","Shade:FeralStrike"],"picked":"Shade:LyeBath+1","floor":18},{"not_picked":["Shade:FuneraryArmor+1","Shade:DangerousRitual+1"],"picked":"Shade:Coordination","floor":23},{"not_picked":["Shade:ClawBack","Shade:RitualOffering"],"picked":"Shade:AblativeArmor","floor":25},{"not_picked":["Shade:PotionOfRestlessness","Shade:ExtraLimbs","Shade:RavenousHorde"],"picked":"SKIP","floor":30},{"not_picked":["Shade:PotionOfRestlessness","Shade:ExtraLimbs","Shade:RavenousHorde"],"picked":"SKIP","floor":30},{"not_picked":["Shade:FingerOfDeath","Shade:GreyBargain","Shade:FeralStrike"],"picked":"SKIP","floor":31},{"not_picked":["Shade:Coordination","Shade:Tombstone"],"picked":"Shade:GreaterAnimation","floor":33},{"not_picked":["Shade:Brains+1","Shade:CoffinDance"],"picked":"Shade:WallOfFlesh","floor":35},{"not_picked":["Shade:CallOfTheGrave+1","Shade:ExtraLimbs+1"],"picked":"Shade:WallOfFlesh","floor":39},{"not_picked":["Shade:Tombstone","Shade:AuraOfUnlife+1"],"picked":"Shade:Excise","floor":41},{"not_picked":["Shade:Patience","Shade:SensePrey","Shade:FreshBones+1"],"picked":"SKIP","floor":47},{"not_picked":["Shade:SkeletonHug+1","Shade:FingerOfDeath","Shade:Premonition"],"picked":"Shade:AuraOfUnlife+1","floor":48},{"not_picked":["Shade:TouchOfTheGrave+1","Shade:Doomsay+1","Shade:LoseControl"],"picked":"Shade:Bite_Shade","floor":54}],"player_experience":2435004,"relics_obtained":[{"floor":6,"key":"Du-Vu Doll"},{"floor":8,"key":"Replay:Rubber Ducky"},{"floor":9,"key":"ReplayTheSpireMod:Lightbulb"},{"floor":11,"key":"Replay:WaspNest"},{"floor":23,"key":"Old Coin"},{"floor":26,"key":"Mummified Hand"},{"floor":30,"key":"hubris:Zylophone"},{"floor":41,"key":"Dead Branch"},{"floor":43,"key":"StrikeDummy"},{"floor":45,"key":"Onion Ring"},{"floor":47,"key":"Question Card"},{"floor":54,"key":"hubris:BundleOfHerbs"}],"event_choices":[{"damage_healed":0,"gold_gain":100,"player_choice":"Pray","damage_taken":0,"max_hp_gain":0,"max_hp_loss":0,"event_name":"Golden Shrine","floor":2,"gold_loss":0},{"damage_healed":0,"gold_gain":0,"player_choice":"Dagger","damage_taken":6,"max_hp_gain":0,"max_hp_loss":0,"event_name":"betterThird:BetterNest","floor":20,"gold_loss":0,"cards_obtained":["RitualDagger"]},{"damage_healed":0,"gold_gain":0,"player_choice":"Paid Gold","damage_taken":0,"relics_obtained":["hubris:Potato"],"max_hp_gain":0,"max_hp_loss":0,"event_name":"WeMeetAgain","floor":36,"gold_loss":81},{"damage_healed":0,"gold_gain":100,"player_choice":"Pray","damage_taken":0,"max_hp_gain":0,"max_hp_loss":0,"event_name":"Golden Shrine","floor":46,"gold_loss":0}],"is_beta":false,"boss_relics":[{"not_picked":["Replay:Drink Me","Fusion Hammer"],"picked":"ChewingGum"},{"not_picked":["hubris:BlackHole","Empty Cage"],"picked":"Velvet Choker"}],"items_purged_floors":[10,22,37,53],"is_endless":false,"potions_floor_spawned":[3,6,7,16,25,41,47],"ascension_level":9}}