{"host":"cpsutu8lprjuipd6","time":1613318478,"event":{"mods":["BaseMod","Colored Map","Minty Spire (QoL Compilation)","Permanent Neow","StSLib","SuperFastMode","The Bug Knight","Together in Spire"],"gold_per_floor":[119,130,150,163,163,163,238,238,311,311,386,78,78,93,93,214,214,230,249,31,70,94,129,129,172,208,220,232,265,277,277],"floor_reached":30,"language":"KOR","playtime":1221,"items_purged":[],"score":283,"play_id":"c9d55ef8-03fc-4955-b75d-8baafb5293dd","local_time":"20210215010118","is_ascension_mode":false,"campfire_choices":[{"data":"HollowMod:MothsMistake","floor":6,"key":"SMITH"},{"data":"HollowMod:FocusHealStart","floor":10,"key":"SMITH"},{"data":"HollowMod:InfectedCysts","floor":13,"key":"SMITH"},{"data":"HollowMod:NewJinnsSoul","floor":15,"key":"SMITH"},{"floor":24,"key":"REST"}],"circlet_count":0,"master_deck":["HollowMod:NailStrikeStart","HollowMod:NailStrikeStart","HollowMod:NailStrikeStart","HollowMod:NailStrikeStart","HollowMod:QuickDashStart","HollowMod:QuickDashStart","HollowMod:QuickDashStart","HollowMod:QuickDashStart","HollowMod:FocusHealStart+1","HollowMod:PogoStrike","HollowMod:DescendingDark","HollowMod:CornifersMapStart","HollowMod:NewJinnsSoul+1","HollowMod:MothsMistake+1","Injury","HollowMod:InfectedCysts+1","HollowMod:QuirrelsAssistance","HollowMod:VoidDash","HollowMod:NewLittleFool+1","HollowMod:InfectedAttack","HollowMod:NewGlowingWomb+1","HollowMod:PerfectDash","HollowMod:InfectionAssault","HollowMod:HuntersJournal","HollowMod:PerfectDash","Writhe","HollowMod:HowlingWraiths+1"],"relics":["HollowMod:VesselMask","Golden Idol","Mercury Hourglass","HollowMod:StagPassRelic","Black Star","Lee\u0027s Waffle","HollowMod:GreatKnightMask","HollowMod:KingsBrand","Shuriken","MawBank","Molten Egg 2","Potion Belt","Omamori","Bottled Tornado"],"acts_visited":["Exordium","TheCity"],"potions_floor_usage":[18,25,29,30],"damage_taken":[{"damage":1,"enemies":"Cultist","floor":1,"turns":4},{"damage":0,"enemies":"2 Louse","floor":2,"turns":1},{"damage":3,"enemies":"Jaw Worm","floor":3,"turns":5},{"damage":11,"enemies":"Blue Slaver","floor":4,"turns":4},{"damage":2,"enemies":"2 Fungi Beasts","floor":14,"turns":3},{"damage":58,"enemies":"Hexaghost","floor":16,"turns":10},{"damage":38,"enemies":"2 Thieves","floor":18,"turns":3},{"damage":17,"enemies":"Shell Parasite","floor":19,"turns":7},{"damage":0,"enemies":"HollowMod:Zote","floor":21,"turns":2},{"damage":37,"enemies":"Snake Plant","floor":22,"turns":4},{"damage":34,"enemies":"Gremlin Leader","floor":23,"turns":6},{"damage":40,"enemies":"Slavers","floor":25,"turns":5},{"damage":20,"enemies":"Sentry and Sphere","floor":29,"turns":7},{"damage":13,"enemies":"Shelled Parasite and Fungi","floor":30,"turns":1}],"seed_played":"7593756275637275206","potions_obtained":[{"floor":2,"key":"DuplicationPotion"},{"floor":14,"key":"SteroidPotion"},{"floor":16,"key":"Energy Potion"},{"floor":22,"key":"SteroidPotion"},{"floor":23,"key":"Explosive Potion"}],"is_trial":false,"path_per_floor":["M","M","M","M","$","R","?","?","T","R","?","$","R","M","R","B",null,"M","M","$","?","M","E","R","E","T","?","T","M","M"],"character_chosen":"THE_BUGKNIGHT","items_purchased":["HollowMod:InfectedCysts","HollowMod:StagPassRelic","HollowMod:NewGlowingWomb","Lee\u0027s Waffle"],"campfire_rested":1,"item_purchase_floors":[12,12,20,20],"current_hp_per_floor":[81,81,82,77,77,77,66,66,66,66,66,66,66,64,64,16,82,44,37,89,89,58,30,56,22,22,22,22,8,0,0],"gold":277,"neow_bonus":"TEN_PERCENT_HP_BONUS","is_daily":false,"chose_seed":false,"campfire_upgraded":4,"win_rate":0.0,"timestamp":1613318478,"path_taken":["M","M","M","M","$","R","?","?","T","R","?","?","R","M","R","BOSS","M","M","$","?","M","E","R","E","T","?","?","M","M"],"items_purchased_type":["Card","Relic","Card","Relic"],"build_version":"2020-12-22","purchased_purges":0,"victory":false,"max_hp_per_floor":[82,82,82,82,82,82,82,82,82,82,82,82,82,82,82,82,82,82,82,89,89,89,89,89,89,89,89,89,89,89,89],"card_choices":[{"not_picked":["HollowMod:HeavyBlow","HollowMod:SoulStrike"],"picked":"HollowMod:DescendingDark","floor":1},{"not_picked":["HollowMod:ShadowDash","HollowMod:FallenFury"],"picked":"HollowMod:CornifersMapStart","floor":2},{"not_picked":["HollowMod:SoulSplash","HollowMod:HeavyBlow"],"picked":"HollowMod:NewJinnsSoul","floor":3},{"not_picked":["HollowMod:SoulSplash","HollowMod:CloakDash"],"picked":"HollowMod:MothsMistake","floor":4},{"not_picked":["HollowMod:SharpenedNail","HollowMod:HowlingWraiths"],"picked":"HollowMod:QuirrelsAssistance","floor":14},{"not_picked":["HollowMod:MidwifesHunger","HollowMod:Weaversong"],"picked":"HollowMod:VoidDash","floor":16},{"not_picked":["HollowMod:MawleksShell","HollowMod:DescendingDark+1"],"picked":"HollowMod:NewLittleFool+1","floor":18},{"not_picked":["HollowMod:DreamGate","HollowMod:SharpenedNail"],"picked":"HollowMod:InfectedAttack","floor":19},{"not_picked":["HollowMod:CoiledNail+1","HollowMod:SoulShaman"],"picked":"HollowMod:PerfectDash","floor":21},{"not_picked":["HollowMod:PerfectDash","HollowMod:SoulStrike"],"picked":"HollowMod:InfectionAssault","floor":22},{"not_picked":["HollowMod:DesolateDive","HollowMod:MidwifesHunger"],"picked":"HollowMod:HuntersJournal","floor":23},{"not_picked":["HollowMod:HornetsHelp+1","HollowMod:CloakDash"],"picked":"HollowMod:PerfectDash","floor":25},{"not_picked":["HollowMod:SharpenedNail+1","HollowMod:DoubleDash"],"picked":"HollowMod:HowlingWraiths+1","floor":29}],"player_experience":73570,"relics_obtained":[{"floor":9,"key":"Mercury Hourglass"},{"floor":21,"key":"HollowMod:GreatKnightMask"},{"floor":23,"key":"HollowMod:KingsBrand"},{"floor":23,"key":"Shuriken"},{"floor":25,"key":"MawBank"},{"floor":25,"key":"Molten Egg 2"},{"floor":26,"key":"Potion Belt"},{"floor":28,"key":"Bottled Tornado"}],"event_choices":[{"damage_healed":0,"gold_gain":75,"player_choice":"Gather Gold","damage_taken":11,"max_hp_gain":0,"max_hp_loss":0,"event_name":"World of Goop","floor":7,"gold_loss":0},{"damage_healed":0,"gold_gain":0,"player_choice":"Take Wound","damage_taken":0,"relics_obtained":["Golden Idol"],"max_hp_gain":0,"max_hp_loss":0,"event_name":"Golden Idol","floor":8,"gold_loss":0,"cards_obtained":["Injury"]},{"damage_healed":0,"gold_gain":75,"player_choice":"Gained Gold","damage_taken":0,"max_hp_gain":0,"max_hp_loss":0,"event_name":"Golden Wing","floor":11,"gold_loss":0},{"damage_healed":0,"gold_gain":0,"player_choice":"Opened","damage_taken":0,"relics_obtained":["Omamori"],"max_hp_gain":0,"max_hp_loss":0,"event_name":"The Mausoleum","floor":27,"gold_loss":0,"cards_obtained":["Writhe"]}],"is_beta":false,"boss_relics":[{"not_picked":["Runic Pyramid","Runic Dome"],"picked":"Black Star"}],"items_purged_floors":[],"is_endless":false,"potions_floor_spawned":[2,14,16,22,23],"killed_by":"Shelled Parasite and Fungi","ascension_level":0}}