{"host":"8ztb9kwpjc2zof9s","time":1613286529,"event":{"mods":["BaseMod","Block Reminder","Curses Come First","Minty Spire (QoL Compilation)","Relic Stats","StSLib"],"gold_per_floor":[117,130,130,130,178,213,242,242,242],"floor_reached":8,"language":"ENG","playtime":157,"items_purged":[],"score":122,"play_id":"0e6b6fcb-ea22-4511-b4c1-f6997d1b0c40","local_time":"20210213230849","is_ascension_mode":true,"campfire_choices":[],"circlet_count":0,"master_deck":["AscendersBane","Strike_G","Strike_G","Strike_G","Strike_G","Strike_G","Defend_G","Defend_G","Defend_G","Defend_G","Defend_G","Survivor","Neutralize","Poisoned Stab+1","Blur"],"relics":["Ring of the Snake","NeowsBlessing","Golden Idol","Dream Catcher","Eternal Feather","Odd Mushroom"],"acts_visited":["Exordium"],"potions_floor_usage":[7,8],"damage_taken":[{"damage":0,"enemies":"Jaw Worm","floor":1,"turns":1},{"damage":0,"enemies":"Small Slimes","floor":2,"turns":1},{"damage":0,"enemies":"3 Sentries","floor":6,"turns":1},{"damage":30,"enemies":"The Mushroom Lair","floor":7,"turns":6},{"damage":36,"enemies":"Gremlin Nob","floor":8,"turns":4}],"seed_played":"4646656608924617851","potions_obtained":[{"floor":2,"key":"Weak Potion"},{"floor":7,"key":"ColorlessPotion"}],"is_trial":false,"path_per_floor":["M","M","?","?","T","E","?","E"],"character_chosen":"THE_SILENT","items_purchased":[],"campfire_rested":0,"item_purchase_floors":[],"current_hp_per_floor":[63,63,63,63,63,63,33,0,0],"gold":242,"neow_bonus":"THREE_ENEMY_KILL","is_daily":false,"chose_seed":false,"campfire_upgraded":0,"win_rate":0.0,"timestamp":1613286529,"path_taken":["M","M","?","?","?","E","?","E"],"items_purchased_type":[],"build_version":"2020-12-22","purchased_purges":0,"victory":false,"max_hp_per_floor":[70,70,65,65,65,65,65,65,65],"relic_stats":{"Dream Catcher":0,"counters":[5,13],"Golden Idol":13,"Eternal Feather":0,"obtain_stats":[{"Dream Catcher":5,"NeowsBlessing":0,"Golden Idol":3,"Eternal Feather":6,"Odd Mushroom":7,"Ring of the Snake":0},{"Dream Catcher":2,"NeowsBlessing":0,"Golden Idol":2,"Eternal Feather":3,"Odd Mushroom":4,"Ring of the Snake":0},{"Dream Catcher":2,"NeowsBlessing":0,"Golden Idol":2,"Eternal Feather":3,"Odd Mushroom":9,"Ring of the Snake":0}],"Ring of the Snake":[10]},"card_choices":[{"not_picked":["Slice","Dagger Spray"],"picked":"Poisoned Stab","floor":1},{"not_picked":["Sucker Punch","Deflect","Catalyst"],"picked":"SKIP","floor":2},{"not_picked":["Distraction","Flying Knee","Acrobatics"],"picked":"SKIP","floor":6},{"not_picked":["Backstab","Prepared"],"picked":"Blur","floor":7}],"player_experience":335039,"relics_obtained":[{"floor":5,"key":"Dream Catcher"},{"floor":6,"key":"Eternal Feather"},{"floor":7,"key":"Odd Mushroom"}],"event_choices":[{"damage_healed":0,"gold_gain":0,"player_choice":"Lose Max HP","damage_taken":0,"relics_obtained":["Golden Idol"],"max_hp_gain":0,"max_hp_loss":5,"event_name":"Golden Idol","floor":3,"gold_loss":0},{"damage_healed":0,"gold_gain":0,"player_choice":"Grow","damage_taken":0,"max_hp_gain":0,"max_hp_loss":0,"event_name":"Living Wall","floor":4,"gold_loss":0,"cards_upgraded":["Poisoned Stab"]},{"damage_healed":0,"gold_gain":0,"player_choice":"Fought Mushrooms","damage_taken":0,"max_hp_gain":0,"max_hp_loss":0,"event_name":"Mushrooms","floor":7,"gold_loss":0}],"is_beta":false,"boss_relics":[],"items_purged_floors":[],"is_endless":false,"potions_floor_spawned":[2,7],"killed_by":"Gremlin Nob","ascension_level":11}}