{"host":"farxtl2u8hmkbdo2","time":1613334702,"event":{"mods":["A Magickal Journey","BaseMod","Better Altar","Better Note","Better Sensory Stone","Better Skull","Better Third Choice","Challenge The Spire","Colored Map","Colored Powertips","Current Relic Mod","Downfall","Energized Spire","Fox Events","Gremlin Mod","Hermit","Hubris","Mimic Mod","Minty Spire (QoL Compilation)","Quick Restart","READ ME - Guardian Mod","Rare Cards Sparkle","StSLib","The Bladedancer","The Bug Knight","The Cursed","The Disciple","The Hierophant","The Marked","The Necromancer","The Runesmith","Transform Curses"],"gold_per_floor":[99,199,212,230,230,230,230,680,680,680,700,67,82,111,130,233,233,233,244,255,272,292,322,322,347,49,75,7,107,107,121,139,240,240,240,258,503,503,517,3,51,51,79,79,79,79,55,81,81,81],"floor_reached":51,"language":"SPA","playtime":3248,"items_purged":["downfall:Icky","downfall:Icky","downfall:Icky"],"score":898,"play_id":"643c43fa-134e-4c47-b3b8-7d90e5f241ef","local_time":"20210214173142","is_ascension_mode":true,"campfire_choices":[{"data":"hexamod:Sear","floor":1,"key":"SMITH"},{"data":"hexamod:Float","floor":6,"key":"SMITH"},{"data":"hexamod:FlamesFromBeyond","floor":9,"key":"SMITH"},{"data":"hexamod:ForkedFlame","floor":18,"key":"SMITH"},{"data":"hexamod:TurnItUp","floor":30,"key":"SMITH"},{"data":"hexamod:GiftsFromTheDead","floor":35,"key":"SMITH"},{"floor":44,"key":"RECALL"},{"data":"expansioncontent:QuickStudy","floor":46,"key":"SMITH"},{"data":"hexamod:GhostOfSpirePresent","floor":49,"key":"SMITH"}],"circlet_count":0,"master_deck":["hexamod:Strike","hexamod:Strike+1","hexamod:Strike+1","hexamod:Strike+1","hexamod:Defend+1","hexamod:Defend+1","hexamod:Sear+1","hexamod:Float+1","hexamod:BacktrackSmack+1","hexamod:FlamesFromBeyond+1","hexamod:TurnItUp+1","hexamod:GhostflameBarrier","hexamod:GhostflameInferno+1","hexamod:PhantomFireball+1","hexamod:ForkedFlame+1","hexamod:DynamicBlow+1","hexamod:FifthSeal","hexamod:HexaLevel+1","hexamod:SixthSeal","hexamod:TimeOfNeed+1","hexamod:Hexaguard+1","hexamod:TimeOfNeed","hexamod:FourthSeal","hexamod:SixthSeal","hexamod:PhantomFireball+1","hexamod:FirstSeal","hexamod:FirstSeal","hubris:Despair","hexamod:GhostShield+1","hexamod:ThirdSeal","hexamod:Hexaguard+1","hexamod:SpectersWail+1","hexamod:CatchUp+1","hexamod:DynamicBlow+1","hexamod:SpectersWail+1","hexamod:ThermalTransfer+1","hexamod:Firestarter+1","hexamod:HeatShield","hexamod:PowerFromBeyond+1","J.A.X.","hexamod:PhantomFireball+1","hexamod:NightmareStrike+1","hexamod:FirstSeal","hexamod:GhostflameBarrier+1","hexamod:NightmareStrike+1","hexamod:RainOfEmbers+1","hexamod:GiftsFromTheDead+1","hexamod:ForkedFlame+1","hexamod:DynamicBlow+1","hexamod:FlamesFromBeyond+1","AscendersBane","hexamod:Float+1","hexamod:FastForward+1","expansioncontent:QuickStudy+1","hexamod:PowerFromBeyond+1","TheCursedMod:Dregs","hexamod:GhostLash+1","Writhe","hexamod:Firestarter+1","hexamod:GhostOfSpirePresent+1","hexamod:GhostOfSpirePast+1"],"relics":["hexamod:SpiritBrand","hubris:Towel","hexamod:InflammatoryLetter","hubris:SphereOfDissonance","Mercury Hourglass","Cursed Key","Bag of Marbles","Meat on the Bone","Tiny Chest","Molten Egg 2","Lizard Tail","MutagenicStrength","hubris:RunicObelisk","hubris:TenFootPole","Eternal Feather","Shuriken","Nunchaku"],"acts_visited":["Exordium","TheCity","TheBeyond"],"potions_floor_usage":[16,16,22,23,23,23,27,27,33,33,33,43,48,50,50],"damage_taken":[{"damage":1,"enemies":"Jaw Worm","floor":3,"turns":3},{"damage":0,"enemies":"Small Slimes","floor":4,"turns":3},{"damage":0,"enemies":"2 Louse","floor":11,"turns":3},{"damage":5,"enemies":"downfall:FleeingMerchant","floor":12,"turns":4},{"damage":0,"enemies":"2 Fungi Beasts","floor":13,"turns":3},{"damage":0,"enemies":"Gremlin Nob","floor":14,"turns":2},{"damage":7,"enemies":"Blue Slaver","floor":15,"turns":2},{"damage":12,"enemies":"IC_STATUS_ARCHETYPE","floor":16,"turns":4},{"damage":2,"enemies":"Shell Parasite","floor":19,"turns":2},{"damage":0,"enemies":"Chosen","floor":20,"turns":3},{"damage":4,"enemies":"Snake Plant","floor":21,"turns":3},{"damage":13,"enemies":"3 Cultists","floor":22,"turns":5},{"damage":23,"enemies":"Gremlin Leader","floor":23,"turns":5},{"damage":21,"enemies":"Book of Stabbing","floor":25,"turns":4},{"damage":5,"enemies":"downfall:FleeingMerchant","floor":26,"turns":4},{"damage":28,"enemies":"Slavers","floor":27,"turns":5},{"damage":5,"enemies":"downfall:FleeingMerchant","floor":28,"turns":4},{"damage":3,"enemies":"downfall:Augmenter","floor":29,"turns":5},{"damage":30,"enemies":"Snecko","floor":31,"turns":6},{"damage":0,"enemies":"Snake Plant","floor":32,"turns":2},{"damage":27,"enemies":"SI_MIRROR_ARCHETYPE","floor":33,"turns":8},{"damage":0,"enemies":"Orb Walker","floor":36,"turns":2},{"damage":0,"enemies":"downfall:FleeingMerchant","floor":37,"turns":2},{"damage":3,"enemies":"3 Shapes","floor":39,"turns":4},{"damage":7,"enemies":"Reptomancer","floor":43,"turns":3},{"damage":62,"enemies":"Nemesis","floor":48,"turns":7},{"damage":68,"enemies":"WA_ARCHETYPE_DIVINITY","floor":50,"turns":9}],"seed_played":"-4445648252000587658","potions_obtained":[{"floor":13,"key":"hexamod:DoubleChargePotion"},{"floor":14,"key":"hexamod:EctoCoolerPotion"},{"floor":15,"key":"Ancient Potion"},{"floor":16,"key":"LiquidMemories"},{"floor":19,"key":"LiquidBronze"},{"floor":20,"key":"PowerPotion"},{"floor":22,"key":"BlessingOfTheForge"},{"floor":22,"key":"Energy Potion"},{"floor":23,"key":"Dexterity Potion"},{"floor":25,"key":"hexamod:DoubleChargePotion"},{"floor":25,"key":"bronze:BurnAndBuffPotion"},{"floor":29,"key":"Strength Potion"},{"floor":31,"key":"Block Potion"},{"floor":32,"key":"SteroidPotion"},{"floor":32,"key":"AttackPotion"},{"floor":33,"key":"FairyPotion"},{"floor":33,"key":"PowerPotion"},{"floor":39,"key":"LiquidMemories"},{"floor":48,"key":"Regen Potion"},{"floor":48,"key":"Fruit Juice"}],"is_trial":false,"path_per_floor":["R","?","M","M","?","R","T","?","R","?","M","$","M","E","M","B",null,"R","M","M","M","M","E","T","E","$","E","$","?","R","M","M","B",null,"R","M","$","?","M","$","T","?","E","R","T","R","$","E","R","B",null],"character_chosen":"THE_SPIRIT","items_purchased":["hexamod:GhostflameInferno","hexamod:PhantomFireball","hubris:SphereOfDissonance","hexamod:ForkedFlame","Molten Egg 2","hexamod:SpectersWail+1","hexamod:Firestarter+1","hubris:TenFootPole","expansioncontent:QuickStudy","hexamod:PowerFromBeyond","hexamod:Firestarter+1"],"campfire_rested":0,"item_purchase_floors":[12,12,12,12,26,26,28,40,40,40,47],"current_hp_per_floor":[63,63,62,62,62,62,62,62,62,62,62,57,57,57,50,38,84,84,82,82,78,65,42,42,40,61,59,68,65,65,61,68,60,84,84,84,84,84,81,81,81,81,81,84,84,84,84,48,84,64],"gold":81,"neow_bonus":"TWENTY_PERCENT_HP_BONUS","is_daily":false,"chose_seed":false,"campfire_upgraded":8,"win_rate":0.0,"timestamp":1613334702,"path_taken":["R","?","M","M","?","R","T","?","R","?","M","$","M","E","M","BOSS","R","M","M","M","M","E","T","E","$","E","$","?","R","M","M","BOSS","R","M","$","?","M","$","T","?","E","R","?","R","$","E","R","BOSS"],"items_purchased_type":["Card","Card","Relic","Card","Relic","Card","Card","Relic","Card","Card","Card"],"build_version":"2020-12-22","purchased_purges":3,"victory":true,"max_hp_per_floor":[84,84,84,84,84,84,84,84,84,84,84,84,84,84,84,84,84,84,84,84,84,84,84,84,84,84,84,84,84,84,84,84,84,84,84,84,84,84,84,84,84,84,84,84,84,84,84,84,84,89],"card_choices":[{"not_picked":["hexamod:BurningTouch","hexamod:HauntingEcho"],"picked":"hexamod:BacktrackSmack","floor":3},{"not_picked":["hexamod:GhostShield","hexamod:FastForward"],"picked":"hexamod:FlamesFromBeyond","floor":4},{"not_picked":["hexamod:Hexaguard","hexamod:Incineration"],"picked":"hexamod:TurnItUp","floor":11},{"not_picked":["hexamod:GhostLash","hexamod:NightmareStrike"],"picked":"hexamod:GhostflameBarrier","floor":12},{"not_picked":["hexamod:SwordOfDarkness","hexamod:Firestarter"],"picked":"hexamod:DynamicBlow","floor":13},{"not_picked":["hexamod:PhantomCloak","hexamod:BacktrackSmack"],"picked":"hexamod:FifthSeal","floor":14},{"not_picked":["hexamod:GhostLash","hexamod:FastForward"],"picked":"hexamod:HexaLevel","floor":15},{"not_picked":["hexamod:ThirdSeal","hexamod:FirstSeal"],"picked":"hexamod:SixthSeal","floor":16},{"not_picked":["hexamod:UnleashSpirits","hexamod:ParanormalForm"],"picked":"hexamod:TimeOfNeed","floor":16},{"not_picked":["hexamod:NightmareStrike","hexamod:GhostShield"],"picked":"hexamod:Hexaguard+1","floor":19},{"not_picked":["hexamod:ShieldOfDarkness+1","hexamod:GhostflameBarrier"],"picked":"hexamod:TimeOfNeed","floor":20},{"not_picked":["hexamod:Rewind","hexamod:NightmareGuise"],"picked":"hexamod:FourthSeal","floor":21},{"not_picked":["hexamod:FourthSeal","hexamod:FirstSeal"],"picked":"hexamod:SixthSeal","floor":22},{"not_picked":["hexamod:Incineration","hexamod:FirstSeal"],"picked":"hexamod:PhantomFireball+1","floor":22},{"not_picked":["hexamod:SecondSeal","hexamod:SixthSeal"],"picked":"hexamod:FirstSeal","floor":23},{"not_picked":["hexamod:HauntingEcho","hexamod:NightmareStrike"],"picked":"hexamod:FirstSeal","floor":23},{"not_picked":["hexamod:Firestarter","hexamod:SuperheatedStrike"],"picked":"hexamod:GhostShield+1","floor":25},{"not_picked":["hexamod:SixthSeal","hexamod:FourthSeal"],"picked":"hexamod:ThirdSeal","floor":26},{"not_picked":["hexamod:FlamesFromBeyond","hexamod:BurningTouch+1"],"picked":"hexamod:Hexaguard+1","floor":26},{"not_picked":["hexamod:HexaLevel","hexamod:NightmareGuise"],"picked":"hexamod:CatchUp+1","floor":27},{"not_picked":["hexamod:GhostShield","hexamod:CatchUp"],"picked":"hexamod:DynamicBlow+1","floor":27},{"not_picked":["hexamod:HeatMetal+1","hexamod:InspiringFlames"],"picked":"hexamod:SpectersWail+1","floor":28},{"not_picked":["hexamod:ShieldOfDarkness","hexamod:FlamesFromBeyond"],"picked":"hexamod:ThermalTransfer+1","floor":28},{"not_picked":[],"picked":"J.A.X.","floor":29},{"not_picked":["hexamod:InspiringFlames+1","hexamod:HauntingEcho+1"],"picked":"hexamod:PhantomFireball+1","floor":29},{"not_picked":["hexamod:EmpoweredFlame","hexamod:Hexaguard"],"picked":"hexamod:NightmareStrike+1","floor":29},{"not_picked":["hexamod:ThirdSeal","hexamod:SixthSeal"],"picked":"hexamod:FirstSeal","floor":31},{"not_picked":["hexamod:SpectralAdrenaline","hexamod:SpectersWail+1"],"picked":"hexamod:GhostflameBarrier+1","floor":31},{"not_picked":["hexamod:GhostShield","hexamod:ShieldOfDarkness"],"picked":"hexamod:NightmareStrike+1","floor":31},{"not_picked":["hexamod:Incineration+1","hexamod:SuperheatedStrike+1"],"picked":"hexamod:RainOfEmbers+1","floor":32},{"not_picked":["hexamod:ParanormalForm","hexamod:HexaLevel"],"picked":"hexamod:GiftsFromTheDead","floor":33},{"not_picked":["hexamod:UnlimitedPower","hexamod:FifthSeal"],"picked":"hexamod:ForkedFlame+1","floor":33},{"not_picked":["hexamod:FifthSeal","hexamod:Hexaguard+1"],"picked":"hexamod:DynamicBlow+1","floor":36},{"not_picked":["hexamod:HauntingEcho+1","hexamod:GhostShield+1"],"picked":"hexamod:FlamesFromBeyond+1","floor":37},{"not_picked":["hexamod:ThirdSeal","hexamod:NightmareGuise+1"],"picked":"hexamod:FastForward+1","floor":39},{"not_picked":["hexamod:NightmareGuise","hexamod:SuperheatedStrike+1"],"picked":"hexamod:GhostLash+1","floor":43},{"not_picked":["hexamod:Hexaguard+1","hexamod:HauntingEcho+1"],"picked":"hexamod:GhostOfSpirePresent","floor":48},{"not_picked":["hexamod:FlamesFromBeyond","hexamod:NightmareGuise"],"picked":"hexamod:GhostOfSpirePast+1","floor":48}],"player_experience":2224968,"relics_obtained":[{"floor":7,"key":"hexamod:InflammatoryLetter"},{"floor":14,"key":"Mercury Hourglass"},{"floor":23,"key":"Bag of Marbles"},{"floor":24,"key":"Meat on the Bone"},{"floor":25,"key":"Tiny Chest"},{"floor":27,"key":"Lizard Tail"},{"floor":29,"key":"MutagenicStrength"},{"floor":43,"key":"Eternal Feather"},{"floor":45,"key":"Shuriken"},{"floor":48,"key":"Nunchaku"}],"event_choices":[{"damage_healed":0,"gold_gain":3,"player_choice":"3","damage_taken":0,"max_hp_gain":0,"max_hp_loss":0,"event_name":"betterStone:BetterStone","floor":38,"gold_loss":0,"cards_obtained":["hexamod:Float"]}],"is_beta":false,"boss_relics":[{"not_picked":["energizedSpire:DeadBattery","hubris:HollowSoul"],"picked":"Cursed Key"},{"not_picked":["Coffee Dripper","Fusion Hammer"],"picked":"hubris:RunicObelisk"}],"items_purged_floors":[12,37,40],"is_endless":false,"potions_floor_spawned":[13,14,15,16,19,20,22,25,31,32,33,39,48],"ascension_level":1}}