{"host":"9ndbo4kgsfoemf7y","time":1613301991,"event":{"mods":["AchievementEnabler","BaseMod","Colored Map","DeckTracker","Keyboard Shortcuts","Minty Spire (QoL Compilation)","Permanent Neow","Quick Restart","Relic Stats","StSLib","SuperFastMode"],"gold_per_floor":[117,117,19,19,38,38,68,9,9,40,59,72,72,88,88,185,185,199,216,234,49,49,49,75,75,75,75,75],"floor_reached":27,"language":"KOR","playtime":1229,"items_purged":[],"score":320,"play_id":"49aa685e-c5a8-4abd-be14-bab627383a6a","local_time":"20210214202631","is_ascension_mode":true,"campfire_choices":[{"data":"Self Repair","floor":6.0,"key":"SMITH"},{"floor":13.0,"key":"REST"},{"data":"Aggregate","floor":15.0,"key":"SMITH"},{"data":"Chaos","floor":23.0,"key":"SMITH"},{"floor":25.0,"key":"REST"}],"circlet_count":0,"master_deck":["Strike_B","Strike_B","Strike_B","Defend_B","Defend_B","Defend_B","Zap","Dualcast","Blizzard","Cold Snap","Cold Snap","Self Repair+1","Consume","Chaos+1","Aggregate+1","Defragment+1","Self Repair+1","Loop+1","Machine Learning+1","Coolheaded+1","Mayhem+1","Writhe","Undo"],"relics":["Cracked Core","Frozen Egg 2","Molten Egg 2","Blue Candle","Pen Nib","Nuclear Battery","Orichalcum","Red Mask","Darkstone Periapt"],"acts_visited":["Exordium","TheCity"],"potions_floor_usage":[27],"damage_taken":[{"damage":2.0,"enemies":"Jaw Worm","floor":1.0,"turns":3.0},{"damage":14.0,"enemies":"2 Louse","floor":5.0,"turns":3.0},{"damage":30.0,"enemies":"Lagavulin","floor":7.0,"turns":6.0},{"damage":26.0,"enemies":"3 Sentries","floor":10.0,"turns":6.0},{"damage":0.0,"enemies":"Cultist","floor":11.0,"turns":4.0},{"damage":15.0,"enemies":"Exordium Wildlife","floor":12.0,"turns":5.0},{"damage":21.0,"enemies":"3 Louse","floor":14.0,"turns":4.0},{"damage":45.0,"enemies":"Slime Boss","floor":16.0,"turns":11.0},{"damage":20.0,"enemies":"Spheric Guardian","floor":18.0,"turns":5.0},{"damage":37.0,"enemies":"3 Byrds","floor":19.0,"turns":7.0},{"damage":23.0,"enemies":"Snecko","floor":20.0,"turns":7.0},{"damage":40.0,"enemies":"Masked Bandits","floor":24.0,"turns":6.0},{"damage":54,"enemies":"Gremlin Leader","floor":27,"turns":3}],"seed_played":"-4566454276611482578","potions_obtained":[{"floor":10.0,"key":"Swift Potion"},{"floor":11.0,"key":"Swift Potion"},{"floor":14.0,"key":"Dexterity Potion"},{"floor":20.0,"key":"ColorlessPotion"},{"floor":24.0,"key":"LiquidMemories"}],"is_trial":false,"path_per_floor":["M","?","$","?","M","R","E","?","T","E","M","M","R","M","R","B",null,"M","M","M","$","?","R","?","R","T","E"],"character_chosen":"DEFECT","items_purchased":["Cold Snap","Self Repair","Mayhem+1"],"campfire_rested":2,"item_purchase_floors":[3,3,21],"current_hp_per_floor":[66,59,59,64,57,57,37,37,37,21,31,26,50,49,49,24,66,66,49,46,46,46,46,26,50,50,0,0],"gold":75,"neow_bonus":"TRANSFORM_CARD","is_daily":false,"chose_seed":false,"campfire_upgraded":3,"win_rate":0.0,"timestamp":1613301991,"path_taken":["M","?","$","?","M","R","E","?","T","E","M","M","R","M","R","BOSS","M","?","M","$","?","R","?","R","T","E"],"items_purchased_type":["Card","Card","Card"],"build_version":"2020-12-22","purchased_purges":0,"victory":false,"max_hp_per_floor":[75,75,75,80,80,80,80,80,80,80,80,80,80,80,80,80,80,80,80,80,80,80,80,80,80,80,80,80],"relic_stats":{"Darkstone Periapt":0,"counters":[13,70],"Blue Candle":[1],"Pen Nib":[7],"Orichalcum":[18],"obtain_stats":[{"Darkstone Periapt":26,"Blue Candle":9,"Molten Egg 2":8,"Pen Nib":10,"Red Mask":24,"Frozen Egg 2":7,"Orichalcum":22,"Cracked Core":0,"Nuclear Battery":17},{"Darkstone Periapt":12,"Blue Candle":3,"Molten Egg 2":3,"Pen Nib":4,"Red Mask":12,"Frozen Egg 2":3,"Orichalcum":11,"Cracked Core":0,"Nuclear Battery":8},{"Darkstone Periapt":67,"Blue Candle":12,"Molten Egg 2":12,"Pen Nib":18,"Red Mask":67,"Frozen Egg 2":12,"Orichalcum":61,"Cracked Core":0,"Nuclear Battery":42}]},"card_choices":[{"not_picked":["Sweeping Beam","Go for the Eyes"],"picked":"Cold Snap","floor":1.0},{"not_picked":["Skim","Coolheaded"],"picked":"Consume","floor":5.0},{"not_picked":["Sunder","Ball Lightning"],"picked":"Chaos","floor":7.0},{"not_picked":["Skim","Stack"],"picked":"Aggregate","floor":10.0},{"not_picked":["Hologram","Stack"],"picked":"Defragment+1","floor":11.0},{"not_picked":["Ball Lightning+1","Electrodynamics+1"],"picked":"Self Repair+1","floor":12.0},{"not_picked":["Ball Lightning+1","Leap"],"picked":"Loop+1","floor":14.0},{"not_picked":["Electrodynamics+1","All For One+1"],"picked":"Machine Learning+1","floor":16.0},{"not_picked":["Streamline+1","Rebound+1","Stack"],"picked":"SKIP","floor":18.0},{"not_picked":["Loop+1","Steam Power","Beam Cell+1"],"picked":"SKIP","floor":19.0},{"not_picked":["Compile Driver+1","Meteor Strike+1"],"picked":"Coolheaded+1","floor":20.0},{"not_picked":["Melter+1","Leap"],"picked":"Undo","floor":24.0}],"player_experience":865006,"relics_obtained":[{"floor":7.0,"key":"Frozen Egg 2"},{"floor":9.0,"key":"Blue Candle"},{"floor":10.0,"key":"Pen Nib"},{"floor":24.0,"key":"Red Mask"},{"floor":26.0,"key":"Darkstone Periapt"}],"event_choices":[{"cards_removed":["Defend_B"],"damage_healed":0.0,"max_hp_gain":0.0,"max_hp_loss":0.0,"gold_gain":0.0,"event_name":"Golden Wing","player_choice":"Card Removal","floor":2.0,"gold_loss":0.0,"damage_taken":7.0},{"damage_healed":0.0,"max_hp_gain":5.0,"max_hp_loss":0.0,"gold_gain":0.0,"event_name":"Big Fish","player_choice":"Donut","floor":4.0,"gold_loss":0.0,"damage_taken":0.0},{"damage_healed":0.0,"max_hp_gain":0.0,"max_hp_loss":0.0,"gold_gain":0.0,"event_name":"WeMeetAgain","player_choice":"Paid Gold","floor":8.0,"gold_loss":59.0,"damage_taken":0.0,"relics_obtained":["Molten Egg 2"]},{"damage_healed":0.0,"max_hp_gain":0.0,"max_hp_loss":0.0,"gold_gain":0.0,"event_name":"The Mausoleum","player_choice":"Opened","floor":22.0,"gold_loss":0.0,"damage_taken":0.0,"relics_obtained":["Orichalcum"],"cards_obtained":["Writhe"]},{"damage_healed":0.0,"max_hp_gain":0.0,"max_hp_loss":0.0,"gold_gain":0.0,"event_name":"Masked Bandits","player_choice":"Fought Bandits","floor":24.0,"gold_loss":0.0,"damage_taken":0.0}],"is_beta":false,"boss_relics":[{"not_picked":["Velvet Choker","Tiny House"],"picked":"Nuclear Battery"}],"items_purged_floors":[],"is_endless":false,"potions_floor_spawned":[10,11,14,20,24],"killed_by":"Gremlin Leader","ascension_level":9}}