{"host":"v4tuy5ykrbdcm9o9","time":1613337754,"event":{"mods":["BaseMod","Duelist Mod","Minty Spire (QoL Compilation)","Replay The Spire","StSLib"],"gold_per_floor":[115,115,128,142,153,178,193,220,220,5,5,32,48,66,66,161,161,181,209,221,239,257,257,257],"floor_reached":23,"language":"ENG","playtime":2997,"items_purged":[],"score":351,"play_id":"1a051f9d-581e-47b8-b201-59bcad424222","local_time":"20210214162234","is_ascension_mode":true,"campfire_choices":[{"floor":11,"key":"REST"},{"floor":15,"key":"RECALL"}],"circlet_count":0,"master_deck":["Strike_P","Strike_P","Strike_P","Strike_P","Defend_P","Defend_P","Defend_P","Eruption","Vigilance","Replay:Cycle","FlurryOfBlows","FollowUp","Wallop","Replay:ManipulateFuture","Weave","JustLucky","Judgement","SandsOfTime","WaveOfTheHand","Adaptation","JustLucky","Alpha","EmptyFist+1","Consecrate","ClearTheMind","FearNoEvil+1","Replay:ManipulateFuture"],"relics":["PureWater","ReplayFunnel","Shuriken","Bag of Marbles","Replay:PocketPolymizer","VioletLotus","Red Mask"],"acts_visited":["Exordium","TheCity"],"potions_floor_usage":[5,6,8,14,19,19,22],"damage_taken":[{"damage":0,"enemies":"2 Louse","floor":1,"turns":4},{"damage":0,"enemies":"Cultist","floor":3,"turns":2},{"damage":2,"enemies":"Small Slimes","floor":4,"turns":2},{"damage":2,"enemies":"3 Louse","floor":5,"turns":3},{"damage":37,"enemies":"Replay:BlueRogue","floor":6,"turns":5},{"damage":10,"enemies":"Gremlin Gang","floor":7,"turns":4},{"damage":0,"enemies":"Lagavulin","floor":8,"turns":4},{"damage":9,"enemies":"Gremlin Nob","floor":12,"turns":3},{"damage":0,"enemies":"Exordium Wildlife","floor":13,"turns":3},{"damage":0,"enemies":"Blue Slaver","floor":14,"turns":1},{"damage":24,"enemies":"Hexaghost","floor":16,"turns":11},{"damage":0,"enemies":"3 Byrds","floor":18,"turns":4},{"damage":15,"enemies":"Masked Bandits","floor":19,"turns":5},{"damage":3,"enemies":"2 Thieves","floor":20,"turns":3},{"damage":15,"enemies":"3 Cultists","floor":21,"turns":4},{"damage":14,"enemies":"Shelled Parasite and Fungi","floor":22,"turns":3},{"damage":29,"enemies":"Slavers","floor":23,"turns":2}],"seed_played":"-4435707861183987399","potions_obtained":[{"floor":4,"key":"GamblersBrew"},{"floor":5,"key":"Regen Potion"},{"floor":7,"key":"Milkshake"},{"floor":12,"key":"Swift Potion"},{"floor":14,"key":"Regen Potion"},{"floor":16,"key":"Dexterity Potion"},{"floor":21,"key":"SkillPotion"}],"is_trial":false,"path_per_floor":["M","?","M","M","M","E","M","E","T","$","R","E","M","M","R","B",null,"M","?","M","M","M","E"],"character_chosen":"WATCHER","items_purchased":["Bag of Marbles","SandsOfTime"],"campfire_rested":1,"item_purchase_floors":[10,10],"current_hp_per_floor":[65,65,65,63,61,38,28,28,28,28,49,40,40,40,40,16,58,58,57,54,39,25,0,0],"gold":257,"neow_bonus":"THREE_CARDS","is_daily":false,"chose_seed":false,"campfire_upgraded":0,"win_rate":0.0,"timestamp":1613337754,"path_taken":["M","?","M","M","M","E","M","E","T","?","R","E","M","M","R","BOSS","M","?","M","M","M","E"],"items_purchased_type":["Relic","Card"],"build_version":"2020-12-22","purchased_purges":0,"victory":false,"max_hp_per_floor":[72,72,72,72,72,72,72,72,72,72,72,72,72,72,72,72,72,72,72,72,72,72,72,72],"card_choices":[{"not_picked":["Halt","Replay:AtTheReady"],"picked":"Replay:Cycle","floor":0},{"not_picked":["CrushJoints","Halt"],"picked":"FlurryOfBlows","floor":1},{"not_picked":["FearNoEvil","Replay:Hum"],"picked":"FollowUp","floor":3},{"not_picked":["WaveOfTheHand","SashWhip"],"picked":"Wallop","floor":4},{"not_picked":["Nirvana","DeceiveReality"],"picked":"Replay:ManipulateFuture","floor":5},{"not_picked":["FlurryOfBlows","Worship"],"picked":"Weave","floor":6},{"not_picked":["Adaptation","CutThroughFate"],"picked":"JustLucky","floor":7},{"not_picked":["EmptyBody","Nirvana"],"picked":"Judgement","floor":8},{"not_picked":["ReachHeaven","ClearTheMind"],"picked":"WaveOfTheHand","floor":12},{"not_picked":["Protect","Worship"],"picked":"Adaptation","floor":13},{"not_picked":["EmptyBody","Crescendo"],"picked":"JustLucky","floor":14},{"not_picked":["Vault","MasterReality"],"picked":"Alpha","floor":16},{"not_picked":["Vengeance","Replay:Battleflow+1"],"picked":"EmptyFist+1","floor":18},{"not_picked":["BattleHymn","Replay:BluntJabs"],"picked":"Consecrate","floor":19},{"not_picked":["Protect","Consecrate"],"picked":"ClearTheMind","floor":20},{"not_picked":["InnerPeace","Replay:BluntJabs"],"picked":"FearNoEvil+1","floor":21},{"not_picked":["Replay:Battleflow+1","Replay:BluntJabs"],"picked":"Replay:ManipulateFuture","floor":22}],"player_experience":876243,"relics_obtained":[{"floor":6,"key":"ReplayFunnel"},{"floor":8,"key":"Shuriken"},{"floor":12,"key":"Replay:PocketPolymizer"},{"floor":19,"key":"Red Mask"}],"event_choices":[{"cards_removed":["Defend_P"],"damage_healed":0,"gold_gain":0,"player_choice":"Card Removal","damage_taken":0,"max_hp_gain":0,"max_hp_loss":0,"event_name":"Wheel of Change","floor":2,"gold_loss":0},{"damage_healed":0,"gold_gain":0,"player_choice":"Fought Bandits","damage_taken":0,"max_hp_gain":0,"max_hp_loss":0,"event_name":"Masked Bandits","floor":19,"gold_loss":0}],"is_beta":false,"boss_relics":[{"not_picked":["Snecko Eye","Replay:Wanted Poster"],"picked":"VioletLotus"}],"items_purged_floors":[],"is_endless":false,"potions_floor_spawned":[4,5,7,12,14,16,21],"killed_by":"Slavers","ascension_level":9}}