{"host":"b7j598ve05halrwk","time":1613287410,"event":{"mods":["2.2 Compatiblity","BaseMod","Block Reminder","DeckTracker","Minty Spire (QoL Compilation)","Relic Stats","Slay the Relics Exporter","StSLib","ojb\u0027s Better Paths Mod","ojb\u0027s Info Mod"],"gold_per_floor":[360,371,23,23,23,23,23,33,103,103,135,135,135,146,146,224,224,238,238,238,163,173,198,198,232,232,232,232],"floor_reached":27,"language":"ENG","playtime":1173,"items_purged":["Clumsy"],"score":494,"play_id":"fe21c783-a7a5-42a5-ae14-a70fdec3e715","local_time":"20210214022330","is_ascension_mode":true,"campfire_choices":[{"floor":6,"key":"REST"},{"floor":12,"key":"REST"},{"data":"Loop","floor":15,"key":"SMITH"},{"floor":24,"key":"REST"}],"circlet_count":0,"master_deck":["AscendersBane","Strike_B","Strike_B","Defend_B","Defend_B","Zap","Dualcast","Beam Cell","Undo","Defragment","Doom and Gloom","Coolheaded","Coolheaded","Loop+1","Doom and Gloom","Echo Form","Fission","Biased Cognition","Cold Snap","Cold Snap","Undo+1","Meteor Strike"],"relics":["Cracked Core","DataDisk","Ornamental Fan","StrikeDummy","Dream Catcher","SlaversCollar","Tiny Chest","Gambling Chip","Potion Belt","Happy Flower"],"acts_visited":["Exordium","TheCity"],"potions_floor_usage":[11,22,23,23,25,27],"damage_taken":[{"damage":2,"enemies":"Cultist","floor":1,"turns":4},{"damage":7,"enemies":"Jaw Worm","floor":2,"turns":2},{"damage":0,"enemies":"Small Slimes","floor":8,"turns":2},{"damage":17,"enemies":"Lagavulin","floor":11,"turns":5},{"damage":1,"enemies":"2 Fungi Beasts","floor":14,"turns":3},{"damage":13,"enemies":"Hexaghost","floor":16,"turns":8},{"damage":12,"enemies":"Chosen","floor":18,"turns":6},{"damage":18,"enemies":"2 Thieves","floor":22,"turns":4},{"damage":23,"enemies":"Gremlin Leader","floor":23,"turns":5},{"damage":8,"enemies":"Book of Stabbing","floor":25,"turns":4},{"damage":35,"enemies":"Slavers","floor":27,"turns":2}],"seed_played":"1190715049325646776","potions_obtained":[{"floor":1,"key":"FearPotion"},{"floor":8,"key":"DistilledChaos"},{"floor":14,"key":"SkillPotion"},{"floor":22,"key":"EntropicBrew"}],"is_trial":false,"path_per_floor":["M","M","$","?","$","R","?","M","T","?","E","R","?","M","R","B",null,"M","?","?","?","M","E","R","E","T","E"],"character_chosen":"DEFECT","items_purchased":["Defragment","Doom and Gloom","DataDisk"],"campfire_rested":3,"item_purchase_floors":[3,3,3],"current_hp_per_floor":[62,55,55,10,10,31,24,24,24,24,7,28,28,27,27,14,57,45,45,45,45,27,4,25,29,29,0,0],"gold":232,"neow_bonus":"TWO_FIFTY_GOLD","is_daily":false,"chose_seed":false,"campfire_upgraded":1,"win_rate":0.0,"timestamp":1613287410,"path_taken":["M","M","$","?","$","R","?","M","T","?","E","R","?","?","R","BOSS","M","?","?","?","?","E","R","E","T","E"],"items_purchased_type":["Card","Card","Relic"],"build_version":"2020-12-22","purchased_purges":1,"victory":false,"max_hp_per_floor":[71,71,71,71,71,71,71,71,71,71,71,71,71,71,71,71,71,71,71,71,71,71,71,71,71,71,71,71],"relic_stats":{"Dream Catcher":2,"Happy Flower":[0],"counters":[11,42],"Ornamental Fan":[16],"Gambling Chip":[4],"Tiny Chest":0,"obtain_stats":[{"Potion Belt":25,"SlaversCollar":17,"DataDisk":3,"Dream Catcher":11,"Happy Flower":26,"Ornamental Fan":4,"Gambling Chip":23,"Tiny Chest":19,"Cracked Core":0,"StrikeDummy":9},{"Potion Belt":10,"SlaversCollar":6,"DataDisk":2,"Dream Catcher":4,"Happy Flower":10,"Ornamental Fan":2,"Gambling Chip":9,"Tiny Chest":7,"Cracked Core":0,"StrikeDummy":3},{"Potion Belt":40,"SlaversCollar":23,"DataDisk":6,"Dream Catcher":13,"Happy Flower":40,"Ornamental Fan":6,"Gambling Chip":36,"Tiny Chest":28,"Cracked Core":0,"StrikeDummy":8}]},"card_choices":[{"not_picked":["Steam","Barrage"],"picked":"Beam Cell","floor":1},{"not_picked":["Auto Shields","Recycle"],"picked":"Undo","floor":2},{"not_picked":["Gash","Redo"],"picked":"Coolheaded","floor":8},{"not_picked":["Conserve Battery","Doom and Gloom"],"picked":"Coolheaded","floor":11},{"not_picked":["Steam","Heatsinks"],"picked":"Loop","floor":12},{"not_picked":["Steam Power","Beam Cell"],"picked":"Doom and Gloom","floor":14},{"not_picked":["Creative AI","All For One"],"picked":"Echo Form","floor":16},{"not_picked":["Leap","Compile Driver","Gash"],"picked":"SKIP","floor":18},{"not_picked":["Skim","Scrape"],"picked":"Cold Snap","floor":22},{"not_picked":["Chaos","Hologram"],"picked":"Cold Snap","floor":23},{"not_picked":["Turbo","Cold Snap"],"picked":"Undo+1","floor":24},{"not_picked":["Reprogram+1","Turbo"],"picked":"Meteor Strike","floor":25}],"player_experience":1146623,"relics_obtained":[{"floor":9,"key":"StrikeDummy"},{"floor":11,"key":"Dream Catcher"},{"floor":23,"key":"Gambling Chip"},{"floor":25,"key":"Potion Belt"},{"floor":26,"key":"Happy Flower"}],"event_choices":[{"damage_healed":0,"gold_gain":0,"player_choice":"Success","damage_taken":45,"relics_obtained":["Ornamental Fan"],"max_hp_gain":0,"max_hp_loss":0,"event_name":"Scrap Ooze","floor":4,"gold_loss":0},{"cards_removed":["Strike_B"],"damage_healed":0,"gold_gain":0,"player_choice":"Card Removal","damage_taken":7,"max_hp_gain":0,"max_hp_loss":0,"event_name":"Golden Wing","floor":7,"gold_loss":0},{"damage_healed":0,"gold_gain":0,"player_choice":"Ignored","damage_taken":0,"max_hp_gain":0,"max_hp_loss":0,"event_name":"Shining Light","floor":10,"gold_loss":0},{"cards_removed":["Defend_B"],"damage_healed":0,"gold_gain":0,"player_choice":"Offered Basic","damage_taken":0,"max_hp_gain":0,"max_hp_loss":0,"event_name":"Bonfire Elementals","floor":13,"gold_loss":0},{"damage_healed":0,"gold_gain":0,"player_choice":"Opened","damage_taken":0,"relics_obtained":["Tiny Chest"],"max_hp_gain":0,"max_hp_loss":0,"event_name":"The Mausoleum","floor":19,"gold_loss":0,"cards_obtained":["Writhe"]},{"damage_healed":0,"gold_gain":0,"cards_transformed":["Defend_B","Strike_B"],"player_choice":"Became Test Subject","damage_taken":0,"max_hp_gain":0,"max_hp_loss":0,"event_name":"Drug Dealer","floor":20,"gold_loss":0,"cards_obtained":["Fission","Biased Cognition"]},{"cards_removed":["Writhe"],"damage_healed":0,"gold_gain":0,"player_choice":"Gave Gold","damage_taken":0,"max_hp_gain":0,"max_hp_loss":0,"event_name":"Beggar","floor":21,"gold_loss":75}],"is_beta":false,"boss_relics":[{"not_picked":["Busted Crown","Tiny House"],"picked":"SlaversCollar"}],"items_purged_floors":[3],"is_endless":false,"potions_floor_spawned":[1,8,14,22],"killed_by":"Slavers","ascension_level":20}}