{"host":"fkpiy6brc0jk9mxy","time":1613286989,"event":{"mods":["BaseMod","Hermit","Keyboard Shortcuts","Minty Spire (QoL Compilation)","Permanent Neow","StSLib","SuperFastMode","The Servant 0.9.4","everything is the same but u backflip on backflip"],"gold_per_floor":[116,116,41,41,52,85,85,99,99,99,99,127,144,144,144,270,270,294,294,294,47,72,72,87,110,164,179,93,93,93,107,107,207,207,222,1221,1221,922,935,967,967,978,978,978,991,1005,1020,1020,1020],"floor_reached":48,"language":"KOR","playtime":2603,"items_purged":["Regret"],"score":547,"play_id":"8bd13c74-e08e-4784-ae5e-3e64e34a1449","local_time":"20210214161629","is_ascension_mode":false,"campfire_choices":[{"data":"hermit:Headshot","floor":7.0,"key":"SMITH"},{"data":"hermit:HighCaliber","floor":10.0,"key":"SMITH"},{"data":"hermit:Snapshot","floor":15.0,"key":"SMITH"},{"data":"hermit:Enervate","floor":23.0,"key":"SMITH"},{"data":"hermit:FinalCanter","floor":29.0,"key":"SMITH"},{"data":"hermit:Spite","floor":32.0,"key":"SMITH"},{"floor":41.0,"key":"REST"},{"floor":44.0,"key":"REST"}],"circlet_count":0,"master_deck":["hermit:Strike_Hermit+1","hermit:Strike_Hermit+1","hermit:Strike_Hermit+1","hermit:Defend_Hermit+1","hermit:Defend_Hermit+1","hermit:Defend_Hermit+1","hermit:Defend_Hermit+1","hermit:Snapshot+1","hermit:Covet+1","hermit:HighCaliber+1","hermit:Headshot+1","hermit:FromBeyond+1","CurseOfTheBell","hermit:Enervate+1","hermit:FinalCanter+1","hermit:Spite+1","hermit:HighCaliber+1","hermit:Dissolve+1","Parasite","hermit:ShadowCloak","hermit:SprayPray"],"relics":["hermit:Momento","NeowsBlessing","Singing Bowl","hermit:CharredGlove","Shuriken","Art of War","Bloody Idol","Calling Bell","Boot","Eternal Feather","Torii","Sling","Omamori","hermit:BartenderGlass","Ice Cream","War Paint","Regal Pillow"],"acts_visited":["Exordium","TheCity","TheBeyond"],"potions_floor_usage":[48,48,48,48],"damage_taken":[{"damage":0.0,"enemies":"Cultist","floor":1.0,"turns":1.0},{"damage":0.0,"enemies":"Small Slimes","floor":5.0,"turns":1.0},{"damage":0.0,"enemies":"Lagavulin","floor":6.0,"turns":1.0},{"damage":3.0,"enemies":"Jaw Worm","floor":8.0,"turns":3.0},{"damage":14.0,"enemies":"Gremlin Nob","floor":12.0,"turns":3.0},{"damage":15.0,"enemies":"Gremlin Gang","floor":13.0,"turns":4.0},{"damage":54.0,"enemies":"The Guardian","floor":16.0,"turns":11.0},{"damage":1.0,"enemies":"Chosen","floor":18.0,"turns":4.0},{"damage":1.0,"enemies":"Spheric Guardian","floor":22.0,"turns":3.0},{"damage":3.0,"enemies":"Cultist and Chosen","floor":24.0,"turns":4.0},{"damage":0.0,"enemies":"Snecko","floor":25.0,"turns":3.0},{"damage":13.0,"enemies":"3 Cultists","floor":27.0,"turns":5.0},{"damage":1.0,"enemies":"Chosen and Byrds","floor":31.0,"turns":3.0},{"damage":76.0,"enemies":"Automaton","floor":33.0,"turns":9.0},{"damage":0.0,"enemies":"3 Shapes","floor":35.0,"turns":4.0},{"damage":19.0,"enemies":"3 Darklings","floor":39.0,"turns":4.0},{"damage":67.0,"enemies":"Giant Head","floor":40.0,"turns":9.0},{"damage":36.0,"enemies":"4 Shapes","floor":42.0,"turns":5.0},{"damage":14.0,"enemies":"Writhing Mass","floor":45.0,"turns":5.0},{"damage":13.0,"enemies":"Jaw Worm Horde","floor":46.0,"turns":4.0},{"damage":2.0,"enemies":"4 Shapes","floor":47.0,"turns":5.0},{"damage":74,"enemies":"Nemesis","floor":48,"turns":4}],"seed_played":"-2180664376086299455","potions_obtained":[{"floor":5.0,"key":"LiquidBronze"},{"floor":8.0,"key":"Regen Potion"},{"floor":16.0,"key":"Fire Potion"},{"floor":22.0,"key":"BlessingOfTheForge"},{"floor":27.0,"key":"BlessingOfTheForge"},{"floor":39.0,"key":"LiquidBronze"},{"floor":40.0,"key":"CultistPotion"},{"floor":45.0,"key":"ColorlessPotion"}],"is_trial":false,"path_per_floor":["M","?","$","?","M","E","R","M","T","R","?","E","M","?","R","B",null,"M","?","?","$","M","R","M","M","T","M","$","R","?","M","R","B",null,"M","?","?","$","M","E","R","M","T","R","M","M","M","E"],"character_chosen":"HERMIT","items_purchased":["Sling","Fruit Juice","hermit:Spite","Explosive Potion","Ice Cream"],"campfire_rested":2,"item_purchase_floors":[21,21,28,28,38],"current_hp_per_floor":[75,75,75,75,75,75,75,74,74,74,74,62,49,49,49,10,75,74,74,74,79,80,82,81,81,81,70,70,79,79,83,86,15,86,88,88,88,88,76,16,52,23,23,75,66,58,63,0,0],"gold":1020,"neow_bonus":"THREE_ENEMY_KILL","is_daily":false,"chose_seed":false,"campfire_upgraded":6,"win_rate":0.0,"timestamp":1613286989,"path_taken":["M","?","$","?","M","E","R","?","T","R","?","E","?","?","R","BOSS","M","?","?","$","M","R","M","M","T","?","$","R","?","M","R","BOSS","M","?","?","$","M","E","R","M","T","R","?","M","M","E"],"items_purchased_type":["Relic","Potion","Card","Potion","Relic"],"build_version":"2020-12-22","purchased_purges":1,"victory":false,"max_hp_per_floor":[75,75,75,75,75,75,75,77,77,77,77,79,81,75,75,75,75,75,75,75,80,82,82,84,84,84,86,86,86,86,86,86,86,86,88,88,88,88,90,92,92,94,94,94,94,94,96,96,96],"card_choices":[{"not_picked":["hermit:Roulette","hermit:PistolWhip","hermit:ItchyTrigger"],"picked":"SKIP","floor":1.0},{"not_picked":["hermit:Quickdraw","hermit:Manifest"],"picked":"hermit:HighCaliber","floor":5.0},{"not_picked":["hermit:LoneWolf","hermit:Quickdraw"],"picked":"hermit:Headshot","floor":6.0},{"not_picked":["hermit:WideOpen","hermit:Showdown","hermit:Horror"],"picked":"Singing Bowl","floor":8.0},{"not_picked":["hermit:FlashPowder","hermit:LoneWolf","hermit:BodyArmor"],"picked":"Singing Bowl","floor":12.0},{"not_picked":["hermit:HighNoon","hermit:Snipe","hermit:TrackingShot"],"picked":"Singing Bowl","floor":13.0},{"not_picked":["hermit:Reprieve","hermit:FinalCanter"],"picked":"hermit:FromBeyond","floor":16.0},{"not_picked":["hermit:LowProfile","hermit:ShadowCloak+1"],"picked":"hermit:Enervate","floor":18.0},{"not_picked":["hermit:Dive","hermit:Horror+1","hermit:LoneWolf+1"],"picked":"Singing Bowl","floor":22.0},{"not_picked":["hermit:SprayPray+1","hermit:Desperado+1","hermit:EyeOfTheStorm"],"picked":"Singing Bowl","floor":24.0},{"not_picked":["hermit:GhostlyPresence","hermit:Snipe+1"],"picked":"hermit:FinalCanter","floor":25.0},{"not_picked":["hermit:Manifest+1","hermit:Desperado","hermit:Gestalt"],"picked":"Singing Bowl","floor":27.0},{"not_picked":["hermit:Coalescence","hermit:Misfire"],"picked":"hermit:HighCaliber+1","floor":31.0},{"not_picked":["hermit:Gambit","hermit:EternalForm"],"picked":"hermit:Dissolve","floor":33.0},{"not_picked":["hermit:FullyLoaded","hermit:ItchyTrigger","hermit:Coalescence+1"],"picked":"Singing Bowl","floor":35.0},{"not_picked":["hermit:Coalescence","hermit:Glare","hermit:Manifest"],"picked":"Singing Bowl","floor":39.0},{"not_picked":["hermit:ItchyTrigger","hermit:Glare+1","hermit:HighCaliber"],"picked":"Singing Bowl","floor":40.0},{"not_picked":["hermit:Vantage+1","hermit:CursedWeapon","hermit:Manifest"],"picked":"Singing Bowl","floor":42.0},{"not_picked":["hermit:Misfire","hermit:HoleUp"],"picked":"hermit:ShadowCloak","floor":45.0},{"not_picked":["hermit:LowProfile+1","hermit:DeadOrAlive"],"picked":"hermit:SprayPray","floor":46.0},{"not_picked":["hermit:Shortfuse","hermit:TakeCover+1","hermit:CalledShot+1"],"picked":"Singing Bowl","floor":47.0}],"player_experience":356458,"relics_obtained":[{"floor":6.0,"key":"hermit:CharredGlove"},{"floor":9.0,"key":"Shuriken"},{"floor":12.0,"key":"Art of War"},{"floor":17.0,"key":"Boot"},{"floor":17.0,"key":"Eternal Feather"},{"floor":17.0,"key":"Torii"},{"floor":26.0,"key":"Omamori"},{"floor":40.0,"key":"War Paint"},{"floor":43.0,"key":"Regal Pillow"}],"event_choices":[{"damage_healed":0.0,"max_hp_gain":0.0,"max_hp_loss":0.0,"gold_gain":0.0,"event_name":"Big Fish","player_choice":"Box","floor":2.0,"gold_loss":0.0,"damage_taken":0.0,"relics_obtained":["Singing Bowl"],"cards_obtained":["Regret"]},{"damage_healed":0.0,"max_hp_gain":0.0,"max_hp_loss":0.0,"gold_gain":0.0,"event_name":"NoteForYourself","player_choice":"Ignored","floor":4.0,"gold_loss":0.0,"damage_taken":0.0},{"cards_removed":["hermit:Strike_Hermit"],"damage_healed":0.0,"max_hp_gain":0.0,"max_hp_loss":0.0,"gold_gain":0.0,"event_name":"Purifier","player_choice":"Purged","floor":11.0,"gold_loss":0.0,"damage_taken":0.0},{"damage_healed":0.0,"max_hp_gain":0.0,"max_hp_loss":6.0,"gold_gain":0.0,"event_name":"Golden Idol","player_choice":"Lose Max HP","floor":14.0,"gold_loss":0.0,"damage_taken":0.0,"relics_obtained":["Golden Idol"]},{"damage_healed":0.0,"max_hp_gain":0.0,"max_hp_loss":0.0,"gold_gain":0.0,"event_name":"Back to Basics","player_choice":"Simplicity","floor":19.0,"gold_loss":0.0,"damage_taken":0.0,"cards_upgraded":["hermit:Strike_Hermit","hermit:Strike_Hermit","hermit:Strike_Hermit","hermit:Defend_Hermit","hermit:Defend_Hermit","hermit:Defend_Hermit","hermit:Defend_Hermit"]},{"damage_healed":0.0,"max_hp_gain":0.0,"max_hp_loss":0.0,"gold_gain":0.0,"event_name":"Upgrade Shrine","player_choice":"Upgraded","floor":20.0,"gold_loss":0.0,"damage_taken":0.0,"cards_upgraded":["hermit:FromBeyond"]},{"damage_healed":0.0,"max_hp_gain":0.0,"max_hp_loss":0.0,"gold_gain":0.0,"event_name":"Forgotten Altar","player_choice":"Gave Idol","floor":30.0,"relics_lost":["Golden Idol"],"gold_loss":0.0,"damage_taken":0.0,"relics_obtained":["Bloody Idol"]},{"damage_healed":0.0,"max_hp_gain":0.0,"max_hp_loss":0.0,"gold_gain":999.0,"event_name":"MindBloom","player_choice":"Gold","floor":36.0,"gold_loss":0.0,"damage_taken":0.0,"cards_obtained":["Normality","Normality"]},{"damage_healed":0.0,"max_hp_gain":0.0,"max_hp_loss":0.0,"gold_gain":0.0,"event_name":"Accursed Blacksmith","player_choice":"Forge","floor":37.0,"gold_loss":0.0,"damage_taken":0.0,"cards_upgraded":["hermit:Dissolve"]}],"is_beta":false,"boss_relics":[{"not_picked":["SlaversCollar","hermit:DentedPlate"],"picked":"Calling Bell"},{"not_picked":["Fusion Hammer","Empty Cage"],"picked":"hermit:BartenderGlass"}],"items_purged_floors":[3],"is_endless":false,"potions_floor_spawned":[5,8,16,22,27,39,40,45],"killed_by":"Nemesis","ascension_level":0}}