{"host":"d5i1qeb9dejicw1z","time":1613330690,"event":{"mods":["AchievementEnabler","BaseMod","Better Note","BetterRewards","Evolution","Gold Saver","Minty Spire (QoL Compilation)","Permanent Neow","Relic Filter Mod","Reliquary","StSLib"],"gold_per_floor":[716,731,747,747,747,747,747,17,43,43,60,20,30,45,45,117,117,117,117,117,117,117,117,117,117,117,117,117,117,117,117,117,117,117,117,117,17,17,17,17,17],"floor_reached":40,"language":"ENG","playtime":2165,"items_purged":["Strike_G","Strike_G"],"score":1053,"play_id":"2fd3df4c-591e-4731-90b0-8c377fda1f1c","local_time":"20210214112450","is_ascension_mode":true,"campfire_choices":[{"data":"Caltrops","floor":7,"key":"SMITH"},{"data":"Footwork","floor":10,"key":"SMITH"},{"floor":15,"key":"REST"},{"floor":27,"key":"REST"},{"floor":30,"key":"REST"},{"floor":32,"key":"REST"}],"circlet_count":0,"master_deck":["AscendersBane","Strike_G","Defend_G","Defend_G","Defend_G","Defend_G","Defend_G","Survivor+1","Neutralize","Footwork+1","Caltrops+1","Footwork+1","Leg Sweep","Poisoned Stab","Deadly Poison","Noxious Fumes","Adrenaline","Noxious Fumes","Echo Form+1","Crippling Poison","Backflip","Deflect","Envenom","Backflip","Footwork"],"relics":["Ring of the Snake","EVO:Axolotl","Turnip","Lee\u0027s Waffle","Snake Skull","The Specimen","ClockworkSouvenir","reliquary:Boomerang","Ectoplasm","MutagenicStrength","Red Mask","reliquary:Aerogel","Empty Cage"],"acts_visited":["Exordium","TheCity","TheBeyond"],"potions_floor_usage":[6,6,14,24,28,33,35,39],"damage_taken":[{"damage":2,"enemies":"Cultist","floor":1,"turns":5},{"damage":1,"enemies":"Small Slimes","floor":2,"turns":4},{"damage":3,"enemies":"2 Louse","floor":3,"turns":3},{"damage":10,"enemies":"Lagavulin","floor":6,"turns":19},{"damage":14,"enemies":"Red Slaver","floor":11,"turns":4},{"damage":0,"enemies":"Looter","floor":12,"turns":4},{"damage":18,"enemies":"Exordium Thugs","floor":13,"turns":9},{"damage":0,"enemies":"2 Fungi Beasts","floor":14,"turns":3},{"damage":6,"enemies":"The Guardian","floor":16,"turns":11},{"damage":5,"enemies":"Shell Parasite","floor":18,"turns":7},{"damage":10,"enemies":"Chosen","floor":21,"turns":4},{"damage":2,"enemies":"Snake Plant","floor":23,"turns":5},{"damage":21,"enemies":"Masked Bandits","floor":24,"turns":6},{"damage":0,"enemies":"Sentry and Sphere","floor":25,"turns":5},{"damage":18,"enemies":"Chosen and Byrds","floor":28,"turns":5},{"damage":5,"enemies":"Snecko","floor":31,"turns":7},{"damage":4,"enemies":"Champ","floor":33,"turns":13},{"damage":19,"enemies":"3 Darklings","floor":35,"turns":5},{"damage":10,"enemies":"Orb Walker","floor":38,"turns":5},{"damage":18,"enemies":"Writhing Mass","floor":39,"turns":8},{"damage":26,"enemies":"Reptomancer","floor":40,"turns":2}],"seed_played":"7105215717610809141","potions_obtained":[{"floor":1,"key":"SmokeBomb"},{"floor":2,"key":"Swift Potion"},{"floor":13,"key":"Block Potion"},{"floor":23,"key":"SpeedPotion"},{"floor":25,"key":"Explosive Potion"},{"floor":31,"key":"Swift Potion"},{"floor":33,"key":"Weak Potion"},{"floor":38,"key":"ColorlessPotion"}],"is_trial":false,"path_per_floor":["M","M","M","?","?","E","R","$","T","R","M","M","M","M","R","B",null,"M","?","?","M","?","M","?","M","T","R","M","?","R","M","R","B",null,"M","?","$","M","M","E"],"character_chosen":"THE_SILENT","items_purchased":["Footwork","Lee\u0027s Waffle","Snake Skull","The Specimen","Poisoned Stab","ClockworkSouvenir"],"campfire_rested":4,"item_purchase_floors":[0,0,8,8,8,8],"current_hp_per_floor":[71,70,67,45,45,35,35,35,35,35,21,21,3,3,24,18,59,54,54,54,44,44,42,21,21,21,42,24,24,45,40,61,57,69,50,50,50,40,22,0,0],"gold":17,"neow_bonus":"","is_daily":false,"chose_seed":false,"campfire_upgraded":2,"win_rate":0.0,"timestamp":1613330690,"path_taken":["M","M","?","?","?","E","R","$","T","R","M","?","M","M","R","BOSS","M","?","?","M","?","M","?","M","T","R","?","?","R","M","R","BOSS","M","?","$","?","M","E"],"items_purchased_type":["Card","Relic","Relic","Relic","Card","Relic"],"build_version":"2020-12-22","purchased_purges":2,"victory":false,"max_hp_per_floor":[73,73,73,73,73,73,73,73,73,73,73,73,73,73,73,73,73,73,73,73,73,73,73,73,73,73,73,73,73,73,73,73,73,73,73,73,73,73,73,73,73],"card_choices":[{"not_picked":["Prepared","Tactician"],"picked":"Caltrops","floor":1},{"not_picked":["Choke","PiercingWail","Endless Agony"],"picked":"SKIP","floor":2},{"not_picked":["Sucker Punch","Outmaneuver"],"picked":"Footwork","floor":3},{"not_picked":["Tactician","Infinite Blades"],"picked":"Deadly Poison","floor":11},{"not_picked":["Acrobatics","Masterful Stab","Dagger Spray"],"picked":"SKIP","floor":12},{"not_picked":["Deflect","Well Laid Plans","Predator"],"picked":"SKIP","floor":13},{"not_picked":["Crippling Poison","Dagger Throw"],"picked":"Noxious Fumes","floor":14},{"not_picked":["Phantasmal Killer","Die Die Die"],"picked":"Adrenaline","floor":16},{"not_picked":["Backflip","Heel Hook"],"picked":"Noxious Fumes","floor":18},{"not_picked":["Underhanded Strike+1","Dagger Throw"],"picked":"Crippling Poison","floor":21},{"not_picked":["Footwork","Escape Plan"],"picked":"Backflip","floor":23},{"not_picked":["Bouncing Flask","Cloak And Dagger"],"picked":"Deflect","floor":25},{"not_picked":["Outmaneuver","Masterful Stab","Eviscerate+1"],"picked":"SKIP","floor":28},{"not_picked":["Well Laid Plans","Calculated Gamble","Acrobatics"],"picked":"SKIP","floor":31},{"not_picked":["Dash","Heel Hook","Dagger Spray"],"picked":"SKIP","floor":35},{"not_picked":["PiercingWail","Riddle With Holes"],"picked":"Backflip","floor":38},{"not_picked":["Skewer","PiercingWail"],"picked":"Footwork","floor":39}],"player_experience":1240992,"relics_obtained":[{"floor":9,"key":"reliquary:Boomerang"},{"floor":24,"key":"Red Mask"},{"floor":26,"key":"reliquary:Aerogel"}],"event_choices":[{"damage_healed":0,"gold_gain":0,"player_choice":"Entered Light","damage_taken":22,"max_hp_gain":0,"max_hp_loss":0,"event_name":"Shining Light","floor":4,"gold_loss":0,"cards_upgraded":["Survivor","Footwork"]},{"damage_healed":0,"gold_gain":0,"cards_transformed":["Endless Agony"],"player_choice":"Transformed","damage_taken":0,"max_hp_gain":0,"max_hp_loss":0,"event_name":"Transmorgrifier","floor":5,"gold_loss":0,"cards_obtained":["Leg Sweep"]},{"cards_removed":["Echo Form"],"damage_healed":0,"gold_gain":0,"player_choice":"Take \u0026 Give","damage_taken":0,"max_hp_gain":0,"max_hp_loss":0,"event_name":"betterNote:BetterNote","floor":19,"gold_loss":0,"cards_obtained":["Echo Form"]},{"damage_healed":0,"gold_gain":0,"player_choice":"Inject Mutagens","damage_taken":0,"relics_obtained":["MutagenicStrength"],"max_hp_gain":0,"max_hp_loss":0,"event_name":"Drug Dealer","floor":20,"gold_loss":0},{"damage_healed":0,"gold_gain":0,"player_choice":"Ignored","damage_taken":0,"max_hp_gain":0,"max_hp_loss":0,"event_name":"Ghosts","floor":22,"gold_loss":0},{"damage_healed":0,"gold_gain":0,"player_choice":"Fought Bandits","damage_taken":0,"max_hp_gain":0,"max_hp_loss":0,"event_name":"Masked Bandits","floor":24,"gold_loss":0},{"damage_healed":0,"gold_gain":0,"player_choice":"1 cards matched","damage_taken":0,"max_hp_gain":0,"max_hp_loss":0,"event_name":"Match and Keep!","floor":29,"gold_loss":0,"cards_obtained":["Envenom"]},{"damage_healed":0,"gold_gain":0,"player_choice":"Ignored","damage_taken":0,"max_hp_gain":0,"max_hp_loss":0,"event_name":"Transmorgrifier","floor":36,"gold_loss":0}],"is_beta":false,"boss_relics":[{"not_picked":["WristBlade","reliquary:WritOfMandamus"],"picked":"Ectoplasm"},{"not_picked":["Philosopher\u0027s Stone","reliquary:Craggleroot"],"picked":"Empty Cage"}],"items_purged_floors":[0,37],"is_endless":false,"potions_floor_spawned":[1,2,6,13,23,25,31,33,38],"killed_by":"Reptomancer","ascension_level":19}}