{"host":"l5n1ub3tb9uvq2cf","time":1613288317,"event":{"mods":["BaseMod","Colored Map","DeckTracker","Minty Spire (QoL Compilation)","Relic Stats","SuperFastMode"],"gold_per_floor":[110,185,185,202,222,222,252,278,323,323,323],"floor_reached":10,"language":"KOR","playtime":208,"items_purged":[],"score":112,"play_id":"c72b8f07-7bee-4288-85ab-1f2851924fe1","local_time":"20210214163837","is_ascension_mode":true,"campfire_choices":[{"floor":6,"key":"REST"}],"circlet_count":0,"master_deck":["AscendersBane","Strike_G","Strike_G","Strike_G","Strike_G","Strike_G","Defend_G","Defend_G","Defend_G","Defend_G","Defend_G","Survivor","Neutralize","CurseOfTheBell","Backflip","Acrobatics","Underhanded Strike"],"relics":["Calling Bell","Snake Skull","Matryoshka","Shovel","Tiny Chest","Odd Mushroom","Shuriken","Lantern","The Courier","Bag of Preparation"],"acts_visited":["Exordium"],"potions_floor_usage":[7,7],"damage_taken":[{"damage":5,"enemies":"Jaw Worm","floor":1,"turns":4},{"damage":5,"enemies":"Small Slimes","floor":4,"turns":4},{"damage":15,"enemies":"2 Louse","floor":5,"turns":4},{"damage":11,"enemies":"The Mushroom Lair","floor":7,"turns":4},{"damage":15,"enemies":"3 Sentries","floor":10,"turns":3}],"seed_played":"4172797191393876590","potions_obtained":[{"floor":1,"key":"DistilledChaos"},{"floor":4,"key":"PowerPotion"}],"is_trial":false,"path_per_floor":["M","?","?","M","M","R","?","T","T","E"],"character_chosen":"THE_SILENT","items_purchased":[],"campfire_rested":1,"item_purchase_floors":[],"current_hp_per_floor":[54,43,25,20,5,24,13,13,13,0,0],"gold":323,"neow_bonus":"BOSS_RELIC","is_daily":false,"chose_seed":false,"campfire_upgraded":0,"win_rate":0.0,"timestamp":1613288317,"path_taken":["M","?","?","M","M","R","?","?","T","E"],"items_purchased_type":[],"build_version":"2020-12-22","purchased_purges":0,"victory":false,"max_hp_per_floor":[66,66,66,66,66,66,66,66,66,66,66],"relic_stats":{"Shovel":0,"counters":[5,19],"Shuriken":[1],"Tiny Chest":0,"Snake Skull":[0],"Bag of Preparation":[2],"obtain_stats":[{"Calling Bell":0,"Lantern":8,"Matryoshka":0,"Shovel":0,"Shuriken":8,"Tiny Chest":3,"Snake Skull":0,"The Courier":9,"Bag of Preparation":9,"Odd Mushroom":7,"Ring of the Snake":0},{"Calling Bell":0,"Lantern":4,"Matryoshka":0,"Shovel":0,"Shuriken":4,"Tiny Chest":1,"Snake Skull":0,"The Courier":4,"Bag of Preparation":4,"Odd Mushroom":4,"Ring of the Snake":0},{"Calling Bell":0,"Lantern":16,"Matryoshka":0,"Shovel":0,"Shuriken":16,"Tiny Chest":4,"Snake Skull":0,"The Courier":16,"Bag of Preparation":16,"Odd Mushroom":16,"Ring of the Snake":0}]},"card_choices":[{"not_picked":["Quick Slash","Deflect"],"picked":"Backflip","floor":1},{"not_picked":["Quick Slash","Backflip"],"picked":"Acrobatics","floor":4},{"not_picked":["Flechettes","Acrobatics","PiercingWail"],"picked":"SKIP","floor":5},{"not_picked":["Blade Dance","Cloak And Dagger"],"picked":"Underhanded Strike","floor":7}],"player_experience":1142620,"relics_obtained":[{"floor":0,"key":"Snake Skull"},{"floor":0,"key":"Matryoshka"},{"floor":0,"key":"Shovel"},{"floor":7,"key":"Odd Mushroom"},{"floor":8,"key":"Shuriken"},{"floor":8,"key":"Lantern"},{"floor":9,"key":"The Courier"},{"floor":9,"key":"Bag of Preparation"}],"event_choices":[{"damage_healed":0,"gold_gain":75,"player_choice":"Gather Gold","damage_taken":11,"max_hp_gain":0,"max_hp_loss":0,"event_name":"World of Goop","floor":2,"gold_loss":0},{"damage_healed":0,"gold_gain":0,"player_choice":"Success","damage_taken":18,"relics_obtained":["Tiny Chest"],"max_hp_gain":0,"max_hp_loss":0,"event_name":"Scrap Ooze","floor":3,"gold_loss":0},{"damage_healed":0,"gold_gain":0,"player_choice":"Fought Mushrooms","damage_taken":0,"max_hp_gain":0,"max_hp_loss":0,"event_name":"Mushrooms","floor":7,"gold_loss":0}],"is_beta":false,"boss_relics":[],"items_purged_floors":[],"is_endless":false,"potions_floor_spawned":[1,4],"killed_by":"3 Sentries","ascension_level":20}}