{"host":"g9q0id8dc4dugrmw","time":1613296956,"event":{"mods":["BaseMod","Colored Map","Downfall","Marisa£®ÏF”Í°°ƒß¿Ì…≥£©","Minty Spire (QoL Compilation)","READ ME - Guardian Mod","Remilia£®¿Ÿ√◊¿Ú—«£©","Replay The Spire","StSLib","The Construct","The Cursed","The Runesmith","The Senshi","The Servant 0.9.4"],"gold_per_floor":[117,132,145,164,69,69,69,69,69,69,100,120,120,137,137,241,241,257,272,51,51,61,61,61],"floor_reached":23,"language":"ZHS","playtime":1755,"items_purged":["Runesmith:UnstableHammer"],"score":193,"play_id":"45583b6f-36fc-4dbb-bf6f-045d0f0f8207","local_time":"20210214180236","is_ascension_mode":false,"campfire_choices":[{"data":"Runesmith:CraftFirestone","floor":7.0,"key":"SMITH"},{"floor":10.0,"key":"REST"},{"floor":13.0,"key":"RECALL"},{"floor":15.0,"key":"REST"}],"circlet_count":0,"master_deck":["Runesmith:Strike_RS","Runesmith:Strike_RS","Runesmith:Strike_RS","Runesmith:Strike_RS","Runesmith:Defend_RS","Runesmith:Defend_RS","Runesmith:Defend_RS+1","Runesmith:Defend_RS","Runesmith:CraftFirestone+1","Runesmith:Fortify","Runesmith:OneForEveryone","Runesmith:CraftIndustria","Runesmith:Firestorm+1","Runesmith:Grindstone+1","Runesmith:CraftVitae","Runesmith:Terraform","Runesmith:CraftObretio","Runesmith:UnlimitedPower","Runesmith:CraftSpiculum"],"relics":["Runesmith:BrokenRuby","construct:RocketBooster","Runesmith:MiniCore","Painkiller Herb","Pet Ghost","Frozen Egg 2"],"acts_visited":["Exordium","TheCity"],"potions_floor_usage":[],"damage_taken":[{"damage":0.0,"enemies":"Cultist","floor":1.0,"turns":4.0},{"damage":3.0,"enemies":"2 Louse","floor":2.0,"turns":4.0},{"damage":5.0,"enemies":"Jaw Worm","floor":3.0,"turns":2.0},{"damage":5.0,"enemies":"Exordium Wildlife","floor":4.0,"turns":5.0},{"damage":19.0,"enemies":"Replay:BlueRogue","floor":11.0,"turns":6.0},{"damage":0.0,"enemies":"Red Slaver","floor":12.0,"turns":5.0},{"damage":2.0,"enemies":"Blue Slaver","floor":14.0,"turns":3.0},{"damage":34.0,"enemies":"Fading Forest","floor":16.0,"turns":11.0},{"damage":20,"enemies":"3 Byrds","floor":18,"turns":8},{"damage":8,"enemies":"Shell Parasite","floor":19,"turns":8},{"damage":11,"enemies":"Centurion and Healer","floor":22,"turns":9},{"damage":38,"enemies":"Slavers","floor":23,"turns":3}],"seed_played":"3424866605440346613","potions_obtained":[{"floor":4.0,"key":"SteroidPotion"},{"floor":11.0,"key":"Energy Potion"},{"floor":14.0,"key":"PowerPotion"},{"floor":22,"key":"DistilledChaos"}],"is_trial":false,"path_per_floor":["M","M","M","M","$","?","R","?","T","R","E","M","R","M","R","B",null,"?","?","T","?","?","E"],"character_chosen":"RUNESMITH_CLASS","items_purchased":["Runesmith:Firestorm","Runesmith:Grindstone","Pet Ghost"],"campfire_rested":2,"item_purchase_floors":[5,5,20],"current_hp_per_floor":[77,74,69,64,64,49,49,42,42,65,46,46,46,44,67,43,77,57,49,49,49,38,0,0],"gold":61,"neow_bonus":"TEN_PERCENT_HP_BONUS","is_daily":false,"chose_seed":false,"campfire_upgraded":1,"win_rate":0.0,"timestamp":1613296956,"path_taken":["M","?","M","M","$","?","R","?","T","R","E","M","R","?","R","BOSS","?","?","T","?","?","E"],"items_purchased_type":["Card","Card","Relic"],"build_version":"2020-12-22","purchased_purges":1,"victory":false,"max_hp_per_floor":[77,77,77,77,77,77,77,77,77,77,77,77,77,77,77,77,77,77,77,77,77,77,77,77],"card_choices":[{"not_picked":["Runesmith:CraftMagma","Runesmith:EarthShield","Runesmith:CraftProtectio"],"picked":"SKIP","floor":1.0},{"not_picked":["Runesmith:Empowerment","Runesmith:EnergizedChisel"],"picked":"Runesmith:OneForEveryone","floor":2.0},{"not_picked":["Runesmith:HammerThrow","Runesmith:CraftProtectio"],"picked":"Runesmith:CraftIndustria","floor":3.0},{"not_picked":["Runesmith:RuneHurl","Runesmith:StaticCage"],"picked":"Runesmith:UnstableHammer","floor":4.0},{"not_picked":["Runesmith:EnergizedChisel","Runesmith:Overpower"],"picked":"Runesmith:CraftVitae","floor":11.0},{"not_picked":["Runesmith:Malloc","Runesmith:ShiftingStrike"],"picked":"Runesmith:Terraform","floor":12.0},{"not_picked":["Runesmith:Overpower","Runesmith:EarthShield"],"picked":"Runesmith:CraftObretio","floor":14.0},{"not_picked":["Runesmith:ReplicatingBarrier","Runesmith:Duplicate"],"picked":"Runesmith:UnlimitedPower","floor":16.0},{"not_picked":["Runesmith:Prism","Runesmith:EarthShield+1","Runesmith:CraftReservo"],"picked":"SKIP","floor":18},{"not_picked":["Runesmith:HeatExchange+1","Runesmith:RuneHurl","Runesmith:Overpower"],"picked":"SKIP","floor":19},{"not_picked":["Runesmith:RuneHurl","Runesmith:EnergizedChisel"],"picked":"Runesmith:CraftSpiculum","floor":22}],"player_experience":142289,"relics_obtained":[{"floor":11.0,"key":"Runesmith:MiniCore"}],"event_choices":[{"damage_healed":0.0,"max_hp_gain":0.0,"max_hp_loss":0.0,"gold_gain":0.0,"event_name":"Shining Light","player_choice":"Entered Light","floor":6.0,"gold_loss":0.0,"damage_taken":15.0,"cards_upgraded":["Runesmith:Firestorm","Runesmith:Grindstone"]},{"damage_healed":0.0,"max_hp_gain":0.0,"max_hp_loss":0.0,"gold_gain":0.0,"event_name":"Scrap Ooze","player_choice":"Success","floor":8.0,"gold_loss":0.0,"damage_taken":7.0,"relics_obtained":["construct:RocketBooster"]},{"damage_healed":0,"gold_gain":0,"player_choice":"Gave Potion","damage_taken":0,"relics_obtained":["Frozen Egg 2"],"max_hp_gain":0,"max_hp_loss":0,"event_name":"WeMeetAgain","floor":21,"gold_loss":0}],"is_beta":false,"boss_relics":[{"not_picked":["construct:WeddingRing","Replay:Grab Bag"],"picked":"Painkiller Herb"}],"items_purged_floors":[20],"is_endless":false,"potions_floor_spawned":[4,11,14,22],"killed_by":"Slavers","ascension_level":0}}