{"host":"la4578xgyusbaxfx","time":1613298462,"event":{"mods":["Act Like it!","BaseMod","Conspire","Custom Start","Gensokyo","Hallownest","Lobotomy","LobotomyExtend","Minty Spire (QoL Compilation)","Replay The Spire","Spicy Shops","StSLib","The Jungle","[GremlinLeader]The Maniac","noobMod","≤–¡Ù÷ÆŒÔ"],"gold_per_floor":[110,472,73,148,159,159,549,549,575,823,839,839,379,379,379,896,946,1251,822,822,1275,1275,1275,1812,1420,1474,1474,1815,2353,2123,2621,2621,3170,3170,3235,3761,3285,3360,2776,3347,3432,3432,3457,3277,3277,4192,3796,4726,4726,5907,5907,6438,6438,6504,6534,6563,6563,6637,6637,6687,6754,7597,7655,2923,2958,2958,3103,3103,3132,3188,2712,2772,2832,2832,2872,2872,2943,2943,2998,2998,3066,3086,3086,3309,3309,3334,3334,3334,3379,3509,3584,3584,3648,3723,3753,3825,3916,3951,4016,4016,4232,4232,4232],"floor_reached":102,"language":"ZHS","playtime":10572,"items_purged":["GreedKing","SecurityCode","Regret","Hallucinations","Laetitia_ego+1","Clumsy","Malkuth"],"score":4517,"play_id":"5690f934-8c65-41f4-b8bc-7faeb230ea08","local_time":"20210214182742","daily_mods":["DeadlyEvents"],"is_ascension_mode":true,"campfire_choices":[{"data":"Adoration","floor":57,"key":"SMITH"},{"data":"Adoration","floor":57,"key":"SMITH"},{"data":"Christmas","floor":59,"key":"SMITH"},{"data":"CENSORED_ego","floor":59,"key":"SMITH"},{"data":"Justitia+1","floor":66,"key":"SMITH"},{"data":"Justitia+2","floor":66,"key":"SMITH"},{"data":"PlaceholderMod:Colorful","floor":78,"key":"SMITH"},{"data":"PlaceholderMod:Colorful+1","floor":78,"key":"SMITH"},{"data":"Justitia+2","floor":100,"key":"SMITH"},{"data":"Justitia+3","floor":100,"key":"SMITH"}],"circlet_count":0,"master_deck":["PlaceholderMod:Colorful","CENSORED_ego+1","Adoration+1","BloodyDesire","BloodyDesire","SecurityCode","SecurityCode","SecurityCode","SecurityCode","SpecialBullet","SpecialBullet","SpecialBullet","SpecialBullet","SpecialBullet","SpecialBullet","SpecialBullet","Gensokyo:MonkeysPaw+1","Harvest+1","Violence+1","Justitia+4","Spore","SpecialBullet","GoldRush","WelfareCode","ScreamingWedge","PlaceholderMod:Colorful+2","GoldRush","Ecstasy+1","BlackSwan_ego+1","Lamp+1","Justitia+3","BlackSwan_ego+1","ControlCode","TT2Protocol","SummonCall","TrainingCode","Adoration+1","Justitia+1","SpecialBullet","Justitia+1","SpecialBullet"],"relics":["CogitoBucket","RabbitCall","ice","LetterFromLob","Membership Card","Lee\u0027s Waffle","StoneCalendar","Heaven_r","Nunchaku","ReplayTheSpireMod:TigerMarble","Replay:Bandana","Thread and Needle","Du-Vu Doll","Toolbox","Bronze Scales","PlaceholderMod:FlatBlood","Tiny House","Happy Flower","Bag of Preparation","TheAbacus","Pet Ghost","HandDrill","HornCleat","Lizard Tail","Strawberry","Pen Nib","Boot","Ancient Tea Set","Akabeko","Sundial","Ginger","DollysMirror","Replay:Grab Bag","Runic Dome","Coffee Dripper","Black Star","AtMidnight","BehaviorAdjustment","Molten Egg 2","Toxic Egg 2","Lantern","ReplayTheSpireMod:CursedCoin","CaptainsWheel","Orrery","Regal Pillow","Frozen Egg 2","Tiny Chest","Bird Faced Urn","Medical Kit","conspire:TreasureMap","Pear","Replay:WaspNest","Replay:Baseball","Hallownest:StagBellRelic1","MawBank","Replay:Wax Seal","PlaceholderMod:DeVermisMysteriis","Blue Doll","StrikeDummy","OrangePellets","Replay:Arrowhead","Replay:Ancient Bell","Oddly Smooth Stone","The Courier","conspire:InfiniteJournal","Matryoshka","Singing Bowl","conspire:TopHat","Sling","Vajra","Strange Spoon","Replay:Rubber Ducky","ReplayTheSpireMod:Lightbulb","PreservedInsect","Orichalcum","Gremlin Food","Omamori","Replay:Bottled Snecko","conspire:DecoderRing","Ornamental Fan","Snack Pack","FossilizedHelix","Replay:Bottled Eggs","Bottled Tornado","Toy Ornithopter","InkBottle","Gremlin Horn","Chameleon Ring","TungstenRod","Pondfish Scales","Replay:Towering Pillar of Hats","Quantum Egg","Letter Opener","Replay:Bottled Flurry","Turnip","Replay:Bottled Steam","Shuriken","conspire:BottledYoYo","Prayer Wheel","Meat on the Bone","Mummified Hand","Darkstone Periapt","Counterbalance","Iron Hammer","Bottled Flame","Centennial Puzzle","PlaceholderMod:SoulofChaos","Bottled Lightning","conspire:DeflatedDodgeball","PlaceholderMod:DaolothFragment","Garlic","Golden Egg","Pocketwatch","Pantograph","ReplayTheSpireMod:Ninjato","Mango","Calipers","War Paint","Chemical X","Unceasing Top","Moonlight_r","Gaze_r","MagicBullet_r","Snecko Heart","conspire:RunicOctahedron"],"acts_visited":["Exordium","TheCity","Hallownest:KingdomsEdge","Hallownest:Greenpath","TheCity","Gensokyo:Gensokyoest"],"potions_floor_usage":[],"damage_taken":[{"damage":13.0,"enemies":"Jaw Worm","floor":1.0,"turns":3.0},{"damage":51.0,"enemies":"Cultist","floor":2.0,"turns":4.0},{"damage":7.0,"enemies":"2 Louse","floor":5.0,"turns":2.0},{"damage":64.0,"enemies":"Blue Slaver","floor":7.0,"turns":3.0},{"damage":63.0,"enemies":"3 Sentries","floor":8.0,"turns":4.0},{"damage":55.0,"enemies":"3 Sentries","floor":10.0,"turns":4.0},{"damage":32.0,"enemies":"Red Slaver","floor":11.0,"turns":4.0},{"damage":0.0,"enemies":"3 Louse","floor":14.0,"turns":1.0},{"damage":63,"enemies":"The Guardian","floor":16,"turns":8},{"damage":74,"enemies":"2 Thieves","floor":18,"turns":4},{"damage":64,"enemies":"Gremlin Leader","floor":21,"turns":5},{"damage":46,"enemies":"Slavers","floor":24,"turns":2},{"damage":78,"enemies":"3 Byrds","floor":28,"turns":4},{"damage":50,"enemies":"conspire:SneckoGhost","floor":29,"turns":3},{"damage":45,"enemies":"Centurion and Healer","floor":31,"turns":1},{"damage":63,"enemies":"Champ","floor":33,"turns":6},{"damage":0,"enemies":"Hallownest:Shield_Heavy","floor":35,"turns":1},{"damage":123,"enemies":"Hallownest:2_Littles","floor":36,"turns":7},{"damage":56,"enemies":"Hallownest:eliteCollector","floor":40,"turns":3},{"damage":6,"enemies":"Hallownest:2_Wandering_and_1_Horned","floor":41,"turns":3},{"damage":85,"enemies":"Hallownest:eliteHiveKnight","floor":46,"turns":2},{"damage":93,"enemies":"Hallownest:eliteCollector","floor":48,"turns":5},{"damage":110,"enemies":"Hallownest:BossGreyPrinceZote","floor":50,"turns":5},{"damage":53,"enemies":"Hallownest:monsterHuskGuard","floor":52,"turns":1},{"damage":6,"enemies":"Hallownest:eliteCrystalGuardian","floor":54,"turns":2},{"damage":0,"enemies":"2_ Uuma","floor":55,"turns":1},{"damage":3,"enemies":"Hallownest:2_Tiktiks_and_1_Crawlid","floor":56,"turns":1},{"damage":0,"enemies":"Hallownest:eliteMossKnight","floor":58,"turns":1},{"damage":0,"enemies":"Hallownest:eliteVengeflyKing","floor":61,"turns":1},{"damage":80,"enemies":"Hallownest:1_Ooma_and_2_Uuma","floor":62,"turns":2},{"damage":2,"enemies":"Hallownest:1_Baldur_1_Crawlid_1_Warrior","floor":63,"turns":2},{"damage":0,"enemies":"Hallownest:Wandering_and_Horned","floor":65,"turns":1},{"damage":3,"enemies":"Hallownest:BossHornet","floor":67,"turns":1},{"damage":0,"enemies":"Spheric Guardian","floor":69,"turns":1},{"damage":0,"enemies":"3 Byrds","floor":70,"turns":1},{"damage":0,"enemies":"Cultist and Chosen","floor":72,"turns":1},{"damage":0,"enemies":"3 Cultists","floor":73,"turns":1},{"damage":0,"enemies":"Book of Stabbing","floor":75,"turns":1},{"damage":0,"enemies":"Book of Stabbing","floor":77,"turns":1},{"damage":0,"enemies":"Slavers","floor":79,"turns":1},{"damage":0,"enemies":"Book of Stabbing","floor":81,"turns":1},{"damage":0,"enemies":"Snake Plant","floor":82,"turns":1},{"damage":1,"enemies":"Pondfish","floor":84,"turns":2},{"damage":0,"enemies":"Gensokyo:AncientGuardian","floor":86,"turns":1},{"damage":7,"enemies":"Gensokyo:3_Boulders","floor":89,"turns":1},{"damage":0,"enemies":"Gensokyo:Kasen","floor":90,"turns":1},{"damage":0,"enemies":"Gensokyo:Doremy","floor":91,"turns":1},{"damage":0,"enemies":"Gensokyo:Dusk_and_Dawn","floor":93,"turns":1},{"damage":0,"enemies":"Gensokyo:Marisa","floor":94,"turns":1},{"damage":0,"enemies":"Gensokyo:SeedOfUnknown","floor":95,"turns":1},{"damage":0,"enemies":"Gensokyo:Doremy","floor":96,"turns":1},{"damage":7,"enemies":"Gensokyo:Marisa","floor":97,"turns":1},{"damage":0,"enemies":"Gensokyo:Sharpion","floor":98,"turns":1},{"damage":0,"enemies":"Gensokyo:Rafflesia","floor":99,"turns":3},{"damage":0,"enemies":"Gensokyo:Yuyuko","floor":101,"turns":1}],"seed_played":"3252885992010252040","potions_obtained":[{"floor":16,"key":"EssenceOfSteel"},{"floor":17,"key":"FairyPotion"}],"is_trial":true,"path_per_floor":["M","M","$","?","M","R","M","E","T","E","M","?","$","M","R","B",null,"M","$","?","E","?","R","E","$","T","R","M","E","$","M","R","B",null,"M","M","$","?","$","E","M","R","T","?","R","E","$","E","R","B",null,"M","$","E","M","M","R","E","R","T","E","M","M","$","M","R","B",null,"M","M","$","M","M","R","E","R","E","R","E","?","E","M","R","B",null,"M","?","?","M","E","E","R","M","E","M","E","E","M","M","R","B",null],"character_chosen":"Angela","items_purchased":["Membership Card","Lee\u0027s Waffle","StoneCalendar","Replay:Bandana","Thread and Needle","Violence","Du-Vu Doll","Toolbox","Bronze Scales","PlaceholderMod:FlatBlood","Happy Flower","Bag of Preparation","TheAbacus","Pet Ghost","HandDrill","Strawberry","Pen Nib","Boot","Ancient Tea Set","GoldRush","Ginger","DollysMirror","Molten Egg 2","Toxic Egg 2","Lantern","ReplayTheSpireMod:CursedCoin","CaptainsWheel","Orrery","Frozen Egg 2","Tiny Chest","Bird Faced Urn","Medical Kit","conspire:TreasureMap","PlaceholderMod:DeVermisMysteriis","Blue Doll","StrikeDummy","OrangePellets","Singing Bowl","conspire:TopHat","Sling","Vajra","Strange Spoon","Replay:Rubber Ducky","ReplayTheSpireMod:Lightbulb","PreservedInsect","Orichalcum","Gremlin Food","Omamori","Replay:Bottled Snecko","conspire:DecoderRing","Ornamental Fan","Snack Pack","FossilizedHelix","Replay:Bottled Eggs","Bottled Tornado","Toy Ornithopter","InkBottle","Gremlin Horn","Chameleon Ring","TungstenRod","Pondfish Scales","Replay:Towering Pillar of Hats","Quantum Egg","Letter Opener","Replay:Bottled Flurry","Turnip","Replay:Bottled Steam","Shuriken","conspire:BottledYoYo","Prayer Wheel","Meat on the Bone","Mummified Hand","Darkstone Periapt","Counterbalance","Iron Hammer","Bottled Flame","Centennial Puzzle","PlaceholderMod:SoulofChaos","Bottled Lightning","conspire:DeflatedDodgeball","PlaceholderMod:DaolothFragment","Garlic","Golden Egg","Pocketwatch","Pantograph","ReplayTheSpireMod:Ninjato","Mango","Calipers","War Paint","Chemical X","Unceasing Top"],"campfire_rested":0,"item_purchase_floors":[3,3,3,13,13,13,13,13,13,13,19,19,19,19,19,25,25,25,25,25,30,30,37,37,37,37,37,37,39,39,39,39,39,47,47,47,47,64,64,64,64,64,64,64,64,64,64,64,64,64,64,64,64,64,64,64,64,64,64,64,64,64,64,64,64,64,64,64,64,64,64,64,64,64,64,64,64,64,64,64,64,64,64,64,64,64,71,71,71,71,71],"current_hp_per_floor":[70,70,77,70,77,77,77,77,77,77,77,77,77,77,77,75,82,69,69,69,83,83,83,83,90,90,90,91,91,91,91,91,91,91,91,91,91,69,91,101,101,101,101,101,101,82,101,101,101,101,101,98,98,98,98,98,98,98,98,98,98,80,98,98,102,102,104,104,108,112,126,130,134,134,134,134,136,136,138,132,146,152,152,154,154,160,163,166,172,179,183,183,189,193,199,203,210,216,220,220,224,224,224],"gold":4232,"neow_bonus":"","is_daily":false,"chose_seed":false,"campfire_upgraded":10,"win_rate":0.0,"timestamp":1613298462,"path_taken":["M","M","$","?","M","R","M","E","T","E","M","?","$","M","R","BOSS","M","$","?","?","?","R","E","$","T","R","?","E","?","M","R","BOSS","M","M","$","?","$","E","M","R","T","?","R","?","$","E","R","BOSS","M","?","?","M","?","R","E","R","T","?","M","M","$","M","R","BOSS","M","M","$","M","M","R","E","R","E","R","E","?","?","M","R","BOSS","M","?","?","M","?","E","R","M","E","M","E","?","M","M","R","BOSS"],"items_purchased_type":["Relic","Relic","Relic","Relic","Relic","Card","Relic","Relic","Relic","Relic","Relic","Relic","Relic","Relic","Relic","Relic","Relic","Relic","Relic","Card","Relic","Relic","Relic","Relic","Card","Relic","Relic","Relic","Relic","Relic","Relic","Relic","Relic","Relic","Relic","Relic","Relic","Relic","Relic","Relic","Relic","Relic","Relic","Relic","Relic","Relic","Relic","Relic","Relic","Relic","Relic","Relic","Relic","Relic","Relic","Relic","Relic","Relic","Relic","Relic","Relic","Relic","Relic","Relic","Relic","Relic","Relic","Relic","Relic","Relic","Relic","Relic","Relic","Relic","Relic","Relic","Relic","Relic","Relic","Relic","Relic","Relic","Relic","Relic","Relic","Relic","Relic","Relic","Relic","Relic","Relic"],"build_version":"2020-12-22","purchased_purges":7,"victory":false,"max_hp_per_floor":[70,70,77,77,77,77,77,77,77,77,77,77,77,77,77,78,83,83,83,83,83,83,83,83,90,90,90,91,91,91,91,91,91,91,91,91,91,91,91,101,101,101,101,101,101,101,101,101,101,101,101,98,98,98,98,98,98,98,98,98,98,98,98,98,102,102,104,104,108,112,126,130,134,134,134,134,136,136,138,141,146,152,152,154,154,160,163,166,172,179,183,183,189,193,199,203,210,216,220,220,224,224,224],"card_choices":[{"not_picked":["Wingbeat"],"picked":"Harvest","floor":1.0},{"not_picked":["BlackSwan_ego","Lantern"],"picked":"SKIP","floor":2.0},{"not_picked":["TodaysExpression","Horn"],"picked":"SKIP","floor":5.0},{"not_picked":["RapturousDream","Tough"],"picked":"SKIP","floor":7.0},{"not_picked":["Noise","Soda"],"picked":"SKIP","floor":10.0},{"not_picked":["Noise","Lantern"],"picked":"SKIP","floor":11.0},{"not_picked":["Noise","Lantern"],"picked":"SKIP","floor":11.0},{"not_picked":["Noise","CrimsonScar"],"picked":"SKIP","floor":14},{"not_picked":["GoldRush"],"picked":"Justitia","floor":16},{"not_picked":["Noise"],"picked":"Spore","floor":18},{"not_picked":["SoundOfStar","Tough"],"picked":"SKIP","floor":21},{"not_picked":["Noise","Laetitia_ego"],"picked":"SKIP","floor":24},{"not_picked":["Tough","CherryBlossom"],"picked":"SKIP","floor":28},{"not_picked":["FourthMatchFlame+1"],"picked":"ScreamingWedge","floor":29},{"not_picked":["SomewhereSpear+1","Beak"],"picked":"SKIP","floor":31},{"not_picked":["SoundOfStar"],"picked":"GoldRush","floor":33},{"not_picked":["CUTE","RapturousDream"],"picked":"SKIP","floor":35},{"not_picked":["Logging"],"picked":"Ecstasy+1","floor":36},{"not_picked":["CUTE+1"],"picked":"BlackSwan_ego+1","floor":37},{"not_picked":["Gaze+1"],"picked":"Lamp+1","floor":37},{"not_picked":["CherryBlossom"],"picked":"Justitia+1","floor":37},{"not_picked":["Harvest+1"],"picked":"Laetitia_ego+1","floor":37},{"not_picked":["Noise+1"],"picked":"BlackSwan_ego+1","floor":38},{"not_picked":["Spore+1","Regret_ego+1"],"picked":"SKIP","floor":40},{"not_picked":["Hypocrisy+1","BlueScar+1"],"picked":"SKIP","floor":41},{"not_picked":["Loneliness+1","FourthMatchFlame+1"],"picked":"SKIP","floor":46},{"not_picked":["CherryBlossom+1","Lamp+1"],"picked":"SKIP","floor":48},{"not_picked":["maniac:Humiliation"],"picked":"Normality","floor":51},{"not_picked":["Normality"],"picked":"Parasite","floor":51},{"not_picked":["Shame"],"picked":"Writhe","floor":51},{"not_picked":["CUTE+1","Tough+1"],"picked":"SKIP","floor":52},{"not_picked":["Ecstasy+1","Noise+1"],"picked":"SKIP","floor":54},{"not_picked":["RapturousDream+1","Regret_ego+1"],"picked":"SKIP","floor":55},{"not_picked":["TodaysExpression+1","Lamp+1"],"picked":"SKIP","floor":56},{"not_picked":["RapturousDream+1","GrinderMk4+1"],"picked":"SKIP","floor":58},{"not_picked":["SomewhereSpear+1","ShedSkin+1"],"picked":"SKIP","floor":61},{"not_picked":["SolemnVow+1","RedEyes+1"],"picked":"SKIP","floor":62},{"not_picked":["RapturousDream+1","Pleasure+1"],"picked":"SKIP","floor":63},{"not_picked":["Lantern+1","CUTE+1"],"picked":"Singing Bowl","floor":65},{"not_picked":["GreenStem+1","Christmas+1"],"picked":"Singing Bowl","floor":65},{"not_picked":["Twilight+1","CENSORED_ego+1"],"picked":"Singing Bowl","floor":67},{"not_picked":["BloodyDesire+1","Horn+1"],"picked":"Singing Bowl","floor":69},{"not_picked":["CherryBlossom+1","SwordSharpenedByTears+1"],"picked":"Singing Bowl","floor":69},{"not_picked":["RedEyes+1","CherryBlossom+1"],"picked":"Singing Bowl","floor":70},{"not_picked":["FourthMatchFlame+1","RapturousDream+1"],"picked":"Singing Bowl","floor":70},{"not_picked":["Moonlight+1","SolemnVow+1"],"picked":"Singing Bowl","floor":72},{"not_picked":["Noise+1","RedEyes+1"],"picked":"Singing Bowl","floor":72},{"not_picked":["Regret_ego+1","CUTE+1"],"picked":"Singing Bowl","floor":73},{"not_picked":["BlueScar+1","Wingbeat+1"],"picked":"Singing Bowl","floor":73},{"not_picked":["Loneliness+1","WristCuter+1"],"picked":"Singing Bowl","floor":77},{"not_picked":["BloodyDesire+1","GrinderMk4+1"],"picked":"Singing Bowl","floor":79},{"not_picked":["FourthMatchFlame+1","GrinderMk4+1"],"picked":"Singing Bowl","floor":81},{"not_picked":["Harvest+1","Harmony+1"],"picked":"Singing Bowl","floor":82},{"not_picked":["RapturousDream+1","Beak+1"],"picked":"Singing Bowl","floor":82},{"not_picked":["SoundOfStar+1","Penitence+1"],"picked":"Singing Bowl","floor":82},{"not_picked":["CENSORED_ego+1"],"picked":"Adoration+1","floor":84},{"not_picked":["Pinks+1"],"picked":"Justitia+1","floor":84},{"not_picked":["Penitence+1","BearPaw+1"],"picked":"Singing Bowl","floor":86},{"not_picked":["Noise+1","ScreamingWedge+1"],"picked":"Singing Bowl","floor":86},{"not_picked":["Lantern+1","Ecstasy+1"],"picked":"Singing Bowl","floor":86},{"not_picked":["Regret_ego+1","FourthMatchFlame+1"],"picked":"Singing Bowl","floor":89},{"not_picked":["Lamp+1","Tough+1"],"picked":"Singing Bowl","floor":89},{"not_picked":["Justitia+1","Penitence+1"],"picked":"Singing Bowl","floor":89},{"not_picked":["WristCuter+1","Penitence+1"],"picked":"Singing Bowl","floor":90},{"not_picked":["Discord+1","SomewhereSpear+1"],"picked":"Singing Bowl","floor":90},{"not_picked":["Wingbeat+1","Beak+1"],"picked":"Singing Bowl","floor":91},{"not_picked":["CherryBlossom+1","Diffraction+1"],"picked":"Singing Bowl","floor":91},{"not_picked":["RedEyes+1","Regret_ego+1"],"picked":"Singing Bowl","floor":93},{"not_picked":["WristCuter+1","Horn+1"],"picked":"Singing Bowl","floor":93},{"not_picked":["Galaxy+1","Loneliness+1"],"picked":"Singing Bowl","floor":93},{"not_picked":["WristCuter+1","FourthMatchFlame+1"],"picked":"Singing Bowl","floor":94},{"not_picked":["FourthMatchFlame+1","Amita+1"],"picked":"Singing Bowl","floor":94},{"not_picked":["Noise+1","WristCuter+1"],"picked":"Singing Bowl","floor":95},{"not_picked":["InTheNameOfLoveAndHate+1","Reverberation+1"],"picked":"Singing Bowl","floor":95},{"not_picked":["Logging+1","InTheNameOfLoveAndHate+1"],"picked":"Singing Bowl","floor":95},{"not_picked":["Soda+1","ParadiseLost+1"],"picked":"Singing Bowl","floor":96},{"not_picked":["SolemnVow+1","FourthMatchFlame+1"],"picked":"Singing Bowl","floor":96},{"not_picked":["BearPaw+1","Reverberation+1"],"picked":"Singing Bowl","floor":97},{"not_picked":["TodaysExpression+1","Gaze+1"],"picked":"Singing Bowl","floor":97},{"not_picked":["Tough+1","CUTE+1"],"picked":"Singing Bowl","floor":98},{"not_picked":["RedEyes+1","Loneliness+1"],"picked":"Singing Bowl","floor":98},{"not_picked":["Loneliness+1","Hornet+1"],"picked":"Singing Bowl","floor":98},{"not_picked":["CherryBlossom+1","Loneliness+1"],"picked":"Singing Bowl","floor":99},{"not_picked":["Hornet+1","WristCuter+1"],"picked":"Singing Bowl","floor":99},{"not_picked":["CUTE+1"],"picked":"Justitia+1","floor":99},{"not_picked":["TheSmile+1","CENSORED_ego+1"],"picked":"Singing Bowl","floor":101},{"not_picked":["SoundOfStar+1","ParadiseLost+1"],"picked":"Singing Bowl","floor":101}],"player_experience":227277,"relics_obtained":[{"floor":1.0,"key":"LetterFromLob"},{"floor":9.0,"key":"Nunchaku"},{"floor":10.0,"key":"ReplayTheSpireMod:TigerMarble"},{"floor":21,"key":"HornCleat"},{"floor":24,"key":"Lizard Tail"},{"floor":26,"key":"Akabeko"},{"floor":29,"key":"Sundial"},{"floor":36,"key":"AtMidnight"},{"floor":38,"key":"Regal Pillow"},{"floor":40,"key":"Pear"},{"floor":40,"key":"Replay:WaspNest"},{"floor":43,"key":"Replay:Baseball"},{"floor":46,"key":"MawBank"},{"floor":46,"key":"Replay:Wax Seal"},{"floor":48,"key":"Replay:Arrowhead"},{"floor":60,"key":"Matryoshka"}],"event_choices":[{"damage_healed":0.0,"max_hp_gain":0.0,"max_hp_loss":0.0,"gold_gain":75.0,"event_name":"FaceTrader","player_choice":"Touch","floor":4.0,"gold_loss":0.0,"damage_taken":7.0},{"damage_healed":0.0,"max_hp_gain":0.0,"max_hp_loss":0.0,"gold_gain":0.0,"event_name":"The Cleric","player_choice":"Leave","floor":12.0,"gold_loss":0.0,"damage_taken":0.0},{"damage_healed":0,"gold_gain":0,"player_choice":"Bought 0 Potions","damage_taken":0,"max_hp_gain":0,"max_hp_loss":0,"event_name":"The Woman in Blue","floor":20,"gold_loss":0},{"damage_healed":0,"gold_gain":0,"player_choice":"Leave","damage_taken":0,"max_hp_gain":0,"max_hp_loss":0,"event_name":"conspire:Investor","floor":88,"gold_loss":0}],"is_beta":false,"boss_relics":[{"not_picked":["Replay:Drink Me","Abe\u0027s Treasure"],"picked":"Tiny House"},{"not_picked":["Philosopher\u0027s Stone","Replay:Bronze Core"],"picked":"Replay:Grab Bag"},{"not_picked":["Busted Crown","Velvet Choker"],"picked":"Runic Dome"},{"not_picked":["SlaversCollar","Fusion Hammer"],"picked":"Coffee Dripper"},{"not_picked":["conspire:SpecialSausage","Runic Pyramid"],"picked":"Black Star"},{"not_picked":["conspire:SeveredTorchhead","Replay:Wanted Poster"],"picked":"Replay:Ancient Bell"},{"not_picked":["Dream Catcher","Potion Belt"],"picked":"Oddly Smooth Stone"},{"not_picked":["Blue Candle","Divine Protection"],"picked":"The Courier"},{"not_picked":["Old Coin","Incense Burner"],"picked":"conspire:InfiniteJournal"},{"not_picked":["Replay:Fungal Core","Ring of Chaos","Kintsugi"]},{"not_picked":["Painkiller Herb","conspire:RoyalGoblet"],"picked":"Snecko Heart"},{"not_picked":["Calling Bell","SacredBark"],"picked":"conspire:RunicOctahedron"}],"items_purged_floors":[3,19,25,37,39,47,64],"is_endless":true,"potions_floor_spawned":[2,7,14,16,18,28,33,36,46,50,52,62,63,69,73,77,79,81,91,93,94,95,98,99,101],"ascension_level":10}}