{"host":"v489jgd5bhcw0cgn","time":1613319824,"event":{"mods":["AchievementEnabler","BaseMod","Better Note","Better Third Choice","Colored Powertips","Marked Mod","Minty Spire (QoL Compilation)","Quick Restart","Red Circlet Mod","Relic Stats","Reliquary","Spicy Shops","StSLib","The Bug Knight"],"gold_per_floor":[116,116,132,132,151,169,195,205,279,279,279],"floor_reached":10,"language":"ENG","playtime":769,"items_purged":[],"score":70,"play_id":"30ec360d-7d7d-4ea8-a053-a3ec6ddba73a","local_time":"20210214112344","is_ascension_mode":false,"campfire_choices":[],"circlet_count":0,"master_deck":["HollowMod:NailStrikeStart","HollowMod:NailStrikeStart","HollowMod:NailStrikeStart","HollowMod:NailStrikeStart","HollowMod:QuickDashStart","HollowMod:QuickDashStart","HollowMod:QuickDashStart","HollowMod:QuickDashStart","HollowMod:FocusHealStart","HollowMod:PogoStrike","HollowMod:SoulVessel","HollowMod:NewGlowingWomb","HollowMod:HowlingWraiths","HollowMod:SoulSplash","HollowMod:MawleksShell","HollowMod:SoulShaman"],"relics":["HollowMod:VesselMask","NeowsBlessing","Nunchaku","Calipers","Kunai"],"acts_visited":["Exordium"],"potions_floor_usage":[8],"damage_taken":[{"damage":0,"enemies":"Jaw Worm","floor":1,"turns":1},{"damage":0,"enemies":"Cultist","floor":3,"turns":1},{"damage":0,"enemies":"2 Louse","floor":5,"turns":1},{"damage":7,"enemies":"Exordium Wildlife","floor":6,"turns":6},{"damage":32,"enemies":"HollowMod:MossKnight","floor":7,"turns":14},{"damage":18,"enemies":"3 Louse","floor":8,"turns":3},{"damage":34,"enemies":"Gremlin Nob","floor":10,"turns":3}],"seed_played":"-7343748112248031822","potions_obtained":[{"floor":3,"key":"Strength Potion"},{"floor":5,"key":"Explosive Potion"},{"floor":7,"key":"AttackPotion"}],"is_trial":false,"path_per_floor":["M","?","M","?","M","M","E","M","T","E"],"character_chosen":"THE_BUGKNIGHT","items_purchased":[],"campfire_rested":0,"item_purchase_floors":[],"current_hp_per_floor":[75,75,75,75,75,68,42,24,24,0,0],"gold":279,"neow_bonus":"THREE_ENEMY_KILL","is_daily":false,"chose_seed":false,"campfire_upgraded":0,"win_rate":0.0,"timestamp":1613319824,"path_taken":["M","?","M","?","M","?","E","M","T","E"],"items_purchased_type":[],"build_version":"2020-12-22","purchased_purges":0,"victory":false,"max_hp_per_floor":[75,75,75,75,75,75,75,75,75,75,75],"relic_stats":{"Nunchaku":[4],"counters":[7,29],"Kunai":[0],"obtain_stats":[{"Nunchaku":4,"Calipers":7,"NeowsBlessing":0,"HollowMod:VesselMask":0,"Kunai":9},{"Nunchaku":2,"Calipers":5,"NeowsBlessing":0,"HollowMod:VesselMask":0,"Kunai":6},{"Nunchaku":2,"Calipers":23,"NeowsBlessing":0,"HollowMod:VesselMask":0,"Kunai":26}]},"card_choices":[{"not_picked":["HollowMod:TaintedHusks","HollowMod:Grubsong"],"picked":"HollowMod:SoulVessel","floor":1},{"not_picked":["HollowMod:NewLittleFool","HollowMod:InfectedCysts"],"picked":"HollowMod:NewGlowingWomb","floor":3},{"not_picked":["HollowMod:NewLittleFool","HollowMod:SharpenedNail"],"picked":"HollowMod:HowlingWraiths","floor":5},{"not_picked":["HollowMod:ShadowDash","HollowMod:VengefulSpirit"],"picked":"HollowMod:SoulSplash","floor":6},{"not_picked":["HollowMod:SoulStrike","HollowMod:DoubleDash"],"picked":"HollowMod:MawleksShell","floor":7},{"not_picked":["HollowMod:SoulStrike","HollowMod:DescendingDark"],"picked":"HollowMod:SoulShaman","floor":8}],"player_experience":262443,"relics_obtained":[{"floor":7,"key":"Calipers"},{"floor":9,"key":"Kunai"}],"event_choices":[{"damage_healed":0,"gold_gain":0,"player_choice":"Gave Potion","damage_taken":0,"relics_obtained":["Nunchaku"],"max_hp_gain":0,"max_hp_loss":0,"event_name":"WeMeetAgain","floor":4,"gold_loss":0}],"is_beta":false,"boss_relics":[],"items_purged_floors":[],"is_endless":false,"potions_floor_spawned":[3,5,7],"killed_by":"Gremlin Nob","ascension_level":0}}