{"host":"dw8ij7emqco3quom","time":1613266752,"event":{"mods":["BaseMod","Minty Spire (QoL Compilation)"],"gold_per_floor":[116,191,191,209,209,220,254,254,277,123,184,199,199,212,212,315,315,329,428,528,52,66,66,66],"floor_reached":23,"language":"FRA","playtime":1021,"items_purged":["Strike_B"],"score":227,"play_id":"cb2bda50-7147-4dee-96f5-2f6d9cfc38a4","local_time":"20210214023912","is_ascension_mode":true,"campfire_choices":[{"floor":8.0,"key":"REST"},{"data":"Zap","floor":13.0,"key":"SMITH"},{"data":"Capacitor","floor":15.0,"key":"SMITH"}],"circlet_count":0,"master_deck":["Strike_B","Strike_B","Defend_B","Defend_B","Defend_B","Defend_B","Zap+1","Dualcast","Capacitor+1","Self Repair","Doom and Gloom","White Noise","Leap","Sweeping Beam","Fission","CurseOfTheBell","Leap+1","Secret Technique+1","Fusion+1","Defragment"],"relics":["Cracked Core","Juzu Bracelet","Toy Ornithopter","Calling Bell","Blood Vial","Toxic Egg 2","StoneCalendar","Gremlin Horn"],"acts_visited":["Exordium","TheCity"],"potions_floor_usage":[23],"damage_taken":[{"damage":3.0,"enemies":"2 Louse","floor":1.0,"turns":2.0},{"damage":5.0,"enemies":"Small Slimes","floor":4.0,"turns":4.0},{"damage":4.0,"enemies":"Jaw Worm","floor":6.0,"turns":5.0},{"damage":24.0,"enemies":"Gremlin Nob","floor":7.0,"turns":4.0},{"damage":20.0,"enemies":"Gremlin Gang","floor":12.0,"turns":3.0},{"damage":0.0,"enemies":"Large Slime","floor":14.0,"turns":4.0},{"damage":57.0,"enemies":"The Guardian","floor":16.0,"turns":11.0},{"damage":34.0,"enemies":"3 Byrds","floor":18.0,"turns":5.0},{"damage":25.0,"enemies":"Chosen","floor":22.0,"turns":7.0},{"damage":54,"enemies":"Book of Stabbing","floor":23,"turns":5}],"seed_played":"-3999893282726998735","potions_obtained":[{"floor":1.0,"key":"SneckoOil"},{"floor":6.0,"key":"LiquidMemories"},{"floor":12.0,"key":"Fruit Juice"},{"floor":14.0,"key":"Strength Potion"},{"floor":22.0,"key":"PowerPotion"}],"is_trial":false,"path_per_floor":["M","?","?","M","?","M","E","R","T","$","?","M","R","M","R","B",null,"M","?","?","$","M","E"],"character_chosen":"DEFECT","items_purchased":["White Noise","Secret Technique+1","Fusion+1","Gremlin Horn"],"campfire_rested":1,"item_purchase_floors":[10,21,21,21],"current_hp_per_floor":[72,61,61,63,63,66,49,71,71,71,71,63,63,70,70,30,80,63,63,63,63,47,0,0],"gold":66,"neow_bonus":"TRANSFORM_CARD","is_daily":false,"chose_seed":false,"campfire_upgraded":2,"win_rate":0.0,"timestamp":1613266752,"path_taken":["M","?","?","M","?","M","E","R","T","$","?","M","R","M","R","BOSS","M","?","?","$","M","E"],"items_purchased_type":["Card","Card","Card","Relic"],"build_version":"2020-12-22","purchased_purges":1,"victory":false,"max_hp_per_floor":[75,75,75,75,75,75,75,75,75,75,75,75,75,75,75,80,80,80,80,80,80,80,80,80],"card_choices":[{"not_picked":["Blizzard","Skim"],"picked":"Self Repair","floor":1.0},{"not_picked":["FTL","Stack"],"picked":"Doom and Gloom","floor":4.0},{"not_picked":["Heatsinks","Steam","Coolheaded"],"picked":"SKIP","floor":6.0},{"not_picked":["Steam","Cold Snap","Streamline"],"picked":"SKIP","floor":7.0},{"not_picked":["Rebound","Skim"],"picked":"Leap","floor":12.0},{"not_picked":["Barrage","Coolheaded"],"picked":"Sweeping Beam","floor":14.0},{"not_picked":["Reboot","Buffer"],"picked":"Fission","floor":16.0},{"not_picked":["Redo+1","Doom and Gloom"],"picked":"Leap+1","floor":18.0},{"not_picked":["Doom and Gloom","Gash"],"picked":"Defragment","floor":22.0}],"player_experience":735094,"relics_obtained":[{"floor":7.0,"key":"Juzu Bracelet"},{"floor":9.0,"key":"Toy Ornithopter"},{"floor":17.0,"key":"Blood Vial"},{"floor":17.0,"key":"Toxic Egg 2"},{"floor":17.0,"key":"StoneCalendar"}],"event_choices":[{"damage_healed":0.0,"max_hp_gain":0.0,"max_hp_loss":0.0,"gold_gain":75.0,"event_name":"World of Goop","player_choice":"Gather Gold","floor":2.0,"gold_loss":0.0,"damage_taken":11.0},{"damage_healed":0.0,"max_hp_gain":0.0,"max_hp_loss":0.0,"gold_gain":0.0,"event_name":"Liars Game","player_choice":"Ignored","floor":3.0,"gold_loss":0.0,"damage_taken":0.0},{"damage_healed":0.0,"max_hp_gain":0.0,"max_hp_loss":0.0,"gold_gain":0.0,"event_name":"The Cleric","player_choice":"Leave","floor":5.0,"gold_loss":0.0,"damage_taken":0.0},{"damage_healed":0.0,"max_hp_gain":0.0,"max_hp_loss":0.0,"gold_gain":61.0,"event_name":"Golden Wing","player_choice":"Gained Gold","floor":11.0,"gold_loss":0.0,"damage_taken":0.0},{"damage_healed":0.0,"max_hp_gain":0.0,"max_hp_loss":0.0,"gold_gain":99.0,"event_name":"Nest","player_choice":"Stole From Cult","floor":19.0,"gold_loss":0.0,"damage_taken":0.0},{"damage_healed":0.0,"max_hp_gain":0.0,"max_hp_loss":0.0,"gold_gain":100.0,"event_name":"Golden Shrine","player_choice":"Pray","floor":20.0,"gold_loss":0.0,"damage_taken":0.0}],"is_beta":false,"boss_relics":[{"not_picked":["Velvet Choker","Fusion Hammer"],"picked":"Calling Bell"}],"items_purged_floors":[10],"is_endless":false,"potions_floor_spawned":[1,6,12,14,22],"killed_by":"Book of Stabbing","ascension_level":4}}