{"host":"96dqtlax74dz00hw","time":1613288019,"event":{"mods":["Bard","BaseMod","Better Altar","ChefMod","Colored Powertips","Downfall","Hermit","Minty Spire (QoL Compilation)","Permanent Neow","Rare Cards Sparkle","StSLib","The Cursed","The Disciple","The Edgeheg","The IronCluck","The Problem Sleuth"],"gold_per_floor":[112,37,37,37,37,70,84,118,118,118,146,158,175,195,195,290,290,307,335,260,56,75,101,101,37,117,117,201,246,246,246,246,360,360,380,407,429,483,483,515,515,545,592,592,56,98,136,145,145,152],"floor_reached":51,"language":"ENG","playtime":4002,"items_purged":["hermit:Covet"],"score":840,"play_id":"fd8ee824-2f39-419a-a22e-f845842eec7f","local_time":"20210213233339","is_ascension_mode":false,"campfire_choices":[{"data":"hermit:BodyArmor","floor":10,"key":"SMITH"},{"data":"hermit:HighCaliber","floor":15,"key":"SMITH"},{"data":"hermit:FlashPowder","floor":24,"key":"SMITH"},{"data":"hermit:BodyArmor","floor":27,"key":"SMITH"},{"data":"hermit:Maintenance","floor":30,"key":"SMITH"},{"data":"hermit:TakeCover","floor":32,"key":"SMITH"},{"data":"hermit:TakeAim","floor":41,"key":"SMITH"},{"data":"hermit:Deadeye","floor":44,"key":"SMITH"},{"floor":49,"key":"REST"}],"circlet_count":0,"master_deck":["hermit:Strike_Hermit","hermit:Strike_Hermit","hermit:Defend_Hermit","hermit:Defend_Hermit","hermit:Defend_Hermit","hermit:Snapshot","hermit:Horror","hermit:Shortfuse","hermit:BodyArmor+1","hermit:HighCaliber+1","hermit:Headshot","hermit:Glare","hermit:FlashPowder+1","hermit:DeadOrAlive","CurseOfTheBell","hermit:Desperado+1","hermit:Scavenge+1","hermit:BodyArmor+1","hermit:TakeAim+1","hermit:Maintenance+1","hermit:TakeCover+1","hermit:Deadeye+1","hermit:Gestalt+1","hermit:Headshot","hermit:Quickdraw","hermit:BigShot","hermit:Determination","hermit:BigShot","hermit:Snipe+1","Writhe"],"relics":["Black Star","Blue Candle","InkBottle","WingedGreaves","Bottled Lightning","Du-Vu Doll","Shuriken","HornCleat","Ancient Tea Set","Calling Bell","Guardian:PocketSentry","The Courier","StoneCalendar","StrikeDummy","Blood Vial","Happy Flower","White Beast Statue","CeramicFish","Vajra","Busted Crown","hermit:Spyglass","Sundial","Pen Nib","Nunchaku","Centennial Puzzle","PreservedInsect","Question Card","Bronze Scales"],"acts_visited":["Exordium","TheCity","TheBeyond"],"potions_floor_usage":[6,6,6,7,8,16,16,22,28,29,33,37,40,42,46,50,50],"damage_taken":[{"damage":5,"enemies":"Small Slimes","floor":1,"turns":3},{"damage":9,"enemies":"3 Sentries","floor":6,"turns":10},{"damage":0,"enemies":"Jaw Worm","floor":7,"turns":1},{"damage":23,"enemies":"Lagavulin","floor":8,"turns":7},{"damage":23,"enemies":"Gremlin Nob","floor":11,"turns":5},{"damage":0,"enemies":"2 Louse","floor":12,"turns":3},{"damage":5,"enemies":"Lots of Slimes","floor":13,"turns":3},{"damage":0,"enemies":"2 Fungi Beasts","floor":14,"turns":2},{"damage":0,"enemies":"Slime Boss","floor":16,"turns":5},{"damage":0,"enemies":"Spheric Guardian","floor":18,"turns":2},{"damage":12,"enemies":"2 Thieves","floor":19,"turns":3},{"damage":15,"enemies":"Snake Plant","floor":22,"turns":3},{"damage":15,"enemies":"Book of Stabbing","floor":23,"turns":5},{"damage":14,"enemies":"Slavers","floor":28,"turns":3},{"damage":0,"enemies":"Centurion and Healer","floor":29,"turns":4},{"damage":22,"enemies":"Champ","floor":33,"turns":14},{"damage":0,"enemies":"3 Darklings","floor":35,"turns":6},{"damage":7,"enemies":"Orb Walker","floor":36,"turns":2},{"damage":4,"enemies":"Maw","floor":37,"turns":7},{"damage":2,"enemies":"Sphere and 2 Shapes","floor":38,"turns":6},{"damage":30,"enemies":"Reptomancer","floor":40,"turns":8},{"damage":11,"enemies":"Spire Growth","floor":42,"turns":4},{"damage":2,"enemies":"Giant Head","floor":46,"turns":6},{"damage":14,"enemies":"Jaw Worm Horde","floor":47,"turns":4},{"damage":63,"enemies":"Time Eater","floor":50,"turns":10}],"seed_played":"3209441358939096111","potions_obtained":[{"floor":1,"key":"EntropicBrew"},{"floor":7,"key":"Regen Potion"},{"floor":13,"key":"LiquidMemories"},{"floor":14,"key":"FearPotion"},{"floor":18,"key":"hermit:Tonic"},{"floor":23,"key":"AttackPotion"},{"floor":28,"key":"Swift Potion"},{"floor":29,"key":"SkillPotion"},{"floor":33,"key":"hexamod:SoulburnPotion"},{"floor":35,"key":"hermit:Tonic"},{"floor":36,"key":"FairyPotion"},{"floor":37,"key":"Dexterity Potion"},{"floor":38,"key":"DuplicationPotion"},{"floor":40,"key":"AttackPotion"},{"floor":42,"key":"hermit:Eclipse"},{"floor":46,"key":"GamblersBrew"},{"floor":47,"key":"BlessingOfTheForge"}],"is_trial":false,"path_per_floor":["M","$","?","?","$","E","M","E","T","R","E","M","M","M","R","B",null,"M","M","?","$","M","E","R","$","T","R","E","M","R","?","R","B",null,"M","M","M","M","?","E","R","M","T","R","$","E","M","?","R","B",null],"character_chosen":"HERMIT","items_purchased":["StrikeDummy","hermit:TakeAim","hermit:Headshot","hermit:Quickdraw","hermit:BigShot","hermit:Determination","hermit:BigShot","Nunchaku","Centennial Puzzle","PreservedInsect"],"campfire_rested":1,"item_purchase_floors":[21,25,45,45,45,45,45,45,45,45],"current_hp_per_floor":[70,70,63,58,58,49,49,41,41,41,18,18,13,13,13,13,75,75,63,63,63,48,33,33,33,33,33,21,23,23,23,23,3,75,75,68,66,66,85,55,55,46,46,46,46,46,34,55,80,19],"gold":152,"neow_bonus":"BOSS_RELIC","is_daily":false,"chose_seed":false,"campfire_upgraded":8,"win_rate":0.0,"timestamp":1613288019,"path_taken":["M","$","?","?","?","E","M","E","T","R","E","M","M","M","R","BOSS","M","M","?","$","M","E","R","$","T","R","E","M","R","?","R","BOSS","M","?","M","M","?","E","R","M","T","R","$","E","?","?","R","BOSS"],"items_purchased_type":["Relic","Card","Card","Card","Card","Card","Card","Relic","Relic","Relic"],"build_version":"2020-12-22","purchased_purges":1,"victory":true,"max_hp_per_floor":[75,75,75,75,75,75,75,75,75,75,75,75,75,75,75,75,75,75,75,75,75,75,75,75,75,75,75,75,75,75,75,75,75,75,75,75,75,75,85,85,85,85,85,85,85,85,85,85,85,85],"card_choices":[{"not_picked":["hermit:PistolWhip","hermit:HighCaliber"],"picked":"hermit:Horror","floor":1},{"not_picked":["hermit:BodyArmor","hermit:Determination"],"picked":"hermit:Shortfuse","floor":6},{"not_picked":["hermit:Headshot","hermit:Dive"],"picked":"hermit:BodyArmor","floor":7},{"not_picked":["hermit:Desperado","hermit:CalledShot","hermit:FinalCanter"],"picked":"SKIP","floor":8},{"not_picked":["hermit:NoHoldsBarred","hermit:Snipe"],"picked":"hermit:HighCaliber","floor":11},{"not_picked":["hermit:Coalescence","hermit:BodyArmor"],"picked":"hermit:Headshot","floor":12},{"not_picked":["hermit:Coalescence","hermit:WideOpen"],"picked":"hermit:Glare","floor":13},{"not_picked":["hermit:HoleUp","hermit:BigShot"],"picked":"hermit:FlashPowder","floor":14},{"not_picked":["hermit:FromBeyond","hermit:Reprieve"],"picked":"hermit:DeadOrAlive","floor":16},{"not_picked":["hermit:Shortfuse","hermit:Glare"],"picked":"hermit:Desperado+1","floor":18},{"not_picked":["hermit:EyeOfTheStorm","hermit:Adapt","hermit:Cheat"],"picked":"SKIP","floor":19},{"not_picked":["hermit:Glare","hermit:EyeOfTheStorm"],"picked":"hermit:Scavenge+1","floor":22},{"not_picked":["hermit:ItchyTrigger","hermit:BigShot"],"picked":"hermit:BodyArmor","floor":23},{"not_picked":["hermit:Dissolve","hermit:Misfire"],"picked":"hermit:Maintenance","floor":28},{"not_picked":["hermit:Grudge+1","hermit:SprayPray"],"picked":"hermit:TakeCover","floor":29},{"not_picked":["hermit:Gambit","hermit:Purgatory"],"picked":"hermit:DeadOrAlive","floor":33},{"not_picked":["hermit:TakeAim"],"picked":"SKIP","floor":35},{"not_picked":[],"picked":"hermit:Deadeye","floor":36},{"not_picked":["hermit:Midnight+1"],"picked":"SKIP","floor":37},{"not_picked":["hermit:CursedWeapon"],"picked":"SKIP","floor":38},{"not_picked":["hermit:Misfire"],"picked":"SKIP","floor":40},{"not_picked":[],"picked":"hermit:Gestalt+1","floor":42},{"not_picked":[],"picked":"hermit:Snipe+1","floor":46},{"not_picked":["hermit:Coalescence","hermit:Virtue"],"picked":"SKIP","floor":47}],"player_experience":918818,"relics_obtained":[{"floor":6,"key":"InkBottle"},{"floor":6,"key":"WingedGreaves"},{"floor":8,"key":"Bottled Lightning"},{"floor":8,"key":"Du-Vu Doll"},{"floor":9,"key":"Shuriken"},{"floor":11,"key":"HornCleat"},{"floor":11,"key":"Ancient Tea Set"},{"floor":17,"key":"Guardian:PocketSentry"},{"floor":17,"key":"The Courier"},{"floor":17,"key":"StoneCalendar"},{"floor":23,"key":"Blood Vial"},{"floor":23,"key":"Happy Flower"},{"floor":26,"key":"White Beast Statue"},{"floor":28,"key":"CeramicFish"},{"floor":28,"key":"Vajra"},{"floor":40,"key":"hermit:Spyglass"},{"floor":40,"key":"Sundial"},{"floor":43,"key":"Pen Nib"},{"floor":46,"key":"Question Card"},{"floor":46,"key":"Bronze Scales"}],"event_choices":[{"cards_removed":["hermit:Strike_Hermit"],"damage_healed":0,"gold_gain":0,"player_choice":"Card Removal","damage_taken":7,"max_hp_gain":0,"max_hp_loss":0,"event_name":"Golden Wing","floor":3,"gold_loss":0},{"cards_removed":["hermit:Strike_Hermit"],"damage_healed":0,"gold_gain":0,"player_choice":"Gave Gold","damage_taken":0,"max_hp_gain":0,"max_hp_loss":0,"event_name":"Beggar","floor":20,"gold_loss":75},{"cards_removed":["hermit:Defend_Hermit"],"damage_healed":0,"gold_gain":0,"player_choice":"Purged","damage_taken":0,"max_hp_gain":0,"max_hp_loss":0,"event_name":"Purifier","floor":31,"gold_loss":0},{"cards_removed":["hermit:DeadOrAlive"],"damage_healed":9,"gold_gain":0,"player_choice":"Offered Rare","damage_taken":0,"max_hp_gain":10,"max_hp_loss":0,"event_name":"Bonfire Elementals","floor":39,"gold_loss":0},{"damage_healed":21,"gold_gain":0,"player_choice":"Writhe","damage_taken":0,"max_hp_gain":0,"max_hp_loss":0,"event_name":"Winding Halls","floor":48,"gold_loss":0,"cards_obtained":["Writhe"]}],"is_beta":false,"boss_relics":[{"not_picked":["Velvet Choker","bronze:MakeshiftBattery"],"picked":"Calling Bell"},{"not_picked":["Snecko Eye","Empty Cage"],"picked":"Busted Crown"}],"items_purged_floors":[2],"is_endless":false,"potions_floor_spawned":[1,7,13,14,18,23,28,29,33,35,36,37,38,40,42,46,47],"ascension_level":0}}