{"host":"2yqfi47fogfu1ic4","time":1613344507,"event":{"mods":["AchievementEnabler","BaseMod","Colored Map","Colored Powertips","Highlight Path","Minty Spire (QoL Compilation)","Permanent Neow","Relic Stats","StSLib"],"gold_per_floor":[117,267,138,148,162,162,190,190,190,206,206,30,65,83,83,158,158,172,87,114,114,133,160,160,160,160,189,205,205,221,255,255,330,330,349,361,361,282,295,325,325,325,325,8,25,25,25,40,40,40,40],"floor_reached":50,"language":"DEU","playtime":22125,"items_purged":["Doubt","Parasite","Writhe"],"score":1226,"play_id":"c2bb01ca-ffd5-442b-a366-dbb831b1c4dd","local_time":"20210215001507","is_ascension_mode":true,"campfire_choices":[{"data":"Sucker Punch","floor":6.0,"key":"SMITH"},{"data":"Blade Dance","floor":8.0,"key":"SMITH"},{"data":"Finisher","floor":15.0,"key":"SMITH"},{"data":"Footwork","floor":24.0,"key":"SMITH"},{"data":"Dash","floor":32.0,"key":"SMITH"},{"data":"Leg Sweep","floor":41,"key":"SMITH"},{"floor":46,"key":"RECALL"},{"data":"Acrobatics","floor":49,"key":"SMITH"}],"circlet_count":0,"master_deck":["AscendersBane","Defend_G","Defend_G","Defend_G","Defend_G","Defend_G","Survivor","Neutralize","Blade Dance","Blade Dance","Blade Dance+1","Sucker Punch+1","Backflip","After Image","Finisher+1","Terror","Blur","Corpse Explosion","PiercingWail","Prepared+1","Footwork+1","Bite","Bite","Bite","Bite","Dash+1","Escape Plan","Venomology","Blur","Blur","Leg Sweep+1","Acrobatics+1","Blade Dance+1"],"relics":["Cursed Key","Bottled Lightning","Centennial Puzzle","Mercury Hourglass","StoneCalendar","SlaversCollar","Tingsha","Red Mask","MutagenicStrength","Darkstone Periapt","Sundial","Orichalcum","WristBlade","The Courier","Membership Card","FossilizedHelix"],"acts_visited":["Exordium","TheCity","TheBeyond"],"potions_floor_usage":[33,35,40,40,45,48,50,50,50],"damage_taken":[{"damage":1.0,"enemies":"2 Louse","floor":1.0,"turns":3.0},{"damage":2.0,"enemies":"Jaw Worm","floor":4.0,"turns":3.0},{"damage":0.0,"enemies":"Small Slimes","floor":5.0,"turns":3.0},{"damage":12.0,"enemies":"3 Sentries","floor":7.0,"turns":9.0},{"damage":0.0,"enemies":"2 Fungi Beasts","floor":10.0,"turns":2.0},{"damage":0.0,"enemies":"Gremlin Nob","floor":13.0,"turns":2.0},{"damage":0.0,"enemies":"Blue Slaver","floor":14.0,"turns":2.0},{"damage":3.0,"enemies":"Slime Boss","floor":16.0,"turns":7.0},{"damage":7.0,"enemies":"2 Thieves","floor":18.0,"turns":2.0},{"damage":6.0,"enemies":"Masked Bandits","floor":20.0,"turns":3.0},{"damage":0.0,"enemies":"3 Byrds","floor":22.0,"turns":4.0},{"damage":9.0,"enemies":"Slavers","floor":23.0,"turns":4.0},{"damage":0.0,"enemies":"Gremlin Leader","floor":27.0,"turns":4.0},{"damage":11.0,"enemies":"Shelled Parasite and Fungi","floor":28.0,"turns":4.0},{"damage":0.0,"enemies":"Chosen and Byrds","floor":30.0,"turns":3.0},{"damage":10.0,"enemies":"Book of Stabbing","floor":31.0,"turns":5.0},{"damage":9,"enemies":"Champ","floor":33,"turns":8},{"damage":4,"enemies":"3 Darklings","floor":35,"turns":3},{"damage":1,"enemies":"3 Shapes","floor":36,"turns":5},{"damage":26,"enemies":"Transient","floor":39,"turns":6},{"damage":22,"enemies":"Giant Head","floor":40,"turns":7},{"damage":0,"enemies":"Writhing Mass","floor":45,"turns":9},{"damage":0,"enemies":"Jaw Worm Horde","floor":48,"turns":3},{"damage":66,"enemies":"Time Eater","floor":50,"turns":12}],"seed_played":"5146420991525209936","potions_obtained":[{"floor":7.0,"key":"DistilledChaos"},{"floor":10.0,"key":"DuplicationPotion"},{"floor":14.0,"key":"FearPotion"},{"floor":28.0,"key":"Energy Potion"},{"floor":31.0,"key":"Swift Potion"},{"floor":33,"key":"Ancient Potion"},{"floor":45,"key":"Energy Potion"}],"is_trial":false,"path_per_floor":["M","?","$","M","M","R","E","R","T","M","?","$","E","M","R","B",null,"M","?","?","?","M","E","R","?","T","E","M","?","M","E","R","B",null,"M","M","?","$","M","E","R","?","T","$","M","R","T","M","R","B"],"character_chosen":"THE_SILENT","items_purchased":["Blade Dance","Finisher","Blur","Membership Card","FossilizedHelix"],"campfire_rested":0,"item_purchase_floors":[3,12,38,44,44],"current_hp_per_floor":[58,58,58,56,56,56,44,44,44,44,33,33,33,33,33,30,55,48,48,42,42,42,33,33,33,33,41,40,30,34,30,30,35,46,44,47,47,47,33,25,25,25,31,31,39,39,39,43,43,0,0],"gold":40,"neow_bonus":"BOSS_RELIC","is_daily":false,"chose_seed":false,"campfire_upgraded":7,"win_rate":0.0,"timestamp":1613344507,"path_taken":["M","?","$","M","M","R","E","R","T","M","?","$","E","M","R","BOSS","M","?","?","?","M","E","R","?","T","E","M","?","M","E","R","BOSS","M","M","?","?","?","E","R","?","T","$","M","R","?","M","R","BOSS"],"items_purchased_type":["Card","Card","Card","Relic","Relic"],"build_version":"2020-12-22","purchased_purges":3,"victory":false,"max_hp_per_floor":[66,66,66,66,66,66,66,66,66,66,66,63,63,63,63,63,63,63,63,63,63,63,63,63,44,44,44,44,49,49,49,49,49,49,49,49,49,49,49,49,49,49,55,55,55,55,55,55,55,55,55],"relic_stats":{"Darkstone Periapt":6,"Centennial Puzzle":[36],"counters":[24,113],"Sundial":[6],"StoneCalendar":[153],"Tingsha":[99],"Orichalcum":[18],"Cursed Key":2,"obtain_stats":[{"Darkstone Periapt":23,"StoneCalendar":13,"Tingsha":19,"The Courier":40,"Orichalcum":31,"Cursed Key":0,"Mercury Hourglass":11,"SlaversCollar":17,"Centennial Puzzle":9,"WristBlade":34,"Sundial":27,"MutagenicStrength":21,"Red Mask":20,"Bottled Lightning":7,"Membership Card":44,"FossilizedHelix":44,"Ring of the Snake":0},{"Darkstone Periapt":12,"StoneCalendar":6,"Tingsha":9,"The Courier":21,"Orichalcum":16,"Cursed Key":0,"Mercury Hourglass":5,"SlaversCollar":8,"Centennial Puzzle":4,"WristBlade":17,"Sundial":13,"MutagenicStrength":10,"Red Mask":10,"Bottled Lightning":4,"Membership Card":21,"FossilizedHelix":21,"Ring of the Snake":0},{"Darkstone Periapt":44,"StoneCalendar":22,"Tingsha":33,"The Courier":89,"Orichalcum":60,"Cursed Key":0,"Mercury Hourglass":20,"SlaversCollar":31,"Centennial Puzzle":18,"WristBlade":68,"Sundial":48,"MutagenicStrength":36,"Red Mask":36,"Bottled Lightning":18,"Membership Card":89,"FossilizedHelix":89,"Ring of the Snake":0}],"Mercury Hourglass":[330]},"card_choices":[{"not_picked":["Dagger Spray","Quick Slash"],"picked":"Blade Dance","floor":1.0},{"not_picked":["PiercingWail","Poisoned Stab"],"picked":"Blade Dance","floor":4.0},{"not_picked":["Prepared","Dodge and Roll"],"picked":"Sucker Punch","floor":5.0},{"not_picked":["Poisoned Stab","Calculated Gamble"],"picked":"Backflip","floor":7.0},{"not_picked":["Bouncing Flask","Flying Knee"],"picked":"After Image","floor":10.0},{"not_picked":["PiercingWail","Bane"],"picked":"Terror","floor":13.0},{"not_picked":["Dash","Bane"],"picked":"Blur","floor":14.0},{"not_picked":["Storm of Steel","Unload"],"picked":"Corpse Explosion","floor":16.0},{"not_picked":["Dagger Throw","Cloak And Dagger"],"picked":"PiercingWail","floor":18.0},{"not_picked":["Predator","Deflect+1"],"picked":"Prepared+1","floor":20.0},{"not_picked":["Poisoned Stab","Bane"],"picked":"Footwork","floor":22.0},{"not_picked":["Deflect","Caltrops","Catalyst"],"picked":"SKIP","floor":23.0},{"not_picked":["Flying Knee+1","Quick Slash"],"picked":"Dash","floor":27.0},{"not_picked":["Setup","Terror","Flying Knee"],"picked":"SKIP","floor":28.0},{"not_picked":["Predator","Outmaneuver","Deflect"],"picked":"SKIP","floor":30.0},{"not_picked":["Endless Agony","Flying Knee"],"picked":"Escape Plan","floor":31.0},{"not_picked":["Tools of the Trade","Die Die Die"],"picked":"Venomology","floor":33},{"not_picked":["All Out Attack","Poisoned Stab"],"picked":"Blur","floor":35},{"not_picked":["Deadly Poison","Predator","Noxious Fumes"],"picked":"SKIP","floor":36},{"not_picked":["Quick Slash","Catalyst","Dagger Spray"],"picked":"SKIP","floor":39},{"not_picked":["Choke","Deflect"],"picked":"Leg Sweep","floor":40},{"not_picked":["Deflect","Outmaneuver"],"picked":"Acrobatics","floor":45},{"not_picked":["Slice","Masterful Stab+1"],"picked":"Blade Dance+1","floor":48}],"player_experience":1833586,"relics_obtained":[{"floor":7.0,"key":"Bottled Lightning"},{"floor":9.0,"key":"Centennial Puzzle"},{"floor":13.0,"key":"StoneCalendar"},{"floor":20.0,"key":"Red Mask"},{"floor":23.0,"key":"Darkstone Periapt"},{"floor":27.0,"key":"Sundial"},{"floor":31.0,"key":"Orichalcum"},{"floor":40,"key":"The Courier"}],"event_choices":[{"damage_healed":0.0,"max_hp_gain":0.0,"max_hp_loss":0.0,"gold_gain":150.0,"event_name":"Liars Game","player_choice":"AGREE","floor":2.0,"gold_loss":0.0,"damage_taken":0.0,"cards_obtained":["Doubt"]},{"damage_healed":0.0,"max_hp_gain":0.0,"max_hp_loss":0.0,"gold_gain":0.0,"event_name":"Scrap Ooze","player_choice":"Success","floor":11.0,"gold_loss":0.0,"damage_taken":11.0,"relics_obtained":["Mercury Hourglass"]},{"damage_healed":0.0,"max_hp_gain":0.0,"max_hp_loss":0.0,"gold_gain":0.0,"event_name":"Addict","player_choice":"Obtained Relic","floor":19.0,"gold_loss":85.0,"damage_taken":0.0,"relics_obtained":["Tingsha"]},{"damage_healed":0.0,"max_hp_gain":0.0,"max_hp_loss":0.0,"gold_gain":0.0,"event_name":"Masked Bandits","player_choice":"Fought Bandits","floor":20.0,"gold_loss":0.0,"damage_taken":0.0},{"damage_healed":0.0,"max_hp_gain":0.0,"max_hp_loss":0.0,"gold_gain":0.0,"event_name":"Drug Dealer","player_choice":"Inject Mutagens","floor":21.0,"gold_loss":0.0,"damage_taken":0.0,"relics_obtained":["MutagenicStrength"]},{"damage_healed":0.0,"max_hp_gain":0.0,"max_hp_loss":19.0,"gold_gain":0.0,"event_name":"Vampires","player_choice":"Became a vampire","floor":25.0,"gold_loss":0.0,"damage_taken":0.0,"cards_obtained":["Bite","Bite","Bite","Bite","Bite"]},{"damage_healed":0.0,"max_hp_gain":5.0,"max_hp_loss":0.0,"gold_gain":0.0,"event_name":"Forgotten Altar","player_choice":"Shed Blood","floor":29.0,"gold_loss":0.0,"damage_taken":15.0},{"damage_healed":0,"gold_gain":0,"player_choice":"Got Potions","damage_taken":0,"max_hp_gain":0,"max_hp_loss":0,"event_name":"Lab","floor":37,"gold_loss":0},{"cards_removed":["Bite"],"damage_healed":0,"gold_gain":0,"player_choice":"Removed Attack","damage_taken":0,"max_hp_gain":0,"max_hp_loss":0,"event_name":"Falling","floor":42,"gold_loss":0}],"is_beta":false,"boss_relics":[{"not_picked":["Busted Crown","Sozu"],"picked":"SlaversCollar"},{"not_picked":["Calling Bell","Velvet Choker"],"picked":"WristBlade"}],"items_purged_floors":[3,12,44],"is_endless":false,"potions_floor_spawned":[7,10,13,14,22,23,28,31,33,36,45],"killed_by":"Time Eater","ascension_level":20}}