{"host":"17xjy7b7ubl548g2","time":1613289794,"event":{"mods":["2.2 Compatiblity","Act Like it!","Aspiration","Astrologer","Bard","BaseMod","Challenge The Spire","ChefMod","Colored Map","Colored Powertips","Conspire","Elementarium","Energized Spire","Gensokyo","GifTheSpireLib","Halation","Hallownest","Hermit","Hubris","Infinite Spire","Jedi Mod","Jorbs\u0027s Wanderer Trilogy","Marisa（霧雨　魔理沙）","Marked Mod","Menagerie","Minty Spire (QoL Compilation)","Permanent Neow","Reliquary","Replay The Spire","Robot Space Explorer","Spicy Shops","Spire Arcade","StSLib","Stuff the Spire","The Blue Laboratory","The Bug Knight","The Construct","The Disciple","The Hayseed","The Hierophant","The Marked","The Runesmith","The Sage","TheFirefly"],"gold_per_floor":[112,112,112,112,127,153,153,171,224,19,53,53,69,69,69,146,146,162,180,180,180,197,214,214,245,245,259,285,285,285,285,312,342,342,417,417,436,6,19,34,44,77,88,88,133,133,133,67,98,115,115,115],"floor_reached":53,"language":"ENG","playtime":6601,"items_purged":["RobotSpaceExplorer:Strike"],"score":1444,"play_id":"e37401c7-e21c-4626-912c-3ae79dd6b259","local_time":"20210214030314","is_ascension_mode":true,"campfire_choices":[{"data":"RobotSpaceExplorer:Pulsar","floor":7.0,"key":"SMITH"},{"data":"RobotSpaceExplorer:MiniLasers","floor":15.0,"key":"SMITH"},{"data":"RobotSpaceExplorer:Asteroid","floor":24.0,"key":"SMITH"},{"data":"RobotSpaceExplorer:DoubleBlock","floor":29.0,"key":"SMITH"},{"floor":34.0,"key":"REST"},{"data":"RobotSpaceExplorer:Blitz","floor":44,"key":"SMITH"},{"data":"RobotSpaceExplorer:LaserBurst","floor":46,"key":"SMITH"},{"floor":51,"key":"REST"}],"circlet_count":0,"master_deck":["AscendersBane","RobotSpaceExplorer:Strike","RobotSpaceExplorer:Strike","RobotSpaceExplorer:Defend","RobotSpaceExplorer:Defend","RobotSpaceExplorer:Defend","RobotSpaceExplorer:Defend","RobotSpaceExplorer:Scan","RobotSpaceExplorer:MiniLasers+1","RobotSpaceExplorer:SurgingStrike","Menagerie:SagesJudgement","RobotSpaceExplorer:Pulsar+1","RobotSpaceExplorer:Electropulse","RobotSpaceExplorer:Smokescreen","RobotSpaceExplorer:SurgingShield","RobotSpaceExplorer:SurgingStrike","RobotSpaceExplorer:IronShell","RobotSpaceExplorer:Asteroid+1","RobotSpaceExplorer:SurgingShield","RobotSpaceExplorer:Fix","RobotSpaceExplorer:Probe+1","Elementarium:IceblessedBlade","RobotSpaceExplorer:Smokescreen+1","RobotSpaceExplorer:DoubleBlock+1","RobotSpaceExplorer:Pulsar","RobotSpaceExplorer:ScrapMissile","RobotSpaceExplorer:MiniDrones+1","RobotSpaceExplorer:StunGrenade","RobotSpaceExplorer:JunkDive","RobotSpaceExplorer:LuckyStrike","RobotSpaceExplorer:Jetpack","RobotSpaceExplorer:ChargingLaser","RobotSpaceExplorer:Counterblock","RobotSpaceExplorer:PowerGlove","RobotSpaceExplorer:Blitz+1","RobotSpaceExplorer:Fix","RobotSpaceExplorer:LaserBurst+1","ReplayTheSpireMod:IOU","Regret","RobotSpaceExplorer:FreezeRay","Parasite","RobotSpaceExplorer:TurboDodge"],"relics":["RobotSpaceExplorer:RoboCore","hubris:BundleOfHerbs","reliquary:PorcupineQuills","Prayer Wheel","Dream Catcher","halation:EternalFortune","Cursed Key","hubris:Towel","Strawberry","Potion Belt","Replay:Kaleidoscope","White Beast Statue","Elementarium:ElementariumTrophy","reliquary:Ember","Strawberry","OrangePellets","Boot","infinitespire:Beetle Shell","HollowMod:JonisBlessing","aspiration:HummingbirdHeart"],"acts_visited":["Exordium","Menagerie:Menagerie","TheBeyond"],"potions_floor_usage":[42,52,52,52],"damage_taken":[{"damage":13.0,"enemies":"Menagerie:MonstrousExperiment","floor":1.0,"turns":10.0},{"damage":2.0,"enemies":"Menagerie:StygianBoar","floor":5.0,"turns":3.0},{"damage":22.0,"enemies":"Menagerie:VoidReaper","floor":6.0,"turns":7.0},{"damage":0.0,"enemies":"Menagerie:WhisperingWraith","floor":8.0,"turns":4.0},{"damage":2.0,"enemies":"Menagerie:MaskedSummoner","floor":11.0,"turns":8.0},{"damage":0.0,"enemies":"Menagerie:3_RABBITS","floor":13.0,"turns":3.0},{"damage":48.0,"enemies":"Menagerie:Chimera","floor":16.0,"turns":17.0},{"damage":19.0,"enemies":"Elementarium:MUD_AND_TAR_GOLEMS","floor":18.0,"turns":5.0},{"damage":6.0,"enemies":"Elementarium:VoidCorruption","floor":19.0,"turns":5.0},{"damage":18.0,"enemies":"Elementarium:3_ELEMENTALS","floor":22.0,"turns":4.0},{"damage":9.0,"enemies":"Elementarium:Hydrostalker","floor":23.0,"turns":8.0},{"damage":0.0,"enemies":"Elementarium:WarGolem","floor":25.0,"turns":6.0},{"damage":0.0,"enemies":"Elementarium:VOID_CORRUPTION_AND_ORB_OF_FIRE","floor":27.0,"turns":5.0},{"damage":25.0,"enemies":"Elementarium:ElementalPortal","floor":28.0,"turns":7.0},{"damage":18.0,"enemies":"Nightmare","floor":32.0,"turns":12.0},{"damage":0.0,"enemies":"Gensokyo:Reisen","floor":33.0,"turns":5.0},{"damage":48.0,"enemies":"Elementarium:GoldenDragon","floor":35.0,"turns":11.0},{"damage":0.0,"enemies":"3 Shapes","floor":37.0,"turns":4.0},{"damage":0.0,"enemies":"Orb Walker","floor":39.0,"turns":3.0},{"damage":0.0,"enemies":"Spire Growth","floor":40.0,"turns":5.0},{"damage":21.0,"enemies":"Transient","floor":41.0,"turns":5.0},{"damage":4,"enemies":"R_Hoarder","floor":42,"turns":13},{"damage":0,"enemies":"3 Darklings","floor":43,"turns":4},{"damage":3,"enemies":"Nemesis","floor":49,"turns":8},{"damage":0,"enemies":"Writhing Mass","floor":50,"turns":6},{"damage":0,"enemies":"Donu and Deca","floor":52,"turns":11}],"seed_played":"2638017981019839296","potions_obtained":[{"floor":5.0,"key":"Venom Potion"},{"floor":6.0,"key":"jedi:StrikingPotion"},{"floor":18.0,"key":"blueLaboratory:ImpenetrablePotion"},{"floor":27.0,"key":"Energy Potion"},{"floor":33.0,"key":"GamblersBrew"},{"floor":35.0,"key":"GamblersBrew"},{"floor":37.0,"key":"LiquidMemories"},{"floor":39.0,"key":"blueLaboratory:BottleOfRum"},{"floor":40.0,"key":"SkillPotion"},{"floor":41.0,"key":"conspire:TimeTravelPotion"},{"floor":42,"key":"SpeedPotion"},{"floor":49,"key":"LifebloodPotion"},{"floor":50,"key":"Elixir"}],"is_trial":false,"path_per_floor":["M","?","?","?","M","E","R","M","T","$","E","$","M","?","R","B",null,"M","M","?","?","M","M","R","E","T","M","E","R","PTL","PTL","NM","?","R","B",null,"M","$","M","M","M","E","M","R","T","R","?","$","E","M","R","B",null],"character_chosen":"RobotSpaceExplorer","items_purchased":["Prayer Wheel","reliquary:SculptingSteel","OrangePellets","HollowMod:JonisBlessing"],"campfire_rested":2,"item_purchase_floors":[10,38,38,48],"current_hp_per_floor":[51,44,44,48,46,24,24,24,24,24,64,64,64,67,67,19,60,41,39,39,39,25,23,23,55,55,59,38,38,38,38,24,28,53,9,65,65,72,75,82,65,65,69,69,69,69,69,69,66,69,99,99],"gold":115,"neow_bonus":"REMOVE_CARD","is_daily":false,"chose_seed":false,"campfire_upgraded":6,"win_rate":0.0,"timestamp":1613289794,"path_taken":["M","?","?","?","?","E","R","M","T","$","E","?","?","?","R","BOSS","M","M","?","?","M","M","R","E","T","M","E","R","PTL","PTL","NM","?","R","BOSS","M","$","M","M","M","E","M","R","T","R","?","$","E","M","R","BOSS"],"items_purchased_type":["Relic","Relic","Relic","Relic"],"build_version":"2020-12-22","purchased_purges":1,"victory":true,"max_hp_per_floor":[71,71,71,71,71,71,71,71,71,71,71,71,71,74,74,74,74,74,74,74,74,74,77,77,84,84,84,84,84,84,84,84,84,84,84,84,84,91,94,97,97,97,97,97,97,97,97,97,97,100,100,100],"card_choices":[{"not_picked":["RobotSpaceExplorer:ShovelStrike","RobotSpaceExplorer:FreezeRay"],"picked":"RobotSpaceExplorer:SurgingStrike","floor":1.0},{"not_picked":["RobotSpaceExplorer:StunGrenade","RobotSpaceExplorer:ScrapMissile"],"picked":"RobotSpaceExplorer:Pulsar","floor":5.0},{"not_picked":["RobotSpaceExplorer:ExhaustFan","RobotSpaceExplorer:FrostMissile"],"picked":"RobotSpaceExplorer:Electropulse","floor":6.0},{"not_picked":["RobotSpaceExplorer:ShovelStrike","RobotSpaceExplorer:Ammunition"],"picked":"RobotSpaceExplorer:Smokescreen","floor":8.0},{"not_picked":["RobotSpaceExplorer:RigExplosive","RobotSpaceExplorer:GlueShot"],"picked":"RobotSpaceExplorer:SurgingShield","floor":11.0},{"not_picked":["RobotSpaceExplorer:ScrapMissile","RobotSpaceExplorer:ExhaustFan"],"picked":"RobotSpaceExplorer:SurgingStrike","floor":13.0},{"not_picked":["RobotSpaceExplorer:ShovelStrike","RobotSpaceExplorer:SlimeMissile"],"picked":"RobotSpaceExplorer:IronShell","floor":13.0},{"not_picked":["RobotSpaceExplorer:Multitool","RobotSpaceExplorer:Wormhole"],"picked":"RobotSpaceExplorer:Asteroid","floor":16.0},{"not_picked":["RobotSpaceExplorer:FranticSearch","RobotSpaceExplorer:MiniDrones"],"picked":"RobotSpaceExplorer:SurgingShield","floor":18.0},{"not_picked":["RobotSpaceExplorer:Counterblock","RobotSpaceExplorer:ShovelStrike"],"picked":"RobotSpaceExplorer:Fix","floor":18.0},{"not_picked":["RobotSpaceExplorer:GlueShot","RobotSpaceExplorer:StarDust"],"picked":"RobotSpaceExplorer:Probe+1","floor":19.0},{"not_picked":["RobotSpaceExplorer:FranticSearch","RobotSpaceExplorer:ExhaustFan","RobotSpaceExplorer:FrostMissile"],"picked":"SKIP","floor":19.0},{"not_picked":["RobotSpaceExplorer:MetalStrike","RobotSpaceExplorer:FrostMissile"],"picked":"RobotSpaceExplorer:Smokescreen+1","floor":22.0},{"not_picked":["RobotSpaceExplorer:BigMissile","RobotSpaceExplorer:PowerCollector"],"picked":"RobotSpaceExplorer:DoubleBlock","floor":22.0},{"not_picked":["RobotSpaceExplorer:SwiftStep","RobotSpaceExplorer:ShockKick"],"picked":"RobotSpaceExplorer:Pulsar","floor":23.0},{"not_picked":["RobotSpaceExplorer:ImprovisedAttack","RobotSpaceExplorer:Electroshield+1","RobotSpaceExplorer:ShockKick"],"picked":"SKIP","floor":23.0},{"not_picked":["RobotSpaceExplorer:Probe","RobotSpaceExplorer:FrostMissile"],"picked":"RobotSpaceExplorer:ScrapMissile","floor":25.0},{"not_picked":["RobotSpaceExplorer:DualCore","RobotSpaceExplorer:Probe"],"picked":"RobotSpaceExplorer:MiniDrones+1","floor":27.0},{"not_picked":["RobotSpaceExplorer:Probe+1","RobotSpaceExplorer:MakeshiftVolley"],"picked":"RobotSpaceExplorer:StunGrenade","floor":27.0},{"not_picked":["RobotSpaceExplorer:ScrapMissile","RobotSpaceExplorer:DualCore","RobotSpaceExplorer:Ammunition"],"picked":"SKIP","floor":28.0},{"not_picked":["RobotSpaceExplorer:SlimeMissile","RobotSpaceExplorer:StarDust"],"picked":"RobotSpaceExplorer:JunkDive","floor":32.0},{"not_picked":["RobotSpaceExplorer:ImprovisedAttack","RobotSpaceExplorer:SurgingStrike"],"picked":"RobotSpaceExplorer:LuckyStrike","floor":33.0},{"not_picked":["RobotSpaceExplorer:GlueShot","RobotSpaceExplorer:SurgingStrike"],"picked":"RobotSpaceExplorer:Jetpack","floor":34.0},{"not_picked":["RobotSpaceExplorer:Explosion","RobotSpaceExplorer:HighVoltage"],"picked":"RobotSpaceExplorer:ChargingLaser","floor":35.0},{"not_picked":["RobotSpaceExplorer:StunGrenade+1","RobotSpaceExplorer:PowerGlove"],"picked":"RobotSpaceExplorer:Counterblock","floor":37.0},{"not_picked":["RobotSpaceExplorer:SurgingStrike","RobotSpaceExplorer:ScrapMissile","RobotSpaceExplorer:StunGrenade"],"picked":"SKIP","floor":37.0},{"not_picked":["RobotSpaceExplorer:MetalStrike","RobotSpaceExplorer:ExhaustFan+1","RobotSpaceExplorer:ImprovisedAttack+1"],"picked":"SKIP","floor":39.0},{"not_picked":["RobotSpaceExplorer:IronShell","RobotSpaceExplorer:FrostMissile","RobotSpaceExplorer:ImprovisedAttack"],"picked":"SKIP","floor":39.0},{"not_picked":["RobotSpaceExplorer:Arsenal","RobotSpaceExplorer:FranticSearch"],"picked":"RobotSpaceExplorer:PowerGlove","floor":40.0},{"not_picked":["RobotSpaceExplorer:SwiftStep+1","RobotSpaceExplorer:Pulsar","RobotSpaceExplorer:Counterblock"],"picked":"SKIP","floor":40.0},{"not_picked":["RobotSpaceExplorer:GlueSpray","RobotSpaceExplorer:Pulsar+1"],"picked":"RobotSpaceExplorer:Blitz","floor":41.0},{"not_picked":["RobotSpaceExplorer:ImprovisedAttack","RobotSpaceExplorer:SurgingStrike","RobotSpaceExplorer:GlueSpray"],"picked":"SKIP","floor":41.0},{"not_picked":["RobotSpaceExplorer:ShovelStrike","RobotSpaceExplorer:SelfCleaning"],"picked":"RobotSpaceExplorer:Fix","floor":42},{"not_picked":["RobotSpaceExplorer:GearShield","RobotSpaceExplorer:DoubleFind"],"picked":"RobotSpaceExplorer:LaserBurst","floor":43},{"not_picked":["RobotSpaceExplorer:SurgingStrike+1","RobotSpaceExplorer:Probe","RobotSpaceExplorer:SurgingShield"],"picked":"SKIP","floor":43},{"not_picked":["RobotSpaceExplorer:SurgingStrike","RobotSpaceExplorer:FreezingShield"],"picked":"RobotSpaceExplorer:FreezeRay","floor":49},{"not_picked":["RobotSpaceExplorer:FranticSearch","RobotSpaceExplorer:SurgingShield","RobotSpaceExplorer:Electroshield+1"],"picked":"SKIP","floor":50},{"not_picked":["RobotSpaceExplorer:Counterblock","RobotSpaceExplorer:SurgingShield","RobotSpaceExplorer:SlimeMissile"],"picked":"SKIP","floor":50},{"not_picked":["RobotSpaceExplorer:MiniDrones","RobotSpaceExplorer:FreezeRay"],"picked":"RobotSpaceExplorer:TurboDodge","floor":51}],"player_experience":2177776,"relics_obtained":[{"floor":6.0,"key":"hubris:BundleOfHerbs"},{"floor":9.0,"key":"reliquary:PorcupineQuills"},{"floor":11.0,"key":"Dream Catcher"},{"floor":23.0,"key":"halation:EternalFortune"},{"floor":25.0,"key":"Strawberry"},{"floor":28.0,"key":"Potion Belt"},{"floor":32.0,"key":"Replay:Kaleidoscope"},{"floor":33.0,"key":"White Beast Statue"},{"floor":39.0,"key":"halation:EternalFortune"},{"floor":40.0,"key":"halation:EternalFortune"},{"floor":42,"key":"Boot"},{"floor":45,"key":"infinitespire:Beetle Shell"},{"floor":49,"key":"aspiration:HummingbirdHeart"},{"floor":50,"key":"halation:EternalFortune"}],"event_choices":[{"damage_healed":0.0,"max_hp_gain":0.0,"max_hp_loss":0.0,"gold_gain":0.0,"event_name":"Menagerie:MageAndMonster","player_choice":"Help the mage","floor":2.0,"gold_loss":0.0,"damage_taken":7.0,"cards_obtained":["Menagerie:SagesJudgement"]},{"damage_healed":0.0,"max_hp_gain":0.0,"max_hp_loss":0.0,"gold_gain":0.0,"event_name":"Menagerie:SpiderNest","player_choice":"Ignored","floor":3.0,"gold_loss":0.0,"damage_taken":0.0},{"damage_healed":0.0,"max_hp_gain":0.0,"max_hp_loss":0.0,"gold_gain":0.0,"event_name":"Elementarium:BladeSeller","player_choice":"Take","floor":20.0,"gold_loss":0.0,"damage_taken":0.0,"cards_obtained":["Elementarium:IceblessedBlade"]},{"damage_healed":0.0,"max_hp_gain":0.0,"max_hp_loss":0.0,"gold_gain":0.0,"event_name":"Elementarium:OtherworldlyPassage","player_choice":"Enter","floor":33.0,"gold_loss":0.0,"damage_taken":0.0}],"is_beta":false,"boss_relics":[{"not_picked":["Abe\u0027s Treasure","Philosopher\u0027s Stone"],"picked":"Cursed Key"},{"not_picked":["Empty Cage","Replay:Bronze Core"],"picked":"reliquary:Ember"}],"items_purged_floors":[10],"is_endless":false,"potions_floor_spawned":[5,6,18,19,23,27,33,35,37,39,40,41,42,43,49,50],"ascension_level":16}}