{"host":"bp3tm7tvk8nf4kb2","time":1613346877,"event":{"mods":["2.2 Compatiblity","AchievementEnabler","BaseMod","Bestiary","Better Match","Better Third Choice","BetterRewards","Colored Map","Colored Powertips","Curses Come First","DeckTracker","Downfall","Duelist Mod","Friendly Minions","Googly Eyes","Halation","Highlight Path","Marisa????????","Minty Spire (QoL Compilation)","Morshu Shopkeeper - ENHANCED","Permanent Neow","Quick Restart","Rare Cards Sparkle","Reorder Act Four","Replay The Spire","Shop Mod","Spicy Shops","StSLib","The Animator","TheBandit","Waifu the Spire","Wide Potions","everything is the same but u backflip on backflip"],"gold_per_floor":[111,129,129,145,164,189,189,222,222,222,222,253,49,74,74,174,174,188,113,313,333,62,62,80,109,109,128,53,53,65,65,65,161,161,178,194,194,194,208,208,208],"floor_reached":40,"language":"ENG","playtime":2141,"items_purged":["Strike_P"],"score":534,"play_id":"6a7d1c53-2623-4c84-b153-2246b27b468a","local_time":"20210214155437","is_ascension_mode":false,"campfire_choices":[{"data":"Eruption","floor":7,"key":"SMITH"},{"data":"Conclude","floor":10,"key":"SMITH"},{"floor":15,"key":"REST"},{"floor":23,"key":"REST"},{"floor":32,"key":"REST"}],"circlet_count":0,"master_deck":["Strike_P","Strike_P","Strike_P","Defend_P","Defend_P","Defend_P","Eruption+1","Vigilance","PathToVictory","Indignation","Replay:Hum","Conclude+1","FlyingSleeves","PathToVictory","Replay:LoomingThreat","PathToVictory+1","ClearTheMind+1","Consecrate","Replay:LoomingThreat","ClearTheMind+1","Omniscience+1","WindmillStrike","FlyingSleeves+1","Wraith","Parasite"],"relics":["HolyWater","Lantern","halation:SwordOfLegend","Pear","Lee\u0027s Waffle","halation:EternalFortune","halation:WeightlessCrab","Happy Flower","Toxic Egg 2","Ornamental Fan","Juzu Bracelet","halation:VictoryRuler","halation:SmartPhone","Vajra","InkBottle","Onion Ring"],"acts_visited":["Exordium","TheCity","TheBeyond"],"potions_floor_usage":[6,14,21,30,36,40],"damage_taken":[{"damage":0.0,"enemies":"Small Slimes","floor":1.0,"turns":2.0},{"damage":0.0,"enemies":"Jaw Worm","floor":2.0,"turns":3.0},{"damage":4.0,"enemies":"2 Louse","floor":4.0,"turns":2.0},{"damage":6.0,"enemies":"Lots of Slimes","floor":5.0,"turns":3.0},{"damage":0,"enemies":"Lagavulin","floor":6,"turns":2},{"damage":22,"enemies":"3 Sentries","floor":8,"turns":3},{"damage":23,"enemies":"Lagavulin","floor":12,"turns":5},{"damage":32,"enemies":"Gremlin Nob","floor":14,"turns":4},{"damage":0,"enemies":"Slime Boss","floor":16,"turns":5},{"damage":5,"enemies":"Chosen","floor":18,"turns":3},{"damage":26,"enemies":"2 Thieves","floor":21,"turns":4},{"damage":16,"enemies":"Snake Plant","floor":24,"turns":2},{"damage":33,"enemies":"Book of Stabbing","floor":25,"turns":4},{"damage":15,"enemies":"Shelled Parasite and Fungi","floor":27,"turns":2},{"damage":0,"enemies":"Centurion and Healer","floor":30,"turns":2},{"damage":48,"enemies":"Collector","floor":33,"turns":6},{"damage":38,"enemies":"3 Darklings","floor":35,"turns":3},{"damage":10,"enemies":"Orb Walker","floor":36,"turns":3},{"damage":72,"enemies":"Writhing Mass","floor":39,"turns":4},{"damage":22,"enemies":"R_Hoarder","floor":40,"turns":2}],"seed_played":"6285778702625406485","potions_obtained":[{"floor":4.0,"key":"Fire Potion"},{"floor":5.0,"key":"Strength Potion"},{"floor":8,"key":"BlessingOfTheForge"},{"floor":12,"key":"PowerPotion"},{"floor":16,"key":"FairyPotion"},{"floor":18,"key":"Swift Potion"},{"floor":24,"key":"PowerPotion"},{"floor":25,"key":"DistilledChaos"},{"floor":33,"key":"Regen Potion"},{"floor":39,"key":"hexamod:SoulburnPotion"}],"is_trial":false,"path_per_floor":["M","M","?","M","M","E","R","E","T","R","?","E","$","E","R","B",null,"M","?","?","M","$","R","M","E","T","M","$","$","M","?","R","B",null,"M","M","?","?","M","E"],"character_chosen":"WATCHER","items_purchased":["Lantern","Pear","Lee\u0027s Waffle","ClearTheMind+1","Juzu Bracelet","Vajra","WindmillStrike"],"campfire_rested":3,"item_purchase_floors":[0,0,0,13,13,22,22],"current_hp_per_floor":[89,89,92,88,82,82,92,70,70,73,73,50,50,18,51,51,92,82,82,82,47,38,74,58,25,25,1,1,1,1,31,70,22,92,54,54,45,45,18,0,0],"gold":208,"neow_bonus":"","is_daily":false,"chose_seed":false,"campfire_upgraded":2,"win_rate":0.0,"timestamp":1613346877,"path_taken":["M","M","?","M","M","E","R","E","T","R","?","E","?","E","R","BOSS","M","?","?","M","$","R","M","E","T","M","?","$","M","?","R","BOSS","M","M","?","?","M","E"],"items_purchased_type":["Relic","Relic","Relic","Card","Relic","Relic","Card"],"build_version":"2020-12-22","purchased_purges":1,"victory":false,"max_hp_per_floor":[89,89,92,92,92,92,92,92,92,92,92,92,92,92,92,92,92,92,92,92,92,92,92,92,92,92,92,92,92,92,92,92,92,92,92,92,92,92,92,92,92],"card_choices":[{"not_picked":["Evaluate","Replay:AtTheReady"],"picked":"PathToVictory","floor":1.0},{"not_picked":["Nirvana","Halt"],"picked":"Indignation","floor":2.0},{"not_picked":["ReachHeaven","Replay:AtTheReady"],"picked":"Replay:Hum","floor":4.0},{"not_picked":["Halt","Replay:Battleflow"],"picked":"Conclude","floor":5.0},{"not_picked":["Study","Vengeance"],"picked":"FlyingSleeves","floor":6},{"not_picked":["Replay:DivineShield","ThirdEye"],"picked":"PathToVictory","floor":8},{"not_picked":["Protect+1","WreathOfFlame+1"],"picked":"PathToVictory+1","floor":12},{"not_picked":["LessonLearned","CarveReality"],"picked":"Consecrate","floor":14},{"not_picked":["Establishment","MasterReality"],"picked":"Replay:LoomingThreat","floor":16},{"not_picked":["EmptyFist","FlurryOfBlows"],"picked":"ClearTheMind+1","floor":18},{"not_picked":["Consecrate","EmptyMind+1"],"picked":"Omniscience+1","floor":21},{"not_picked":["Nirvana","ThirdEye+1","EmptyFist"],"picked":"SKIP","floor":24},{"not_picked":["Swivel+1","Consecrate","FlurryOfBlows"],"picked":"SKIP","floor":25},{"not_picked":["FearNoEvil","EmptyFist"],"picked":"FlyingSleeves+1","floor":27},{"not_picked":["Nirvana","Evaluate+1","Replay:ManipulateFuture+1"],"picked":"SKIP","floor":30},{"not_picked":["ReachHeaven+1","Evaluate+1","Collect+1"],"picked":"SKIP","floor":35},{"not_picked":["SashWhip+1","ThirdEye+1","Indignation+1"],"picked":"SKIP","floor":36},{"not_picked":["Consecrate","Replay:AtTheReady+1","Halt+1"],"picked":"SKIP","floor":39}],"player_experience":64912,"relics_obtained":[{"floor":6,"key":"halation:WeightlessCrab"},{"floor":8,"key":"Happy Flower"},{"floor":9,"key":"Toxic Egg 2"},{"floor":12,"key":"Ornamental Fan"},{"floor":14,"key":"halation:VictoryRuler"},{"floor":25,"key":"InkBottle"},{"floor":26,"key":"Onion Ring"}],"event_choices":[{"damage_healed":0,"gold_gain":0,"cards_transformed":["Defend_P"],"player_choice":"Change","damage_taken":0,"max_hp_gain":0,"max_hp_loss":0,"event_name":"Living Wall","floor":11,"gold_loss":0,"cards_obtained":["Replay:LoomingThreat"]},{"damage_healed":0,"gold_gain":0,"player_choice":"2","damage_taken":0,"max_hp_gain":0,"max_hp_loss":0,"event_name":"betterMatch:BetterMatch","floor":19,"gold_loss":0,"cards_obtained":[]},{"damage_healed":0,"gold_gain":200,"player_choice":"Gold","damage_taken":0,"max_hp_gain":0,"max_hp_loss":0,"event_name":"Wheel of Change","floor":20,"gold_loss":0},{"damage_healed":30,"gold_gain":0,"player_choice":"Heal","damage_taken":0,"max_hp_gain":0,"max_hp_loss":0,"event_name":"The Library","floor":31,"gold_loss":0},{"damage_healed":0,"gold_gain":0,"player_choice":"Ignored","damage_taken":0,"max_hp_gain":0,"max_hp_loss":0,"event_name":"OrinTheCat","floor":37,"gold_loss":0},{"damage_healed":0,"gold_gain":0,"player_choice":"Ignored","damage_taken":0,"max_hp_gain":0,"max_hp_loss":0,"event_name":"NoteForYourself","floor":38,"gold_loss":0}],"is_beta":false,"boss_relics":[{"not_picked":["Abe\u0027s Treasure","Replay:Drink Me"],"picked":"halation:SmartPhone"},{"not_picked":["halation:Prosthetics","Coffee Dripper"],"picked":"HolyWater"}],"items_purged_floors":[28],"is_endless":false,"potions_floor_spawned":[4,5,8,12,16,18,24,25,27,33,35,39],"killed_by":"R_Hoarder","ascension_level":0}}