{"host":"3hzk4hwwdropes3d","time":1613335062,"event":{"mods":["BaseMod","Downfall","Hermit","Minty Spire (QoL Compilation)","StSLib"],"gold_per_floor":[210,210,224,1,1,1,1,1,25,100,129,129,164,176,176,272,272,289,145,145,159,188,188,218,218,267,279,179,179,229,249,249,346,396,409,463,513,528,542,542,542],"floor_reached":40,"language":"ENG","playtime":2193,"items_purged":["downfall:Malfunctioning","hermit:Strike_Hermit+1"],"score":572,"play_id":"2449545d-f2e0-4129-b68f-9819b877cf66","local_time":"20210214123742","is_ascension_mode":true,"campfire_choices":[{"data":"hermit:Grudge","floor":6.0,"key":"SMITH"},{"floor":12.0,"key":"REST"},{"data":"hermit:EternalForm","floor":15.0,"key":"SMITH"},{"floor":23,"key":"REST"},{"floor":29,"key":"REST"},{"floor":32,"key":"REST"}],"circlet_count":0,"master_deck":["hermit:Strike_Hermit+1","hermit:Strike_Hermit+1","hermit:Strike_Hermit+1","hermit:Defend_Hermit+1","hermit:Defend_Hermit+1","hermit:Defend_Hermit+1","hermit:Defend_Hermit+1","hermit:Snapshot","hermit:Covet","hermit:Grudge+1","hermit:Malice","Regret","hermit:EternalForm+1","Regret","hermit:Glare","hermit:WideOpen","hermit:FatalDesire","CurseOfTheBell","hermit:Horror","hermit:Ricochet+1","hermit:Dive","hermit:RoundhouseKick","hermit:WideOpen","hermit:CalledShot","Clumsy","Writhe","hermit:Misfire","hermit:Dissolve","downfall:Icky","Normality"],"relics":["hermit:Momento","Happy Flower","War Paint","downfall:ExtraCursedKey","Regal Pillow","hexamod:BolsterEngine","Anchor","Calling Bell","Vajra","Matryoshka","Ginger","Red Mask","Incense Burner","Bag of Marbles","Juzu Bracelet","Tiny House","Nunchaku","Orichalcum","Turnip"],"acts_visited":["Exordium","TheCity","TheBeyond"],"potions_floor_usage":[22,22,33,39,40],"damage_taken":[{"damage":9.0,"enemies":"2 Louse","floor":1.0,"turns":4.0},{"damage":5.0,"enemies":"Cultist","floor":3.0,"turns":4.0},{"damage":16.0,"enemies":"Gremlin Nob","floor":11.0,"turns":3.0},{"damage":2.0,"enemies":"3 Sentries","floor":13.0,"turns":2.0},{"damage":0.0,"enemies":"Jaw Worm","floor":14.0,"turns":3.0},{"damage":34.0,"enemies":"Slime Boss","floor":16.0,"turns":12.0},{"damage":22,"enemies":"Spheric Guardian","floor":18,"turns":4},{"damage":2,"enemies":"Chosen","floor":21,"turns":4},{"damage":23,"enemies":"Masked Bandits","floor":22,"turns":3},{"damage":27,"enemies":"Book of Stabbing","floor":24,"turns":5},{"damage":18,"enemies":"Snake Plant","floor":27,"turns":3},{"damage":25,"enemies":"Centurion and Healer","floor":31,"turns":5},{"damage":5,"enemies":"Collector","floor":33,"turns":5},{"damage":22,"enemies":"3 Darklings","floor":35,"turns":5},{"damage":26,"enemies":"Mind Bloom Boss Battle","floor":37,"turns":6},{"damage":0,"enemies":"3 Shapes","floor":38,"turns":3},{"damage":22,"enemies":"Writhing Mass","floor":39,"turns":5},{"damage":19,"enemies":"Reptomancer","floor":40,"turns":2}],"seed_played":"-4311241061756310804","potions_obtained":[{"floor":1.0,"key":"Fire Potion"},{"floor":3.0,"key":"Swift Potion"},{"floor":18,"key":"EntropicBrew"},{"floor":22,"key":"DuplicationPotion"},{"floor":31,"key":"PowerPotion"},{"floor":34,"key":"Fruit Juice"}],"is_trial":false,"path_per_floor":["M","?","M","$","?","R","?","$","T","?","E","R","E","M","R","B",null,"M","$","?","M","?","R","E","?","T","M","$","R","?","M","R","B",null,"M","T","?","M","M","E"],"character_chosen":"HERMIT","items_purchased":["hermit:Malice","War Paint","hermit:Ricochet","hermit:Dive"],"campfire_rested":4,"item_purchase_floors":[4,4,19,19],"current_hp_per_floor":[66,66,61,61,46,46,46,46,46,35,19,56,54,54,54,20,75,53,53,53,51,28,65,38,38,38,20,20,57,57,32,69,64,80,58,58,32,32,15,0,0],"gold":542,"neow_bonus":"HUNDRED_GOLD","is_daily":false,"chose_seed":false,"campfire_upgraded":2,"win_rate":0.0,"timestamp":1613335062,"path_taken":["M","?","?","$","?","R","?","?","T","?","E","R","E","?","R","BOSS","M","$","?","M","?","R","E","?","T","M","$","R","?","M","R","BOSS","M","?","?","M","M","E"],"items_purchased_type":["Card","Relic","Card","Card"],"build_version":"2020-12-22","purchased_purges":2,"victory":false,"max_hp_per_floor":[75,75,75,75,75,75,75,75,75,75,75,75,75,75,75,75,75,75,75,75,75,75,75,75,75,75,75,75,75,75,75,75,75,80,80,80,80,80,85,85,85],"card_choices":[{"not_picked":["hermit:Combo","hermit:ItchyTrigger"],"picked":"hermit:GoldenBullet","floor":1.0},{"not_picked":["hermit:Roulette","hermit:Misfire"],"picked":"hermit:Grudge","floor":3.0},{"not_picked":["hermit:Shortfuse","hermit:Misfire"],"picked":"hermit:Glare","floor":11.0},{"not_picked":["hermit:GhostlyPresence","hermit:LowProfile","hermit:TrackingShot"],"picked":"SKIP","floor":13.0},{"not_picked":["hermit:HighCaliber","hermit:Quickdraw"],"picked":"hermit:WideOpen","floor":14.0},{"not_picked":["hermit:HighNoon","hermit:Roughhouse"],"picked":"hermit:FatalDesire","floor":16.0},{"not_picked":["hermit:LowProfile","hermit:Determination"],"picked":"hermit:Horror","floor":18},{"not_picked":["hermit:Feint","hermit:CalledShot+1","hermit:SprayPray"],"picked":"SKIP","floor":21},{"not_picked":["hermit:Feint","hermit:SprayPray"],"picked":"hermit:RoundhouseKick","floor":22},{"not_picked":["hermit:TakeCover","hermit:Cheat+1"],"picked":"hermit:WideOpen","floor":24},{"not_picked":["hermit:Vantage","hermit:Quickdraw"],"picked":"hermit:Misfire","floor":27},{"not_picked":["hermit:Ricochet","hermit:Maintenance","hermit:Snipe"],"picked":"SKIP","floor":31},{"not_picked":["hermit:DeadOrAlive","hermit:Adapt"],"picked":"hermit:Dissolve","floor":33},{"not_picked":["hermit:Snipe+1","hermit:TrackingShot+1","hermit:Feint"],"picked":"SKIP","floor":35},{"not_picked":["hermit:CalledShot+1","hermit:NoHoldsBarred+1","hermit:Quickdraw+1"],"picked":"SKIP","floor":38},{"not_picked":["hermit:Virtue","hermit:CalledShot+1","hermit:BodyArmor+1"],"picked":"SKIP","floor":39}],"player_experience":401980,"relics_obtained":[{"floor":9.0,"key":"Regal Pillow"},{"floor":11.0,"key":"hexamod:BolsterEngine"},{"floor":13.0,"key":"Anchor"},{"floor":17.0,"key":"Vajra"},{"floor":17.0,"key":"Matryoshka"},{"floor":17.0,"key":"Ginger"},{"floor":22,"key":"Red Mask"},{"floor":24,"key":"Incense Burner"},{"floor":26,"key":"Bag of Marbles"},{"floor":26,"key":"Juzu Bracelet"},{"floor":36,"key":"Nunchaku"},{"floor":36,"key":"Orichalcum"},{"floor":37,"key":"Turnip"}],"event_choices":[{"cards_removed":["hermit:GoldenBullet"],"damage_healed":0.0,"max_hp_gain":0.0,"max_hp_loss":0.0,"gold_gain":0.0,"event_name":"WeMeetAgain","player_choice":"Gave Card","floor":2.0,"gold_loss":0.0,"damage_taken":0.0,"relics_obtained":["Happy Flower"]},{"damage_healed":0.0,"max_hp_gain":0.0,"max_hp_loss":0.0,"gold_gain":0.0,"event_name":"Shining Light","player_choice":"Entered Light","floor":5.0,"gold_loss":0.0,"damage_taken":15.0,"cards_upgraded":["hermit:Defend_Hermit","hermit:Strike_Hermit"]},{"damage_healed":0.0,"max_hp_gain":0.0,"max_hp_loss":0.0,"gold_gain":75.0,"event_name":"World of Goop","player_choice":"Gather Gold","floor":10.0,"gold_loss":0.0,"damage_taken":11.0},{"damage_healed":0,"gold_gain":0,"player_choice":"Simplicity","damage_taken":0,"max_hp_gain":0,"max_hp_loss":0,"event_name":"Back to Basics","floor":20,"gold_loss":0,"cards_upgraded":["hermit:Strike_Hermit","hermit:Strike_Hermit","hermit:Strike_Hermit","hermit:Defend_Hermit"]},{"damage_healed":0,"gold_gain":0,"player_choice":"Fought Bandits","damage_taken":0,"max_hp_gain":0,"max_hp_loss":0,"event_name":"Masked Bandits","floor":22,"gold_loss":0},{"damage_healed":0,"gold_gain":0,"player_choice":"1 cards matched","damage_taken":0,"max_hp_gain":0,"max_hp_loss":0,"event_name":"Match and Keep!","floor":25,"gold_loss":0,"cards_obtained":["hermit:CalledShot"]},{"damage_healed":0,"gold_gain":100,"player_choice":"Bet on Murderer","damage_taken":0,"max_hp_gain":0,"max_hp_loss":0,"event_name":"The Joust","floor":30,"gold_loss":50},{"damage_healed":0,"gold_gain":0,"player_choice":"Fight","damage_taken":0,"max_hp_gain":0,"max_hp_loss":0,"event_name":"MindBloom","floor":37,"gold_loss":0}],"is_beta":false,"boss_relics":[{"not_picked":["Velvet Choker","hermit:BartenderGlass"],"picked":"Calling Bell"},{"not_picked":["bronze:MakeshiftBattery","SlaversCollar"],"picked":"Tiny House"}],"items_purged_floors":[19,28],"is_endless":false,"potions_floor_spawned":[1,3,18,22,24,31,35],"killed_by":"Reptomancer","ascension_level":3}}