{"host":"718qlz3dt7mutpmt","time":1613310912,"event":{"mods":["AchievementEnabler","BaseMod","BetterRewards","Colored Powertips","Downfall","Hermit","Highlight Path","Hubris","Infinite Spire","Minty Spire (QoL Compilation)","Quick Restart","Replay The Spire","Shop Mod","StSLib","SuperFastMode","The Cursed","The Disciple","The Jungle","The Runesmith","The Servant 0.9.4"],"gold_per_floor":[118,35,47,64,82,82,82,92,140,151,151,166,181,193,193,193,193,290,290,309,329,299,312,33,53,53,63,86,104,104,104,116,116,116,116,116],"floor_reached":35,"language":"FRA","playtime":1611,"items_purged":[],"score":257,"play_id":"cfc99a5c-fda9-4fb5-b5bf-99f3588b7b64","local_time":"20210214145512","is_ascension_mode":false,"campfire_choices":[{"floor":6,"key":"REST"},{"data":"Wild Strike","floor":11,"key":"SMITH"},{"floor":17,"key":"REST"},{"floor":26,"key":"REST"},{"data":"Demon Form","floor":30,"key":"SMITH"},{"floor":34,"key":"REST"}],"circlet_count":0,"master_deck":["Strike_R","Strike_R","Strike_R","Strike_R","Strike_R","Defend_R","Defend_R","Defend_R","Defend_R","Bash","Wild Strike+1","Heavy Blade","Iron Wave","Heavy Blade","Perfected Strike+1","Eclipse","Ghostly Armor","Reckless Charge","Run Through","Clash","True Grit","Demon Form+1","Run Through","Twin Strike+1","ReplayTheSpireMod:Stacked+1","Twin Strike","Havoc+1","Anger","Headbutt","Twin Strike","Clothesline","Run Through+1"],"relics":["Burning Blood","Replay:Rubber Ducky","hubris:ToyBattleship","hubris:BlackHole","Blood Vial","hubris:SlimyHat","Blue Candle"],"acts_visited":["Exordium","TheCity"],"potions_floor_usage":[18,18,18,25,29,32,35,35,35],"damage_taken":[{"damage":5,"enemies":"Small Slimes","floor":1,"turns":4},{"damage":16,"enemies":"infinitespire:Voidling","floor":3,"turns":4},{"damage":0,"enemies":"2 Louse","floor":4,"turns":2},{"damage":13,"enemies":"Exordium Thugs","floor":5,"turns":5},{"damage":8,"enemies":"Gremlin Gang","floor":8,"turns":5},{"damage":19,"enemies":"Exordium Wildlife","floor":10,"turns":5},{"damage":0,"enemies":"2 Fungi Beasts","floor":12,"turns":2},{"damage":9,"enemies":"Blue Slaver","floor":13,"turns":3},{"damage":5,"enemies":"Lots of Slimes","floor":14,"turns":3},{"damage":78,"enemies":"Hexaghost","floor":18,"turns":10},{"damage":10,"enemies":"Chosen","floor":20,"turns":3},{"damage":2,"enemies":"Shell Parasite","floor":21,"turns":2},{"damage":18,"enemies":"Centurion and Healer","floor":23,"turns":4},{"damage":26,"enemies":"Snake Plant","floor":25,"turns":4},{"damage":4,"enemies":"3 Cultists","floor":27,"turns":4},{"damage":11,"enemies":"Centurion and Healer","floor":29,"turns":4},{"damage":19,"enemies":"Snake Plant","floor":32,"turns":4},{"damage":43,"enemies":"Champ","floor":35,"turns":8}],"seed_played":"-1700950960697754475","potions_obtained":[{"floor":1,"key":"champ:CounterPotion"},{"floor":4,"key":"sneckomod:MuddlingPotion"},{"floor":10,"key":"EssenceOfSteel"},{"floor":20,"key":"ColorlessPotion"},{"floor":22,"key":"BlessingOfTheForge"},{"floor":22,"key":"Slimebound:ThreeZeroPotion"},{"floor":27,"key":"infinitespire:BlackPotion"},{"floor":29,"key":"Explosive Potion"},{"floor":32,"key":"Explosive Potion"}],"is_trial":false,"path_per_floor":["M","$","M","M","M","R","?","M","T","M","R","M","M","M","PTL","PTL","R","B",null,"M","M","?","M","$","M","R","M","T","M","R","?","M","AVR","R","B"],"character_chosen":"IRONCLAD","items_purchased":["Heavy Blade","Iron Wave","Twin Strike","Havoc+1","Blood Vial","Anger"],"campfire_rested":4,"item_purchase_floors":[2,2,24,24,24,24],"current_hp_per_floor":[80,80,77,80,73,80,80,78,78,65,65,71,68,69,69,69,80,8,80,76,80,80,68,68,50,74,78,78,75,75,70,59,59,80,37,37],"gold":116,"neow_bonus":"RANDOM_COMMON_RELIC","is_daily":false,"chose_seed":false,"campfire_upgraded":2,"win_rate":0.0,"timestamp":1613310912,"path_taken":["M","$","M","M","M","R","?","M","T","M","R","M","M","M","PTL","PTL","R","BOSS","M","M","?","?","$","M","R","M","T","M","R","?","M","AVR","R","BOSS"],"items_purchased_type":["Card","Card","Card","Card","Relic","Card"],"build_version":"2020-12-22","purchased_purges":0,"victory":false,"max_hp_per_floor":[80,80,80,80,80,80,80,80,80,80,80,80,80,80,80,80,80,80,80,80,80,80,80,80,80,80,80,80,80,80,80,80,80,80,80,80],"card_choices":[{"not_picked":["Warcry","Replay:Undeath\u0027s Touch"],"picked":"Wild Strike","floor":1},{"not_picked":["Body Slam","Flex"],"picked":"Heavy Blade","floor":3},{"not_picked":["ReplayTheSpireMod:Limb From Limb","Sword Boomerang"],"picked":"Perfected Strike","floor":4},{"not_picked":["Anger","Sword Boomerang"],"picked":"Eclipse","floor":5},{"not_picked":["Pommel Strike","True Grit"],"picked":"Ghostly Armor","floor":8},{"not_picked":["Barricade","Cleave"],"picked":"Reckless Charge","floor":10},{"not_picked":["Thunderclap","Infernal Blade"],"picked":"Run Through","floor":12},{"not_picked":["Run Through","Bloodletting"],"picked":"Clash","floor":13},{"not_picked":["Shockwave","Fire Breathing"],"picked":"True Grit","floor":14},{"not_picked":["Hemogenesis","Offering"],"picked":"Demon Form","floor":18},{"not_picked":["Cleave","Perfected Strike"],"picked":"Run Through","floor":20},{"not_picked":["Havoc","Clothesline"],"picked":"Twin Strike+1","floor":21},{"not_picked":["Metallicize","Twin Strike"],"picked":"ReplayTheSpireMod:Stacked+1","floor":23},{"not_picked":["Warcry+1","Armaments+1"],"picked":"Headbutt","floor":25},{"not_picked":["Replay:Undeath\u0027s Touch","Havoc+1"],"picked":"Twin Strike","floor":27},{"not_picked":["ReplayTheSpireMod:LeadingStrike","Clash"],"picked":"Clothesline","floor":29},{"not_picked":["Hemokinesis","hubris:SharpeningStone"],"picked":"Run Through+1","floor":32}],"player_experience":28398,"relics_obtained":[{"floor":9,"key":"hubris:ToyBattleship"},{"floor":28,"key":"hubris:SlimyHat"}],"event_choices":[{"damage_healed":0,"gold_gain":0,"player_choice":"Grow","damage_taken":0,"max_hp_gain":0,"max_hp_loss":0,"event_name":"Living Wall","floor":7,"gold_loss":0,"cards_upgraded":["Perfected Strike"]},{"damage_healed":0,"gold_gain":0,"player_choice":"Bought 2 Potions","damage_taken":0,"max_hp_gain":0,"max_hp_loss":0,"event_name":"The Woman in Blue","floor":22,"gold_loss":0}],"is_beta":false,"boss_relics":[{"not_picked":["ReplayTheSpireMod:DimensionalGlitch","Tiny House"],"picked":"hubris:BlackHole"}],"items_purged_floors":[],"is_endless":false,"potions_floor_spawned":[1,4,10,12,20,27,29,32],"killed_by":"Champ","ascension_level":0}}