{"host":"f2zkc2gsfwbibc34","time":1613313075,"event":{"mods":["AchievementEnabler","BaseMod","Better Note","Colored Map","Colored Powertips","Defuse TimeMaze Blight","Minty Spire (QoL Compilation)","Permanent Neow","StSLib","SuperFastMode","The Servant 0.9.4"],"gold_per_floor":[118,46,221,221,52,52,52,101,101,101,111,127,127,144,144,240,240,257,3,3,3,13,13,13,13,59,59,59,59,59,59,59,164,164,176,0,100,100,120,148,148,159,159,159,159,159,159,206,206,206],"floor_reached":51,"language":"ENG","playtime":1016,"items_purged":["Doubt","Strike_G"],"score":653,"play_id":"e739fb78-5451-49de-a8b7-c991e077add5","local_time":"20210214153115","daily_mods":["Heirloom","Flight"],"is_ascension_mode":false,"campfire_choices":[{"data":"Bouncing Flask","floor":6,"key":"SMITH"},{"data":"Neutralize","floor":10,"key":"SMITH"},{"data":"Deadly Poison","floor":13,"key":"SMITH"},{"data":"Bouncing Flask","floor":15,"key":"SMITH"},{"data":"Adrenaline","floor":23,"key":"SMITH"},{"data":"Well Laid Plans","floor":24,"key":"SMITH"},{"data":"Finesse","floor":25,"key":"SMITH"},{"data":"ReturningBlade","floor":28,"key":"SMITH"},{"data":"ReturningBlade+1","floor":29,"key":"SMITH"},{"data":"ReturningBlade+2","floor":30,"key":"SMITH"},{"data":"SoulSculpture","floor":32,"key":"SMITH"},{"data":"ReturningBlade+3","floor":41,"key":"SMITH"},{"data":"ReturningBlade+4","floor":44,"key":"SMITH"},{"data":"ReturningBlade+5","floor":45,"key":"SMITH"},{"data":"ReturningBlade+6","floor":47,"key":"SMITH"},{"data":"ReturningBlade+7","floor":49,"key":"SMITH"}],"circlet_count":0,"master_deck":["Strike_G","Strike_G","Strike_G","Strike_G+1","Defend_G","Defend_G","Defend_G+1","Defend_G","Survivor","Neutralize+1","Barrier+1","Bouncing Flask+1","Finesse+1","Deadly Poison+1","Bouncing Flask+1","ReturningBlade+8","Well Laid Plans+1","SoulSculpture+1","Manipulate+1","MoonPhase+1"],"relics":["Ring of the Snake","StoneCalendar","Anchor","Pear","Busted Crown","Omamori","Happy Flower","GremlinMask","Red Mask","Calipers","Molten Egg 2","Orichalcum"],"acts_visited":["Exordium","TheCity","TheBeyond"],"potions_floor_usage":[33,33,50,50,50],"damage_taken":[{"damage":2,"enemies":"2 Louse","floor":1,"turns":4},{"damage":0,"enemies":"Jaw Worm","floor":11,"turns":3},{"damage":0,"enemies":"Cultist","floor":12,"turns":4},{"damage":4,"enemies":"Blue Slaver","floor":14,"turns":3},{"damage":13,"enemies":"The Guardian","floor":16,"turns":7},{"damage":0,"enemies":"Chosen","floor":18,"turns":4},{"damage":5,"enemies":"2 Thieves","floor":22,"turns":4},{"damage":20,"enemies":"Automaton","floor":33,"turns":9},{"damage":19,"enemies":"3 Shapes","floor":35,"turns":4},{"damage":2,"enemies":"3 Darklings","floor":39,"turns":4},{"damage":9,"enemies":"Reptomancer","floor":40,"turns":7},{"damage":2,"enemies":"Maw","floor":42,"turns":8},{"damage":39,"enemies":"Awakened One","floor":50,"turns":12}],"seed_played":"3442591793055880563","potions_obtained":[{"floor":1,"key":"PowerPotion"},{"floor":12,"key":"SkillPotion"},{"floor":14,"key":"Swift Potion"},{"floor":22,"key":"LiquidBronze"},{"floor":33,"key":"LiquidMemories"},{"floor":35,"key":"GamblersBrew"},{"floor":39,"key":"Poison Potion"}],"is_trial":true,"path_per_floor":["M","$","?","?","$","R","$","T","T","R","M","M","R","M","R","B",null,"M","$","?","$","M","R","R","R","T","?","R","R","R","?","R","B",null,"M","?","?","$","M","E","R","M","T","R","R","?","R","T","R","B",null],"character_chosen":"THE_SILENT","items_purchased":["Bouncing Flask","Finesse","Omamori"],"campfire_rested":0,"item_purchase_floors":[2,5,19],"current_hp_per_floor":[68,68,68,54,54,54,54,54,64,64,64,64,64,60,60,47,80,80,80,80,80,75,75,75,75,75,75,75,75,75,75,75,55,80,61,61,61,61,59,50,50,48,48,48,48,48,48,48,48,9],"gold":206,"neow_bonus":"","is_daily":false,"chose_seed":false,"campfire_upgraded":16,"win_rate":0.0,"timestamp":1613313075,"path_taken":["M","$","?","?","$","R","$","?","T","R","M","?","R","M","R","BOSS","M","$","?","$","?","R","R","R","T","?","R","R","R","?","R","BOSS","M","?","?","$","M","E","R","?","T","R","R","?","R","?","R","BOSS"],"items_purchased_type":["Card","Card","Relic"],"build_version":"2020-12-22","purchased_purges":2,"victory":true,"max_hp_per_floor":[70,70,70,70,70,70,70,70,80,80,80,80,80,80,80,80,80,80,80,80,80,80,80,80,80,80,80,80,80,80,80,80,80,80,80,80,80,80,80,80,80,80,80,80,80,80,80,80,80,80],"card_choices":[{"not_picked":["Skewer","Outmaneuver"],"picked":"Barrier","floor":1},{"not_picked":["Read","Dagger Spray","Deflect"],"picked":"SKIP","floor":11},{"not_picked":["Escape Plan","Foresight"],"picked":"Deadly Poison","floor":12},{"not_picked":["Rewind","Defy"],"picked":"Bouncing Flask","floor":14},{"not_picked":["Wraith Form v2","A Thousand Cuts"],"picked":"Adrenaline","floor":16},{"not_picked":[],"picked":"ReturningBlade","floor":18},{"not_picked":[],"picked":"Well Laid Plans","floor":22},{"not_picked":["TimeWarp+1"],"picked":"SKIP","floor":35},{"not_picked":[],"picked":"Manipulate+1","floor":39},{"not_picked":["Slice"],"picked":"SKIP","floor":40},{"not_picked":[],"picked":"MoonPhase+1","floor":42}],"player_experience":112904,"relics_obtained":[{"floor":8,"key":"Anchor"},{"floor":9,"key":"Pear"},{"floor":26,"key":"Happy Flower"},{"floor":40,"key":"Calipers"},{"floor":43,"key":"Molten Egg 2"},{"floor":48,"key":"Orichalcum"}],"event_choices":[{"damage_healed":0,"gold_gain":175,"player_choice":"AGREE","damage_taken":0,"max_hp_gain":0,"max_hp_loss":0,"event_name":"Liars Game","floor":3,"gold_loss":0,"cards_obtained":["Doubt"]},{"damage_healed":0,"gold_gain":0,"player_choice":"Entered Light","damage_taken":14,"max_hp_gain":0,"max_hp_loss":0,"event_name":"Shining Light","floor":4,"gold_loss":0,"cards_upgraded":["Strike_G","Defend_G"]},{"damage_healed":0,"gold_gain":0,"player_choice":"Forge","damage_taken":0,"max_hp_gain":0,"max_hp_loss":0,"event_name":"Accursed Blacksmith","floor":20,"gold_loss":0,"cards_upgraded":["Barrier"]},{"damage_healed":0,"gold_gain":0,"player_choice":"Trade","damage_taken":0,"relics_obtained":["GremlinMask"],"max_hp_gain":0,"max_hp_loss":0,"event_name":"FaceTrader","floor":27,"gold_loss":0},{"damage_healed":0,"gold_gain":0,"cards_transformed":["Defend_G"],"player_choice":"Transformed","damage_taken":0,"max_hp_gain":0,"max_hp_loss":0,"event_name":"Transmorgrifier","floor":31,"gold_loss":0,"cards_obtained":["SoulSculpture"]},{"damage_healed":0,"gold_gain":0,"player_choice":"Paid","damage_taken":0,"relics_obtained":["Red Mask"],"max_hp_gain":0,"max_hp_loss":0,"event_name":"Tomb of Lord Red Mask","floor":36,"gold_loss":176},{"damage_healed":0,"gold_gain":100,"player_choice":"Pray","damage_taken":0,"max_hp_gain":0,"max_hp_loss":0,"event_name":"Golden Shrine","floor":37,"gold_loss":0},{"cards_removed":["Adrenaline"],"damage_healed":0,"gold_gain":0,"player_choice":"Removed Skill","damage_taken":0,"max_hp_gain":0,"max_hp_loss":0,"event_name":"Falling","floor":46,"gold_loss":0}],"is_beta":false,"boss_relics":[{"not_picked":["Philosopher\u0027s Stone","HoveringKite"],"picked":"Busted Crown"},{"not_picked":["Velvet Choker","Runic Pyramid","Snecko Eye"]}],"items_purged_floors":[5,19],"is_endless":false,"potions_floor_spawned":[1,12,14,18,22,33,35,39,40],"ascension_level":0}}