{"host":"8ki4rp59nppvqwda","time":1613272467,"event":{"mods":["AlwaysNeverKeys","BaseMod","Hermit","Minty Spire (QoL Compilation)","Robot Space Explorer","SacredBarkPlus","StSLib","The Cursed","The Necromancer","The Trickster"],"gold_per_floor":[16,28,28,43,43,75,85,85,85,85,85,10,10,10,10,141,141,165,188,287,287,303,303,328,328,328,328,344,367,411,425,425,551,551,565,565,578,236,250,284,284,308,377,377,377,72,93,116,116,116],"floor_reached":51,"language":"ENG","playtime":14273,"items_purged":["Regret","RobotSpaceExplorer:Defend","RobotSpaceExplorer:Strike"],"score":910,"play_id":"5da14ecf-0a53-42ee-ae6e-6d8a394f7589","local_time":"20210213221427","is_ascension_mode":true,"campfire_choices":[{"data":"RobotSpaceExplorer:DoubleFind","floor":8.0,"key":"SMITH"},{"data":"RobotSpaceExplorer:IronShell","floor":13.0,"key":"SMITH"},{"data":"RobotSpaceExplorer:FranticSearch","floor":15.0,"key":"SMITH"},{"data":"RobotSpaceExplorer:MiniDrones","floor":23.0,"key":"SMITH"},{"data":"RobotSpaceExplorer:ShockMissile","floor":27.0,"key":"SMITH"},{"data":"RobotSpaceExplorer:StarLightning","floor":32.0,"key":"SMITH"},{"data":"RobotSpaceExplorer:Explosion","floor":41.0,"key":"SMITH"},{"data":"RobotSpaceExplorer:StarLightning","floor":45.0,"key":"SMITH"},{"data":"RobotSpaceExplorer:MiniBoosters","floor":49.0,"key":"SMITH"}],"circlet_count":0,"master_deck":["RobotSpaceExplorer:Strike","RobotSpaceExplorer:Strike","RobotSpaceExplorer:Defend","RobotSpaceExplorer:Scan","RobotSpaceExplorer:MiniLasers+1","RobotSpaceExplorer:DoubleFind+1","RobotSpaceExplorer:ScrapMissile","RobotSpaceExplorer:IronShell+1","RobotSpaceExplorer:JunkDive+1","RobotSpaceExplorer:FranticSearch+1","RobotSpaceExplorer:ScrapMissile","RobotSpaceExplorer:ShockMissile+1","RobotSpaceExplorer:Pulsar+1","RobotSpaceExplorer:Probe+1","RobotSpaceExplorer:MiniDrones+1","RobotSpaceExplorer:GlueSpray+1","RobotSpaceExplorer:TrailblazerForm","RobotSpaceExplorer:MiniDrones+1","RobotSpaceExplorer:StarLightning+1","RobotSpaceExplorer:StarLightning+1","RobotSpaceExplorer:Explosion+1","RobotSpaceExplorer:JunkDive+1","RobotSpaceExplorer:JunkDive","RobotSpaceExplorer:TrailblazerForm","RobotSpaceExplorer:ScrapMissile","Flash of Steel","Discovery","Secret Weapon","Panache","RobotSpaceExplorer:GearShield+1","RobotSpaceExplorer:MiniBoosters+1"],"relics":["RobotSpaceExplorer:RoboCore","FossilizedHelix","Mango","Shuriken","Golden Idol","Letter Opener","Philosopher\u0027s Stone","Bottled Lightning","Lizard Tail","RobotSpaceExplorer:SearchSpecs","Eternal Feather","Juzu Bracelet","Kunai"],"acts_visited":["Exordium","TheCity","TheBeyond"],"potions_floor_usage":[50,50],"damage_taken":[{"damage":0.0,"enemies":"Small Slimes","floor":1.0,"turns":3.0},{"damage":0.0,"enemies":"Cultist","floor":2.0,"turns":3.0},{"damage":0.0,"enemies":"2 Louse","floor":4.0,"turns":2.0},{"damage":3.0,"enemies":"3 Sentries","floor":6.0,"turns":10.0},{"damage":0.0,"enemies":"Looter","floor":7.0,"turns":3.0},{"damage":27.0,"enemies":"Slime Boss","floor":16.0,"turns":12.0},{"damage":0.0,"enemies":"Shell Parasite","floor":18.0,"turns":5.0},{"damage":0.0,"enemies":"Spheric Guardian","floor":19.0,"turns":4.0},{"damage":0.0,"enemies":"3 Cultists","floor":22.0,"turns":4.0},{"damage":8.0,"enemies":"Snake Plant","floor":24.0,"turns":5.0},{"damage":0.0,"enemies":"Shelled Parasite and Fungi","floor":28.0,"turns":3.0},{"damage":0.0,"enemies":"3 Cultists","floor":29.0,"turns":4.0},{"damage":8.0,"enemies":"Slavers","floor":30.0,"turns":4.0},{"damage":0.0,"enemies":"Snecko","floor":31.0,"turns":5.0},{"damage":30.0,"enemies":"Collector","floor":33.0,"turns":7.0},{"damage":0.0,"enemies":"Orb Walker","floor":35.0,"turns":2.0},{"damage":0.0,"enemies":"3 Darklings","floor":37.0,"turns":3.0},{"damage":0.0,"enemies":"Jaw Worm Horde","floor":39.0,"turns":3.0},{"damage":0.0,"enemies":"Giant Head","floor":40.0,"turns":6.0},{"damage":0.0,"enemies":"Spire Growth","floor":42.0,"turns":4.0},{"damage":0.0,"enemies":"3 Darklings","floor":47.0,"turns":2.0},{"damage":0.0,"enemies":"Sphere and 2 Shapes","floor":48.0,"turns":3.0},{"damage":8,"enemies":"Time Eater","floor":50,"turns":8}],"seed_played":"-4915904811081195326","potions_obtained":[{"floor":1.0,"key":"Block Potion"},{"floor":7.0,"key":"SkillPotion"},{"floor":19.0,"key":"FearPotion"},{"floor":29.0,"key":"PowerPotion"},{"floor":30.0,"key":"FairyPotion"},{"floor":33.0,"key":"Regen Potion"},{"floor":35.0,"key":"Explosive Potion"},{"floor":40.0,"key":"Ancient Potion"},{"floor":42.0,"key":"SteroidPotion"}],"is_trial":false,"path_per_floor":["M","M","?","M","?","E","M","R","T","?","?","$","R","?","R","B",null,"M","M","?","?","M","R","M","?","T","R","M","M","E","M","R","B",null,"M","?","M","$","M","E","R","M","T","?","R","$","M","M","R","B",null],"character_chosen":"RobotSpaceExplorer","items_purchased":["Eternal Feather","Panache"],"campfire_rested":0,"item_purchase_floors":[38,46],"current_hp_per_floor":[68,68,75,75,75,86,86,86,86,64,64,64,64,46,46,19,72,72,72,72,72,72,72,64,64,64,64,64,64,56,56,56,26,73,78,78,78,78,78,78,89,89,89,79,89,89,89,89,89,81],"gold":116,"neow_bonus":"ONE_RARE_RELIC","is_daily":false,"chose_seed":false,"campfire_upgraded":9,"win_rate":0.0,"timestamp":1613272467,"path_taken":["M","M","?","?","?","E","M","R","T","?","?","$","R","?","R","BOSS","M","M","?","?","?","R","M","?","T","R","?","M","E","M","R","BOSS","M","?","M","$","M","E","R","M","T","?","R","$","M","M","R","BOSS"],"items_purchased_type":["Relic","Card"],"build_version":"2020-12-22","purchased_purges":3,"victory":true,"max_hp_per_floor":[75,75,75,75,75,89,89,89,89,89,89,89,89,89,89,89,89,89,89,89,89,89,89,89,89,89,89,89,89,89,89,89,89,89,89,89,89,89,89,89,89,89,89,89,89,89,89,89,89,89],"card_choices":[{"not_picked":["RobotSpaceExplorer:ToxicBomb","RobotSpaceExplorer:StunGrenade"],"picked":"RobotSpaceExplorer:DoubleFind","floor":1.0},{"not_picked":["RobotSpaceExplorer:Probe","RobotSpaceExplorer:ShovelStrike"],"picked":"RobotSpaceExplorer:ScrapMissile","floor":2.0},{"not_picked":["RobotSpaceExplorer:SurgingShield","RobotSpaceExplorer:RigExplosive"],"picked":"RobotSpaceExplorer:IronShell","floor":4.0},{"not_picked":["RobotSpaceExplorer:SwiftStep","RobotSpaceExplorer:FrostMissile"],"picked":"RobotSpaceExplorer:FranticSearch","floor":6.0},{"not_picked":["RobotSpaceExplorer:ShockKick","RobotSpaceExplorer:HighVoltage"],"picked":"RobotSpaceExplorer:ScrapMissile","floor":7.0},{"not_picked":["RobotSpaceExplorer:Autoloader","RobotSpaceExplorer:Arsenal"],"picked":"RobotSpaceExplorer:ShockMissile","floor":16.0},{"not_picked":["RobotSpaceExplorer:ScrapShield","RobotSpaceExplorer:SurgingStrike+1"],"picked":"RobotSpaceExplorer:Pulsar+1","floor":18.0},{"not_picked":["RobotSpaceExplorer:MakeshiftVolley","RobotSpaceExplorer:StunGrenade"],"picked":"RobotSpaceExplorer:Probe","floor":19.0},{"not_picked":["RobotSpaceExplorer:DoubleBlock","RobotSpaceExplorer:FranticSearch"],"picked":"RobotSpaceExplorer:MiniDrones","floor":22.0},{"not_picked":["RobotSpaceExplorer:ToxicBomb","RobotSpaceExplorer:Probe"],"picked":"RobotSpaceExplorer:GlueSpray+1","floor":24.0},{"not_picked":["RobotSpaceExplorer:GlueSpray","RobotSpaceExplorer:SlimeMissile"],"picked":"RobotSpaceExplorer:TrailblazerForm","floor":28.0},{"not_picked":["RobotSpaceExplorer:Counterblock","RobotSpaceExplorer:LaserBurst"],"picked":"RobotSpaceExplorer:MiniDrones+1","floor":29.0},{"not_picked":["RobotSpaceExplorer:FranticSearch","RobotSpaceExplorer:SlimeMissile"],"picked":"RobotSpaceExplorer:StarLightning","floor":30.0},{"not_picked":["RobotSpaceExplorer:ScrapShield","RobotSpaceExplorer:ImprovisedAttack"],"picked":"RobotSpaceExplorer:StarLightning","floor":31.0},{"not_picked":["RobotSpaceExplorer:Arsenal","RobotSpaceExplorer:Multitool"],"picked":"RobotSpaceExplorer:Explosion","floor":33.0},{"not_picked":["RobotSpaceExplorer:Counterblock","RobotSpaceExplorer:ImprovisedAttack","RobotSpaceExplorer:SwiftStep+1"],"picked":"SKIP","floor":35.0},{"not_picked":["RobotSpaceExplorer:GlueShot","RobotSpaceExplorer:MetalStrike"],"picked":"RobotSpaceExplorer:JunkDive+1","floor":37.0},{"not_picked":["RobotSpaceExplorer:Reload","RobotSpaceExplorer:StarLightning"],"picked":"RobotSpaceExplorer:JunkDive","floor":39.0},{"not_picked":["RobotSpaceExplorer:FreezeRay","RobotSpaceExplorer:ToxicBomb"],"picked":"RobotSpaceExplorer:TrailblazerForm","floor":40.0},{"not_picked":["RobotSpaceExplorer:Blitz","RobotSpaceExplorer:LaserBurst"],"picked":"RobotSpaceExplorer:ScrapMissile","floor":42.0},{"not_picked":["Madness","Blind"],"picked":"Flash of Steel","floor":44.0},{"not_picked":["Sadistic Nature","Jack Of All Trades"],"picked":"Discovery","floor":44.0},{"not_picked":["Bandage Up","Dramatic Entrance"],"picked":"Secret Weapon","floor":44.0},{"not_picked":["RobotSpaceExplorer:MetalStrike+1","RobotSpaceExplorer:StunGrenade"],"picked":"RobotSpaceExplorer:GearShield+1","floor":47.0},{"not_picked":["RobotSpaceExplorer:Ammunition","RobotSpaceExplorer:SurgingStrike+1"],"picked":"RobotSpaceExplorer:MiniBoosters","floor":48.0}],"player_experience":1304629,"relics_obtained":[{"floor":6.0,"key":"Mango"},{"floor":9.0,"key":"Shuriken"},{"floor":26.0,"key":"Bottled Lightning"},{"floor":30.0,"key":"Lizard Tail"},{"floor":40.0,"key":"Juzu Bracelet"},{"floor":43.0,"key":"Kunai"}],"event_choices":[{"damage_healed":7.0,"max_hp_gain":0.0,"max_hp_loss":0.0,"gold_gain":0.0,"event_name":"Wheel of Change","player_choice":"Full Heal","floor":3.0,"gold_loss":0.0,"damage_taken":0.0},{"damage_healed":0.0,"max_hp_gain":0.0,"max_hp_loss":0.0,"gold_gain":0.0,"cards_transformed":["RobotSpaceExplorer:Defend"],"event_name":"Living Wall","player_choice":"Change","floor":5.0,"gold_loss":0.0,"damage_taken":0.0,"cards_obtained":["RobotSpaceExplorer:JunkDive"]},{"damage_healed":0.0,"max_hp_gain":0.0,"max_hp_loss":0.0,"gold_gain":0.0,"event_name":"Golden Idol","player_choice":"Take Damage","floor":10.0,"gold_loss":0.0,"damage_taken":22.0,"relics_obtained":["Golden Idol"]},{"damage_healed":0.0,"max_hp_gain":0.0,"max_hp_loss":0.0,"gold_gain":0.0,"event_name":"Big Fish","player_choice":"Box","floor":11.0,"gold_loss":0.0,"damage_taken":0.0,"relics_obtained":["Letter Opener"],"cards_obtained":["Regret"]},{"damage_healed":0.0,"max_hp_gain":0.0,"max_hp_loss":0.0,"gold_gain":0.0,"event_name":"Shining Light","player_choice":"Entered Light","floor":14.0,"gold_loss":0.0,"damage_taken":18.0,"cards_upgraded":["RobotSpaceExplorer:MiniLasers","RobotSpaceExplorer:JunkDive"]},{"damage_healed":0.0,"max_hp_gain":0.0,"max_hp_loss":0.0,"gold_gain":99.0,"event_name":"Nest","player_choice":"Stole From Cult","floor":20.0,"gold_loss":0.0,"damage_taken":0.0},{"cards_removed":["RobotSpaceExplorer:Strike"],"damage_healed":0.0,"max_hp_gain":0.0,"max_hp_loss":0.0,"gold_gain":0.0,"event_name":"Purifier","player_choice":"Purged","floor":21.0,"gold_loss":0.0,"damage_taken":0.0},{"damage_healed":0.0,"max_hp_gain":0.0,"max_hp_loss":0.0,"gold_gain":0.0,"event_name":"Accursed Blacksmith","player_choice":"Forge","floor":25.0,"gold_loss":0.0,"damage_taken":0.0,"cards_upgraded":["RobotSpaceExplorer:Probe"]},{"cards_removed":["RobotSpaceExplorer:Defend"],"damage_healed":0.0,"max_hp_gain":0.0,"max_hp_loss":0.0,"gold_gain":0.0,"event_name":"Falling","player_choice":"Removed Skill","floor":36.0,"gold_loss":0.0,"damage_taken":0.0},{"damage_healed":0.0,"max_hp_gain":0.0,"max_hp_loss":0.0,"gold_gain":0.0,"event_name":"SensoryStone","player_choice":"Memory 3","floor":44.0,"gold_loss":0.0,"damage_taken":10.0}],"is_beta":false,"boss_relics":[{"not_picked":["Runic Dome","RobotSpaceExplorer:Reprocessor"],"picked":"Philosopher\u0027s Stone"},{"not_picked":["Runic Pyramid","Pandora\u0027s Box"],"picked":"RobotSpaceExplorer:SearchSpecs"}],"items_purged_floors":[12,38,46],"is_endless":false,"potions_floor_spawned":[1,7,19,29,30,33,35,40,42],"ascension_level":7}}