{"host":"fyg75lclw0tbsq92","time":1613294136,"event":{"mods":["AchievementEnabler","Act Like it!","Aspiration","BaseMod","BetterRewards","Gensokyo","Minty Spire (QoL Compilation)","Reimu£®≤©¿ˆ¡È√Œ£©","Replay The Spire","StSLib","The Administrix"],"gold_per_floor":[119,119,208,208,227,261,261,289,316,348,374,290,324,353,353,437,487,513,513,525,279,279,319,319,351,351,410,410,469,527,527,527,696,696,727,398,416,416,416,478,553,968,1015,1015,1129,749,659,507,507,612,612,612,278,356,436],"floor_reached":56,"language":"ZHS","playtime":3022,"items_purged":["Strike_Lin:ReiMu","Delirium","Strike_Lin:ReiMu+1","Defend_Lin:ReiMu+1","Shame"],"score":3669,"play_id":"482d8a6a-5aa7-4a48-9c3f-e76ee1106559","local_time":"20210214171535","is_ascension_mode":true,"campfire_choices":[{"data":"Thinking Ahead","floor":7,"key":"SMITH"},{"data":"Free:ReiMu","floor":15,"key":"SMITH"},{"floor":24,"key":"RECALL"},{"data":"ReplayUltimateDefense","floor":32,"key":"SMITH"},{"data":"PhosphorusFlame:ReiMu","floor":44,"key":"SMITH"},{"data":"KamiRite:ReiMu","floor":49,"key":"SMITH"},{"data":"PayForSelf:ReiMu","floor":52,"key":"SMITH"}],"circlet_count":0,"master_deck":["AscendersBane","Strike_Lin:ReiMu+1","Defend_Lin:ReiMu+1","NB:ReiMu","Stagnation:ReiMu","Authority:ReiMu+1","TightArray:ReiMu+1","PhosphorusFlame:ReiMu+1","OctopathBindingBorder2:ReiMu","ReplayUltimateDefense+1","SubcavityFantasy:ReiMu+1","Thinking Ahead+1","Amulet:ReiMu+1","PayForSelf:ReiMu+1","YinYangSign:ReiMu+1","Revelation:ReiMu","FoulBorder2:ReiMu","Free:ReiMu+1","Enchanting:ReiMu+1","Revelation:ReiMu","Enchanting:ReiMu","KamiRite:ReiMu+1","RainPray2:ReiMu","CeremonyResonance:ReiMu+1","CleanRite:ReiMu","ShadowOfCrow2:ReiMu","CleanRite:ReiMu","Thinking Ahead","Thinking Ahead","Mayhem","Madness","Madness","SubAcupoint:ReiMu+1","Secret Technique"],"relics":["FlyPower:ReiMu","Membership Card","CeramicFish","Chameleon Ring","Bag of Preparation","Guide Book","aspiration:Lifesprig","BargainBundle","Prayer Wheel","Divine Protection","PureWhite:ReiMu","Tiny Chest","Strawberry","Bow_fan:ReiMu","Anchor","Odd Mushroom","ReplayFunnel","Tiny House","StoneCalendar","Mango","Whetstone","Replay:Baseball","Replay:Bandana","Replay:Bottled Snecko","Quantum Egg","SacredBark","ReplayTheSpireMod:ShopPack","Ginger","Pet Ghost","BodyOfKamiR:ReiMu","Kunai","Old Coin","Replay:Rubber Ducky","Shuriken","Sling","Juzu Bracelet","Eternal Feather","Frozen Eye","ReplayTheSpireMod:TigerMarble","ReplayTheSpireMod:CursedCoin","Counterbalance","Lizard Tail","Replay:Accelerometer"],"acts_visited":["Exordium","TheCity","TheBeyond","TheEnding"],"potions_floor_usage":[6,6,6,10,17,25,33,40,45,50,55,55],"damage_taken":[{"damage":0.0,"enemies":"Small Slimes","floor":1.0,"turns":4.0},{"damage":0,"enemies":"2 Louse","floor":5,"turns":4},{"damage":9,"enemies":"3 Sentries","floor":6,"turns":7},{"damage":0,"enemies":"Jaw Worm","floor":8,"turns":3},{"damage":0,"enemies":"Gremlin Nob","floor":10,"turns":4},{"damage":4,"enemies":"The Mushroom Lair","floor":13,"turns":5},{"damage":4,"enemies":"3 Sentries","floor":14,"turns":6},{"damage":0,"enemies":"Hexaghost","floor":16,"turns":6},{"damage":0,"enemies":"Shell Parasite","floor":18,"turns":3},{"damage":5,"enemies":"2 Thieves","floor":20,"turns":4},{"damage":0,"enemies":"Replay:Snechameleon","floor":23,"turns":6},{"damage":25,"enemies":"Slavers","floor":25,"turns":5},{"damage":0,"enemies":"Replay:Snechameleon","floor":27,"turns":6},{"damage":0,"enemies":"Snecko","floor":29,"turns":5},{"damage":0,"enemies":"Sentry and Sphere","floor":30,"turns":4},{"damage":0,"enemies":"Pondfish","floor":33,"turns":7},{"damage":0,"enemies":"3 Shapes","floor":35,"turns":4},{"damage":0,"enemies":"R_Hoarder","floor":40,"turns":6},{"damage":0,"enemies":"Giant Head","floor":42,"turns":5},{"damage":0,"enemies":"Reptomancer","floor":45,"turns":5},{"damage":0,"enemies":"Awakened One","floor":50,"turns":8},{"damage":0,"enemies":"Shield and Spear","floor":54,"turns":6},{"damage":19,"enemies":"The Heart","floor":55,"turns":6}],"seed_played":"4938989641270960064","potions_obtained":[{"floor":8,"key":"Block Potion"},{"floor":13,"key":"ZuzhouPotion:ReiMu"},{"floor":17,"key":"Fruit Juice"},{"floor":18,"key":"PinkPotion:ReiMu"},{"floor":25,"key":"SkillPotion"}],"is_trial":false,"path_per_floor":["M","?","?","T","M","E","R","M","T","E","T","$","?","E","R","B",null,"M","T","M","$","?","E","R","E","T","E","?","M","M","T","R","B",null,"M","$","?","?","?","E","T","E","T","R","E","$","?","$","R","B",null,"R","$","E","B",null],"character_chosen":"REIMU","items_purchased":["Authority:ReiMu","Membership Card","CeramicFish","Chameleon Ring","TightArray:ReiMu","PhosphorusFlame:ReiMu","OctopathBindingBorder2:ReiMu","ReplayUltimateDefense","SubcavityFantasy:ReiMu","Thinking Ahead","Amulet:ReiMu","Bag of Preparation","Guide Book","aspiration:Lifesprig","BargainBundle","FoulBorder2:ReiMu+1","EntropicBrew","Swift Potion","Prayer Wheel","PayForSelf:ReiMu","Revelation:ReiMu","Anchor","CeremonyResonance:ReiMu+1","Mango","ReplayTheSpireMod:ShopPack","Ginger","Pet Ghost","Sling","Juzu Bracelet","Eternal Feather","PowerPotion","Frozen Eye","ReplayTheSpireMod:TigerMarble","ReplayTheSpireMod:CursedCoin","Counterbalance","Lizard Tail","SteroidPotion","SubAcupoint:ReiMu+1","Secret Technique"],"campfire_rested":0,"item_purchase_floors":[0,0,0,0,0,0,0,0,0,0,0,0,0,0,0,0,0,0,0,0,12,12,21,21,36,36,36,46,46,46,46,48,48,53,53,53,53,53,53],"current_hp_per_floor":[59,59,59,59,59,50,50,50,50,57,57,57,53,49,49,49,78,78,78,73,87,87,87,87,62,62,62,62,62,62,62,62,62,89,89,89,77,77,77,77,77,77,77,77,77,77,77,77,95,95,97,98,98,98,79],"gold":436,"neow_bonus":"","is_daily":false,"chose_seed":false,"campfire_upgraded":6,"win_rate":0.0,"timestamp":1613294135,"path_taken":["M","?","?","?","M","E","R","M","T","E","?","?","?","E","R","BOSS","M","?","M","$","?","E","R","E","T","E","?","M","?","?","R","BOSS","M","$","?","?","?","E","?","E","T","R","E","$","?","?","R","BOSS","R","$","E","BOSS"],"items_purchased_type":["Card","Relic","Relic","Relic","Card","Card","Card","Card","Card","Card","Card","Relic","Relic","Relic","Relic","Card","Potion","Potion","Relic","Card","Card","Relic","Card","Relic","Relic","Relic","Relic","Relic","Relic","Relic","Potion","Relic","Relic","Relic","Relic","Relic","Potion","Card","Card"],"build_version":"2020-12-22","purchased_purges":5,"victory":true,"max_hp_per_floor":[65,65,65,65,65,65,65,65,65,72,72,72,72,72,72,72,84,84,84,84,98,98,98,98,98,98,98,98,98,98,98,98,98,98,98,98,98,98,98,98,98,98,98,98,98,98,98,98,98,98,98,98,98,98,98],"card_choices":[{"not_picked":["AirStrike:ReiMu","SafetyPray:ReiMu","Conquer:ReiMu"],"picked":"SKIP","floor":1.0},{"not_picked":["SpiritualOutbreak2:ReiMu","MikOfLucky:ReiMu","FineLineFantasy:ReiMu"],"picked":"SKIP","floor":1.0},{"not_picked":["SubcavityInstant:ReiMu","NineCharacters:ReiMu"],"picked":"Revelation:ReiMu","floor":5},{"not_picked":["SpringWay:ReiMu","AlertArray:ReiMu","CollectionFlower2:ReiMu"],"picked":"SKIP","floor":5},{"not_picked":["Conquer:ReiMu","YinYangSange:ReiMu"],"picked":"FoulBorder2:ReiMu","floor":6},{"not_picked":["MountainWay:ReiMu","SpringWay:ReiMu"],"picked":"Free:ReiMu","floor":8},{"not_picked":["SpiritualOutbreak2:ReiMu","AirStrike:ReiMu"],"picked":"Enchanting:ReiMu","floor":8},{"not_picked":["SpreadBorder2:ReiMu","SpringWay:ReiMu","Conquer:ReiMu"],"picked":"SKIP","floor":10},{"not_picked":["SafetyPray:ReiMu","WonderfulDomain:ReiMu"],"picked":"Enchanting:ReiMu","floor":13},{"not_picked":["SpreadBorder2:ReiMu","Meditation:ReiMu","TightArray:ReiMu"],"picked":"SKIP","floor":14},{"not_picked":["Shading:ReiMu","CleanRite:ReiMu"],"picked":"KamiRite:ReiMu","floor":16},{"not_picked":["AlertArray:ReiMu","EmergencyTakeOff:ReiMu"],"picked":"RainPray2:ReiMu","floor":18},{"not_picked":["FantasyBorder:ReiMu","CareerPray:ReiMu","BarrageOfMoneybags:ReiMu"],"picked":"SKIP","floor":18},{"not_picked":["FoulBorder2:ReiMu","SpreadBorder2:ReiMu","PrepareRite:ReiMu"],"picked":"SKIP","floor":20},{"not_picked":["MountainWay:ReiMu","YinYang:ReiMu","LearningPray:ReiMu+1"],"picked":"SKIP","floor":20},{"not_picked":["SafetyPray:ReiMu","SpringWay:ReiMu"],"picked":"CleanRite:ReiMu","floor":23},{"not_picked":["InherentArray:ReiMu","Meditation:ReiMu","TightArray:ReiMu"],"picked":"SKIP","floor":25},{"not_picked":["OrbThrow:ReiMu","Dreaming2:ReiMu","OctopathBindingBorder2:ReiMu"],"picked":"SKIP","floor":27},{"not_picked":["EmergencyTakeOff:ReiMu","AlertArray:ReiMu","FantasyMoon:ReiMu"],"picked":"SKIP","floor":29},{"not_picked":["Gathering:ReiMu+1","SubcavityInstant:ReiMu","SubAcupoint:ReiMu"],"picked":"SKIP","floor":29},{"not_picked":["WonderfulDomain:ReiMu","Crusade:ReiMu"],"picked":"ShadowOfCrow2:ReiMu","floor":30},{"not_picked":["Gathering:ReiMu+1","SpreadBorder2:ReiMu+1","MikOfLucky:ReiMu"],"picked":"SKIP","floor":30},{"not_picked":["DependentForm:ReiMu","BlastKick2:ReiMu"],"picked":"CleanRite:ReiMu","floor":33},{"not_picked":["FineLineFantasy:ReiMu+1","MountainWay:ReiMu","TakeOff:ReiMu"],"picked":"SKIP","floor":35},{"not_picked":["OrbThrow:ReiMu+1","CareerPray:ReiMu","WonderfulDomain:ReiMu"],"picked":"SKIP","floor":35},{"not_picked":["Transmutation","Deep Breath"],"picked":"Thinking Ahead","floor":36},{"not_picked":["Mind Blast","PanicButton"],"picked":"Thinking Ahead","floor":36},{"not_picked":["Crow Ritual","Apotheosis"],"picked":"Mayhem","floor":36},{"not_picked":["YinYangSange:ReiMu","AirStrike:ReiMu","SpreadBorder2:ReiMu"],"picked":"SKIP","floor":40},{"not_picked":["CareerPray:ReiMu","SubcavityInstant:ReiMu","ForcedLanding:ReiMu"],"picked":"SKIP","floor":42},{"not_picked":["Crusade:ReiMu","SubAcupoint:ReiMu","Meditation:ReiMu"],"picked":"SKIP","floor":45},{"not_picked":["Enchanting:ReiMu","CareerPray:ReiMu","OrbThrow:ReiMu"],"picked":"SKIP","floor":54}],"player_experience":280987,"relics_obtained":[{"floor":6,"key":"PureWhite:ReiMu"},{"floor":9,"key":"Tiny Chest"},{"floor":10,"key":"Strawberry"},{"floor":11,"key":"Bow_fan:ReiMu"},{"floor":13,"key":"Odd Mushroom"},{"floor":14,"key":"ReplayFunnel"},{"floor":19,"key":"StoneCalendar"},{"floor":23,"key":"Whetstone"},{"floor":25,"key":"Replay:Baseball"},{"floor":26,"key":"Replay:Bandana"},{"floor":27,"key":"Replay:Bottled Snecko"},{"floor":31,"key":"Quantum Egg"},{"floor":40,"key":"BodyOfKamiR:ReiMu"},{"floor":41,"key":"Kunai"},{"floor":42,"key":"Old Coin"},{"floor":43,"key":"Replay:Rubber Ducky"},{"floor":45,"key":"Shuriken"},{"floor":54,"key":"Replay:Accelerometer"}],"event_choices":[{"damage_healed":0,"gold_gain":0,"player_choice":"Fought Mushrooms","damage_taken":0,"max_hp_gain":0,"max_hp_loss":0,"event_name":"Mushrooms","floor":13,"gold_loss":0},{"damage_healed":0,"gold_gain":0,"player_choice":"Simplicity","damage_taken":0,"max_hp_gain":0,"max_hp_loss":0,"event_name":"Back to Basics","floor":22,"gold_loss":0,"cards_upgraded":["Strike_Lin:ReiMu","Strike_Lin:ReiMu","Strike_Lin:ReiMu","Defend_Lin:ReiMu","Defend_Lin:ReiMu"]},{"cards_removed":["FoulBorder2:ReiMu"],"damage_healed":0,"gold_gain":0,"player_choice":"Card Removal","damage_taken":0,"max_hp_gain":0,"max_hp_loss":0,"event_name":"Wheel of Change","floor":28,"gold_loss":0},{"damage_healed":0,"gold_gain":0,"player_choice":"Embrace Madness","damage_taken":12,"max_hp_gain":0,"max_hp_loss":0,"event_name":"Winding Halls","floor":37,"gold_loss":0,"cards_obtained":["Madness","Madness"]},{"cards_removed":["Strike_Lin:ReiMu"],"damage_healed":0,"gold_gain":0,"player_choice":"Removed Attack","damage_taken":0,"max_hp_gain":0,"max_hp_loss":0,"event_name":"Falling","floor":38,"gold_loss":0},{"damage_healed":0,"gold_gain":0,"player_choice":"Memory 1","damage_taken":0,"max_hp_gain":0,"max_hp_loss":0,"event_name":"SensoryStone","floor":39,"gold_loss":0},{"cards_removed":["Defend_Lin:ReiMu"],"damage_healed":0,"gold_gain":0,"player_choice":"Upgrade and Remove","damage_taken":0,"max_hp_gain":0,"max_hp_loss":0,"event_name":"Designer","floor":47,"gold_loss":90,"cards_upgraded":["Enchanting:ReiMu"]}],"is_beta":false,"boss_relics":[{"not_picked":["aspiration:SilentSkillbook","aspiration:DefectSkillbook"],"picked":"Tiny House"},{"not_picked":["Sozu","Snecko Eye"],"picked":"SacredBark"}],"items_purged_floors":[0,21,36,46,53],"is_endless":false,"potions_floor_spawned":[5,8,13,18,23,25,27,40],"ascension_level":13}}