{"host":"c3lc60y5x60jlt1y","time":1613287142,"event":{"mods":["AchievementEnabler","BaseMod","Bestiary","Colored Map","Minty Spire (QoL Compilation)","Quick Restart","StSLib","ojb\u0027s Info Mod"],"gold_per_floor":[114,129,129,129,54,89,89,127,175,188,208,208,248,293,293,386,386,402,402,415,440,440,440,464,464,464],"floor_reached":25,"language":"ENG","playtime":2527,"items_purged":["Defend_B"],"score":542,"play_id":"eff47ee0-492b-4ab9-a67a-422ccf8b79bf","local_time":"20210214091902","is_ascension_mode":true,"campfire_choices":[{"data":"Consume","floor":7.0,"key":"SMITH"},{"data":"Zap","floor":12.0,"key":"SMITH"},{"data":"Leap","floor":15.0,"key":"SMITH"},{"data":"Hyperbeam","floor":23.0,"key":"SMITH"}],"circlet_count":0,"master_deck":["AscendersBane","Strike_B","Strike_B","Defend_B","Defend_B","Defend_B","Zap+1","Dualcast","Cold Snap","Aggregate","Consume+1","Ball Lightning","Seek","Steam","Leap+1","Hyperbeam+1","Glacier","Sweeping Beam","Fusion","Steam Power"],"relics":["Cracked Core","NeowsBlessing","Golden Idol","Tiny Chest","Cables","Bag of Preparation","Unceasing Top","Omamori","Cursed Key"],"acts_visited":["Exordium","TheCity"],"potions_floor_usage":[25,25,25,25],"damage_taken":[{"damage":0.0,"enemies":"2 Louse","floor":1.0,"turns":1.0},{"damage":0.0,"enemies":"Small Slimes","floor":2.0,"turns":1.0},{"damage":0.0,"enemies":"3 Sentries","floor":6.0,"turns":1.0},{"damage":11.0,"enemies":"Gremlin Nob","floor":8.0,"turns":3.0},{"damage":7.0,"enemies":"Jaw Worm","floor":10.0,"turns":2.0},{"damage":12.0,"enemies":"Blue Slaver","floor":11.0,"turns":3.0},{"damage":0.0,"enemies":"Lagavulin","floor":13.0,"turns":5.0},{"damage":35.0,"enemies":"Hexaghost","floor":16.0,"turns":9.0},{"damage":5.0,"enemies":"2 Thieves","floor":18.0,"turns":3.0},{"damage":6.0,"enemies":"Shell Parasite","floor":20.0,"turns":4.0},{"damage":12.0,"enemies":"Cultist and Chosen","floor":21.0,"turns":6.0},{"damage":13.0,"enemies":"Sentry and Sphere","floor":24.0,"turns":5.0},{"damage":10,"enemies":"Book of Stabbing","floor":25,"turns":5}],"seed_played":"5945215155885720938","potions_obtained":[{"floor":6.0,"key":"Strength Potion"},{"floor":8.0,"key":"EssenceOfDarkness"},{"floor":13.0,"key":"DuplicationPotion"},{"floor":16.0,"key":"Block Potion"},{"floor":18.0,"key":"SpeedPotion"},{"floor":20.0,"key":"Weak Potion"},{"floor":24.0,"key":"ColorlessPotion"}],"is_trial":false,"path_per_floor":["M","M","?","?","$","E","R","E","T","M","M","R","E","T","R","B",null,"M","?","M","M","?","R","M","E"],"character_chosen":"DEFECT","items_purchased":[],"campfire_rested":0,"item_purchase_floors":[],"current_hp_per_floor":[64,64,69,69,69,69,69,58,58,51,39,39,39,39,39,4,53,48,48,42,30,18,18,5,0,0],"gold":464,"neow_bonus":"THREE_ENEMY_KILL","is_daily":false,"chose_seed":false,"campfire_upgraded":4,"win_rate":0.0,"timestamp":1613287142,"path_taken":["M","M","?","?","$","E","R","E","T","M","M","R","E","?","R","BOSS","M","?","M","M","?","R","M","E"],"items_purchased_type":[],"build_version":"2020-12-22","purchased_purges":1,"victory":false,"max_hp_per_floor":[71,71,76,69,69,69,69,69,69,69,69,69,69,69,69,69,69,69,69,69,69,69,69,69,69,69],"card_choices":[{"not_picked":["Barrage","Redo"],"picked":"Cold Snap","floor":1.0},{"not_picked":["Cold Snap","Hologram"],"picked":"Aggregate","floor":2.0},{"not_picked":["Conserve Battery","Turbo"],"picked":"Consume","floor":6.0},{"not_picked":["Compile Driver","Melter"],"picked":"Ball Lightning","floor":8.0},{"not_picked":["Turbo","Sweeping Beam"],"picked":"Seek","floor":10.0},{"not_picked":["Scrape","Compile Driver"],"picked":"Steam","floor":11.0},{"not_picked":["Beam Cell","Lockon"],"picked":"Leap","floor":13.0},{"not_picked":["Multi-Cast","Fission"],"picked":"Hyperbeam","floor":16.0},{"not_picked":["Cold Snap","Reprogram","Streamline"],"picked":"SKIP","floor":18.0},{"not_picked":["Streamline","Go for the Eyes"],"picked":"Fusion","floor":20.0},{"not_picked":["Conserve Battery","Beam Cell","Turbo"],"picked":"SKIP","floor":21.0},{"not_picked":["Seek","Blizzard"],"picked":"Steam Power","floor":24.0}],"player_experience":9304287,"relics_obtained":[{"floor":6.0,"key":"Tiny Chest"},{"floor":8.0,"key":"Cables"},{"floor":9.0,"key":"Bag of Preparation"},{"floor":13.0,"key":"Unceasing Top"},{"floor":14.0,"key":"Omamori"}],"event_choices":[{"damage_healed":0.0,"max_hp_gain":5.0,"max_hp_loss":0.0,"gold_gain":0.0,"event_name":"Big Fish","player_choice":"Donut","floor":3.0,"gold_loss":0.0,"damage_taken":0.0},{"damage_healed":0.0,"max_hp_gain":0.0,"max_hp_loss":7.0,"gold_gain":0.0,"event_name":"Golden Idol","player_choice":"Lose Max HP","floor":4.0,"gold_loss":0.0,"damage_taken":0.0,"relics_obtained":["Golden Idol"]},{"damage_healed":0.0,"max_hp_gain":0.0,"max_hp_loss":0.0,"gold_gain":0.0,"cards_transformed":["Strike_B","Strike_B"],"event_name":"Drug Dealer","player_choice":"Became Test Subject","floor":19.0,"gold_loss":0.0,"damage_taken":0.0,"cards_obtained":["Glacier","Sweeping Beam"]},{"damage_healed":0.0,"max_hp_gain":0.0,"max_hp_loss":0.0,"gold_gain":0.0,"event_name":"Knowing Skull","player_choice":"POTION ","floor":22.0,"potions_obtained":["EntropicBrew"],"gold_loss":0.0,"damage_taken":12.0,"cards_obtained":[]}],"is_beta":false,"boss_relics":[{"not_picked":["Philosopher\u0027s Stone","Runic Pyramid"],"picked":"Cursed Key"}],"items_purged_floors":[5],"is_endless":false,"potions_floor_spawned":[6,8,13,16,18,20,24],"killed_by":"Book of Stabbing","ascension_level":20}}