{"host":"4lch21uqe3ag08cj","time":1613271707,"event":{"mods":["AchievementEnabler","BaseMod","Block Reminder","Colored Map","Colored Powertips","Minty Spire (QoL Compilation)","Permanent Neow","Relic Stats"],"gold_per_floor":[116,127,143,37,37,70,70,101,153,180,180,192,192,206,206,310,310,321,338,338,367,392,429,441,482,494,521,559,571,599,611,623,739,751,782,805,262,279,297,325,325,360,360,370,404,404,98,98,98,98,98,98,47,74,74],"floor_reached":56,"language":"ENG","playtime":2795,"items_purged":["Strike_R"],"score":1635,"play_id":"7181cebb-593d-44c5-8ad4-dd54c8e35d10","local_time":"20210214000147","is_ascension_mode":true,"campfire_choices":[{"floor":7,"key":"REST"},{"floor":11,"key":"REST"},{"floor":15,"key":"REST"},{"floor":32,"key":"REST"},{"floor":41,"key":"RECALL"},{"floor":49,"key":"REST"},{"floor":52,"key":"REST"}],"circlet_count":0,"master_deck":["Strike_R","Strike_R","Strike_R","Defend_R","Defend_R","Defend_R","Defend_R","Bash","Clothesline","Shockwave","Hemokinesis","Rupture","Clothesline","Feed+1","Cleave+1","Ghostly Armor","Pommel Strike+1","Fiend Fire+1","Heavy Blade+1","Flame Barrier+1","Whirlwind+1","Shockwave","Barricade","Flame Barrier","J.A.X.","Corruption","Feel No Pain"],"relics":["Fusion Hammer","Sundial","Omamori","Molten Egg 2","Centennial Puzzle","Oddly Smooth Stone","Snecko Eye","MawBank","Juzu Bracelet","Ornamental Fan","Bottled Tornado","Ice Cream","Blood Vial","Busted Crown","Sling","Letter Opener","Regal Pillow","Toxic Egg 2","MealTicket","Torii","Meat on the Bone","Strawberry"],"acts_visited":["Exordium","TheCity","TheBeyond","TheEnding"],"potions_floor_usage":[6,8,23,25,28,35,50,55,55],"damage_taken":[{"damage":1,"enemies":"Cultist","floor":1,"turns":3},{"damage":2,"enemies":"2 Louse","floor":2,"turns":2},{"damage":7,"enemies":"Jaw Worm","floor":3,"turns":2},{"damage":24,"enemies":"3 Sentries","floor":6,"turns":5},{"damage":15,"enemies":"Lagavulin","floor":8,"turns":7},{"damage":31,"enemies":"3 Sentries","floor":10,"turns":7},{"damage":4,"enemies":"Red Slaver","floor":12,"turns":2},{"damage":8,"enemies":"Blue Slaver","floor":14,"turns":3},{"damage":28,"enemies":"The Guardian","floor":16,"turns":10},{"damage":2,"enemies":"Chosen","floor":18,"turns":4},{"damage":4,"enemies":"3 Byrds","floor":19,"turns":4},{"damage":6,"enemies":"Centurion and Healer","floor":21,"turns":4},{"damage":18,"enemies":"Snake Plant","floor":22,"turns":5},{"damage":36,"enemies":"Book of Stabbing","floor":23,"turns":5},{"damage":0,"enemies":"Gremlin Leader","floor":25,"turns":4},{"damage":1,"enemies":"Sentry and Sphere","floor":27,"turns":3},{"damage":0,"enemies":"Slavers","floor":28,"turns":1},{"damage":0,"enemies":"Cultist and Chosen","floor":30,"turns":3},{"damage":13,"enemies":"Champ","floor":33,"turns":7},{"damage":11,"enemies":"3 Darklings","floor":35,"turns":4},{"damage":5,"enemies":"3 Shapes","floor":36,"turns":2},{"damage":12,"enemies":"Writhing Mass","floor":38,"turns":6},{"damage":0,"enemies":"4 Shapes","floor":39,"turns":4},{"damage":5,"enemies":"Nemesis","floor":40,"turns":5},{"damage":15,"enemies":"Reptomancer","floor":42,"turns":6},{"damage":7,"enemies":"Maw","floor":44,"turns":6},{"damage":3,"enemies":"Nemesis","floor":45,"turns":7},{"damage":68,"enemies":"Awakened One","floor":50,"turns":7},{"damage":7,"enemies":"Shield and Spear","floor":54,"turns":5},{"damage":145,"enemies":"The Heart","floor":55,"turns":10}],"seed_played":"3616556824013126993","potions_obtained":[{"floor":1,"key":"Explosive Potion"},{"floor":3,"key":"SkillPotion"},{"floor":12,"key":"FairyPotion"},{"floor":21,"key":"DistilledChaos"},{"floor":22,"key":"SkillPotion"},{"floor":23,"key":"FairyPotion"},{"floor":24,"key":"LiquidMemories"},{"floor":27,"key":"SteroidPotion"},{"floor":33,"key":"ColorlessPotion"},{"floor":35,"key":"LiquidMemories"}],"is_trial":false,"path_per_floor":["M","M","M","$","?","E","R","E","T","E","R","M","?","M","R","B",null,"M","M","T","M","M","E","?","E","T","M","E","?","M","?","R","B",null,"M","M","$","M","M","E","R","E","T","M","E","?","$","T","R","B",null,"R","$","E","B",null],"character_chosen":"IRONCLAD","items_purchased":["Hemokinesis","Rupture","Feel No Pain","Sling","Letter Opener","Torii","Strength Potion"],"campfire_rested":6,"item_purchase_floors":[4,4,37,37,37,47,53],"current_hp_per_floor":[79,77,70,70,58,34,58,43,43,16,41,41,46,42,71,47,101,103,103,103,101,87,51,51,55,55,58,62,62,64,64,102,95,133,122,123,123,117,123,124,124,115,115,114,117,117,132,132,161,97,165,165,165,165,34],"gold":74,"neow_bonus":"BOSS_RELIC","is_daily":false,"chose_seed":false,"campfire_upgraded":0,"win_rate":0.0,"timestamp":1613271707,"path_taken":["M","M","M","$","?","E","R","E","T","E","R","M","?","?","R","BOSS","M","M","?","M","M","E","?","E","T","M","E","?","M","?","R","BOSS","M","M","$","M","M","E","R","E","T","M","E","?","$","?","R","BOSS","R","$","E","BOSS"],"items_purchased_type":["Card","Card","Card","Relic","Relic","Relic","Potion"],"build_version":"2020-12-22","purchased_purges":1,"victory":true,"max_hp_per_floor":[80,80,80,80,80,80,80,80,80,84,84,88,93,97,97,101,101,105,109,109,113,117,117,117,121,121,125,129,129,129,129,129,133,133,133,137,137,141,145,149,149,153,153,157,161,161,161,161,161,165,165,165,165,172,172],"relic_stats":{"Regal Pillow":0,"Torii":83,"counters":[30,143],"Juzu Bracelet":1,"Letter Opener":[77],"MawBank":204,"Blood Vial":20,"Centennial Puzzle":[63],"Busted Crown":18,"Sundial":[26],"Ornamental Fan":[144],"Snecko Eye":[191,192,177,194],"MealTicket":15,"obtain_stats":[{"Ice Cream":28,"Regal Pillow":40,"Torii":47,"Oddly Smooth Stone":10,"Omamori":6,"Juzu Bracelet":23,"Letter Opener":37,"Bottled Tornado":26,"MawBank":20,"Sling":37,"Burning Blood":0,"Blood Vial":29,"Centennial Puzzle":9,"Busted Crown":34,"Sundial":5,"Ornamental Fan":25,"Strawberry":54,"Snecko Eye":17,"Molten Egg 2":8,"MealTicket":45,"Fusion Hammer":0,"Toxic Egg 2":42,"Meat on the Bone":48},{"Ice Cream":17,"Regal Pillow":24,"Torii":27,"Oddly Smooth Stone":6,"Omamori":4,"Juzu Bracelet":14,"Letter Opener":21,"Bottled Tornado":15,"MawBank":11,"Sling":21,"Burning Blood":0,"Blood Vial":17,"Centennial Puzzle":5,"Busted Crown":19,"Sundial":3,"Ornamental Fan":15,"Strawberry":29,"Snecko Eye":9,"Molten Egg 2":5,"MealTicket":27,"Fusion Hammer":0,"Toxic Egg 2":25,"Meat on the Bone":27},{"Ice Cream":71,"Regal Pillow":102,"Torii":121,"Oddly Smooth Stone":26,"Omamori":12,"Juzu Bracelet":63,"Letter Opener":87,"Bottled Tornado":67,"MawBank":49,"Sling":87,"Burning Blood":0,"Blood Vial":71,"Centennial Puzzle":19,"Busted Crown":81,"Sundial":7,"Ornamental Fan":67,"Strawberry":133,"Snecko Eye":41,"Molten Egg 2":19,"MealTicket":121,"Fusion Hammer":0,"Toxic Egg 2":108,"Meat on the Bone":121}],"Meat on the Bone":12},"card_choices":[{"not_picked":["Combust","Anger"],"picked":"Clothesline","floor":1},{"not_picked":["Sword Boomerang","True Grit","Dual Wield"],"picked":"SKIP","floor":2},{"not_picked":["Perfected Strike","Flex"],"picked":"Shockwave","floor":3},{"not_picked":["Armaments","Perfected Strike"],"picked":"Clothesline","floor":6},{"not_picked":["Dark Embrace","Hemokinesis+1"],"picked":"Feed+1","floor":8},{"not_picked":["Headbutt+1","Evolve"],"picked":"Cleave+1","floor":10},{"not_picked":["Dual Wield","Seeing Red"],"picked":"Ghostly Armor","floor":12},{"not_picked":["Wild Strike+1","Anger+1"],"picked":"Pommel Strike+1","floor":14},{"not_picked":["Barricade","Brutality"],"picked":"Fiend Fire+1","floor":16},{"not_picked":["Fire Breathing+1","Clash+1"],"picked":"Heavy Blade+1","floor":18},{"not_picked":["Searing Blow+1","Uppercut+1"],"picked":"Flame Barrier+1","floor":19},{"not_picked":["Pommel Strike+1","Iron Wave+1"],"picked":"Whirlwind+1","floor":21},{"not_picked":["Clothesline+1","Clash+1","Flex+1"],"picked":"SKIP","floor":22},{"not_picked":["True Grit","Shrug It Off"],"picked":"Shockwave","floor":23},{"not_picked":["Blood for Blood+1","Feel No Pain"],"picked":"Barricade","floor":25},{"not_picked":["Heavy Blade+1","Headbutt+1","Clash+1"],"picked":"SKIP","floor":27},{"not_picked":["Thunderclap+1","Anger+1","Combust"],"picked":"SKIP","floor":28},{"not_picked":["Headbutt+1","Body Slam+1"],"picked":"Flame Barrier","floor":30},{"not_picked":["Feed+1","Reaper+1"],"picked":"Corruption","floor":33},{"not_picked":["Bloodletting"],"picked":"SKIP","floor":35},{"not_picked":["Combust"],"picked":"SKIP","floor":36},{"not_picked":["Clothesline+1"],"picked":"SKIP","floor":38},{"not_picked":["Fire Breathing+1"],"picked":"SKIP","floor":39},{"not_picked":["Heavy Blade+1"],"picked":"SKIP","floor":40},{"not_picked":["Shrug It Off+1"],"picked":"SKIP","floor":42},{"not_picked":["Thunderclap+1"],"picked":"SKIP","floor":44},{"not_picked":["Dropkick+1"],"picked":"SKIP","floor":45},{"not_picked":["Infernal Blade+1"],"picked":"SKIP","floor":54}],"player_experience":74210,"relics_obtained":[{"floor":6,"key":"Omamori"},{"floor":8,"key":"Molten Egg 2"},{"floor":9,"key":"Centennial Puzzle"},{"floor":10,"key":"Oddly Smooth Stone"},{"floor":20,"key":"MawBank"},{"floor":23,"key":"Juzu Bracelet"},{"floor":25,"key":"Ornamental Fan"},{"floor":26,"key":"Bottled Tornado"},{"floor":28,"key":"Ice Cream"},{"floor":40,"key":"Regal Pillow"},{"floor":42,"key":"Toxic Egg 2"},{"floor":45,"key":"MealTicket"},{"floor":48,"key":"Meat on the Bone"},{"floor":54,"key":"Strawberry"}],"event_choices":[{"damage_healed":0,"gold_gain":0,"player_choice":"Success","damage_taken":12,"relics_obtained":["Sundial"],"max_hp_gain":0,"max_hp_loss":0,"event_name":"Scrap Ooze","floor":5,"gold_loss":0},{"damage_healed":0,"gold_gain":0,"player_choice":"Donut","damage_taken":0,"max_hp_gain":5,"max_hp_loss":0,"event_name":"Big Fish","floor":13,"gold_loss":0},{"damage_healed":0,"gold_gain":0,"player_choice":"Got Potions","damage_taken":0,"max_hp_gain":0,"max_hp_loss":0,"event_name":"Lab","floor":24,"gold_loss":0},{"damage_healed":0,"gold_gain":0,"player_choice":"Stole Relic","damage_taken":0,"relics_obtained":["Blood Vial"],"max_hp_gain":0,"max_hp_loss":0,"event_name":"Addict","floor":29,"gold_loss":0,"cards_obtained":["Shame"]},{"damage_healed":0,"gold_gain":0,"player_choice":"Obtain J.A.X.","damage_taken":0,"max_hp_gain":0,"max_hp_loss":0,"event_name":"Drug Dealer","floor":31,"gold_loss":0,"cards_obtained":["J.A.X."]},{"cards_removed":["Strike_R"],"damage_healed":0,"gold_gain":0,"player_choice":"Purged","damage_taken":0,"max_hp_gain":0,"max_hp_loss":0,"event_name":"Purifier","floor":46,"gold_loss":0}],"is_beta":false,"boss_relics":[{"not_picked":["SacredBark","Pandora\u0027s Box"],"picked":"Snecko Eye"},{"not_picked":["SlaversCollar","Empty Cage"],"picked":"Busted Crown"}],"items_purged_floors":[37],"is_endless":false,"potions_floor_spawned":[1,3,12,21,22,23,27,33,35,38,40,42,45],"ascension_level":4}}