{"host":"3jjxuhjpio8e4zkv","time":1613261901,"event":{"mods":["BaseMod","Colored Map","Highlight Path","Minty Spire (QoL Compilation)","Permanent Neow","Relic Stats","StSLib"],"gold_per_floor":[20,20,40,65,83,122,122,165,165,165,201,215,215,233,233,331,331,344,358,283,307,8,8,51,51,74,117,141,174,174,218,218,311,311,326,347,368,389,389,389],"floor_reached":39,"language":"ENG","playtime":2288,"items_purged":["Strike_G"],"score":1041,"play_id":"3ce6ae1d-5e16-4266-b9a6-f106b65a0f69","local_time":"20210213191821","is_ascension_mode":true,"campfire_choices":[{"data":"Die Die Die","floor":10,"key":"SMITH"},{"floor":13,"key":"REST"},{"data":"All Out Attack","floor":15,"key":"SMITH"},{"data":"Concentrate","floor":23,"key":"SMITH"},{"data":"Footwork","floor":25,"key":"SMITH"},{"data":"Malaise","floor":32,"key":"SMITH"}],"circlet_count":0,"master_deck":["AscendersBane","Defend_G","Defend_G","Defend_G","Defend_G","Survivor","Neutralize","Quick Slash","Leg Sweep","Endless Agony","Die Die Die+1","Terror","Dagger Throw","PiercingWail","All Out Attack+1","Malaise","Footwork","Concentrate+1","Footwork+1","Blade Dance","Malaise+1","PiercingWail","Burst","Blur+1","Corpse Explosion+1","Glass Knife+1","Dash+1","Backflip+1","Parasite","Backflip"],"relics":["Ring of the Snake","Golden Idol","Blue Candle","Calipers","TungstenRod","Eternal Feather","PreservedInsect","Runic Pyramid","Sling","Potion Belt","Ancient Tea Set","Mango","Pen Nib","Pear","Astrolabe"],"acts_visited":["Exordium","TheCity","TheBeyond"],"potions_floor_usage":[6,8,11,16,19,24,27,33,37,37],"damage_taken":[{"damage":10,"enemies":"Cultist","floor":1,"turns":6},{"damage":4,"enemies":"Jaw Worm","floor":3,"turns":4},{"damage":0,"enemies":"2 Louse","floor":4,"turns":3},{"damage":0,"enemies":"Exordium Wildlife","floor":5,"turns":4},{"damage":45,"enemies":"Gremlin Nob","floor":6,"turns":6},{"damage":10,"enemies":"Lagavulin","floor":8,"turns":6},{"damage":4,"enemies":"3 Sentries","floor":11,"turns":7},{"damage":4,"enemies":"Gremlin Gang","floor":12,"turns":5},{"damage":10,"enemies":"Exordium Thugs","floor":14,"turns":4},{"damage":16,"enemies":"The Guardian","floor":16,"turns":17},{"damage":5,"enemies":"Chosen","floor":18,"turns":7},{"damage":14,"enemies":"2 Thieves","floor":19,"turns":3},{"damage":14,"enemies":"Shelled Parasite and Fungi","floor":21,"turns":6},{"damage":6,"enemies":"Book of Stabbing","floor":24,"turns":7},{"damage":0,"enemies":"Slavers","floor":27,"turns":7},{"damage":9,"enemies":"Snake Plant","floor":28,"turns":5},{"damage":9,"enemies":"Book of Stabbing","floor":29,"turns":7},{"damage":6,"enemies":"Gremlin Leader","floor":31,"turns":9},{"damage":22,"enemies":"Automaton","floor":33,"turns":18},{"damage":12,"enemies":"Orb Walker","floor":35,"turns":7},{"damage":1,"enemies":"3 Darklings","floor":36,"turns":6},{"damage":42,"enemies":"Transient","floor":37,"turns":6},{"damage":21,"enemies":"Writhing Mass","floor":38,"turns":11},{"damage":5,"enemies":"Sphere and 2 Shapes","floor":39,"turns":3}],"seed_played":"-4681938694765504067","potions_obtained":[{"floor":5,"key":"Swift Potion"},{"floor":6,"key":"GhostInAJar"},{"floor":8,"key":"BlessingOfTheForge"},{"floor":12,"key":"DuplicationPotion"},{"floor":14,"key":"DistilledChaos"},{"floor":19,"key":"GhostInAJar"},{"floor":28,"key":"Dexterity Potion"},{"floor":31,"key":"Fire Potion"},{"floor":33,"key":"Fire Potion"},{"floor":36,"key":"LiquidMemories"}],"is_trial":false,"path_per_floor":["M","?","M","M","M","E","T","E","T","R","E","M","R","M","R","B",null,"M","M","?","M","$","R","E","R","T","E","M","E","?","E","R","B",null,"M","M","M","M","M"],"character_chosen":"THE_SILENT","items_purchased":["Sling","Poison Potion"],"campfire_rested":1,"item_purchase_floors":[22,22],"current_hp_per_floor":[61,61,57,57,57,12,12,2,2,11,7,3,36,26,38,22,59,54,40,40,26,26,38,32,44,44,58,49,40,40,44,59,37,81,69,68,26,5,0,0],"gold":389,"neow_bonus":"TWENTY_PERCENT_HP_BONUS","is_daily":false,"chose_seed":false,"campfire_upgraded":5,"win_rate":0.0,"timestamp":1613261901,"path_taken":["M","?","M","M","M","E","?","E","T","R","E","M","R","M","R","BOSS","M","M","?","M","$","R","E","R","T","E","M","E","?","E","R","BOSS","M","?","M","M","M"],"items_purchased_type":["Relic","Potion"],"build_version":"2020-12-22","purchased_purges":1,"victory":false,"max_hp_per_floor":[78,71,71,71,71,71,71,71,71,71,71,71,71,71,71,71,71,71,71,71,71,71,71,71,71,71,85,85,85,85,95,95,95,95,95,95,95,95,95,95],"relic_stats":{"counters":[24,164],"Golden Idol":148,"Blue Candle":[0],"Astrolabe":["Blur","Corpse Explosion","Glass Knife"],"Eternal Feather":72,"PreservedInsect":175,"Pen Nib":[10],"obtain_stats":[{"Potion Belt":24,"Calipers":7,"Pear":31,"Golden Idol":2,"Blue Candle":6,"Astrolabe":34,"Eternal Feather":9,"Mango":27,"PreservedInsect":11,"Pen Nib":29,"Sling":22,"Ancient Tea Set":26,"TungstenRod":8,"Ring of the Snake":0,"Runic Pyramid":17},{"Potion Belt":14,"Calipers":5,"Pear":18,"Golden Idol":1,"Blue Candle":5,"Astrolabe":19,"Eternal Feather":6,"Mango":15,"PreservedInsect":7,"Pen Nib":17,"Sling":13,"Ancient Tea Set":14,"TungstenRod":6,"Ring of the Snake":0,"Runic Pyramid":10},{"Potion Belt":85,"Calipers":23,"Pear":113,"Golden Idol":6,"Blue Candle":23,"Astrolabe":131,"Eternal Feather":29,"Mango":92,"PreservedInsect":36,"Pen Nib":104,"Sling":78,"Ancient Tea Set":85,"TungstenRod":29,"Ring of the Snake":0,"Runic Pyramid":62}],"TungstenRod":63,"Ring of the Snake":[50]},"card_choices":[{"not_picked":["Dodge and Roll","Flechettes"],"picked":"Quick Slash","floor":1},{"not_picked":["Acrobatics","Poisoned Stab"],"picked":"Leg Sweep","floor":3},{"not_picked":["Skewer","Deflect"],"picked":"Endless Agony","floor":4},{"not_picked":["Outmaneuver","Dagger Throw"],"picked":"Die Die Die","floor":5},{"not_picked":["Prepared","Blur"],"picked":"Terror","floor":6},{"not_picked":["Bane","Dodge and Roll"],"picked":"Dagger Throw","floor":8},{"not_picked":["Bane","Prepared"],"picked":"PiercingWail","floor":11},{"not_picked":["Calculated Gamble","Dodge and Roll"],"picked":"All Out Attack","floor":12},{"not_picked":["Flechettes","Quick Slash","Outmaneuver"],"picked":"SKIP","floor":14},{"not_picked":["Bullet Time","A Thousand Cuts"],"picked":"Malaise","floor":16},{"not_picked":["Blade Dance","Endless Agony"],"picked":"Footwork","floor":18},{"not_picked":["Catalyst","Bane"],"picked":"Concentrate","floor":19},{"not_picked":["Poisoned Stab","Dodge and Roll","Catalyst"],"picked":"SKIP","floor":21},{"not_picked":["Reflex","Terror"],"picked":"Footwork","floor":24},{"not_picked":["Dagger Spray","Acrobatics"],"picked":"Blade Dance","floor":27},{"not_picked":["Predator","Prepared","Flechettes"],"picked":"SKIP","floor":28},{"not_picked":["Reflex","Slice"],"picked":"Malaise","floor":29},{"not_picked":["Backstab","Underhanded Strike"],"picked":"PiercingWail","floor":31},{"not_picked":["Venomology","Bullet Time"],"picked":"Burst","floor":33},{"not_picked":["Flechettes","Poisoned Stab","Underhanded Strike"],"picked":"SKIP","floor":35},{"not_picked":["Setup+1","Blade Dance"],"picked":"Dash+1","floor":36},{"not_picked":["Slice","Deflect"],"picked":"Backflip+1","floor":37},{"not_picked":["Acrobatics","Dagger Throw"],"picked":"Backflip","floor":38}],"player_experience":1276273,"relics_obtained":[{"floor":6,"key":"Blue Candle"},{"floor":7,"key":"Calipers"},{"floor":8,"key":"TungstenRod"},{"floor":9,"key":"Eternal Feather"},{"floor":11,"key":"PreservedInsect"},{"floor":24,"key":"Potion Belt"},{"floor":26,"key":"Ancient Tea Set"},{"floor":27,"key":"Mango"},{"floor":29,"key":"Pen Nib"},{"floor":31,"key":"Pear"}],"event_choices":[{"damage_healed":0,"gold_gain":0,"player_choice":"Lose Max HP","damage_taken":0,"relics_obtained":["Golden Idol"],"max_hp_gain":0,"max_hp_loss":7,"event_name":"Golden Idol","floor":2,"gold_loss":0},{"cards_removed":["Strike_G"],"damage_healed":0,"gold_gain":0,"player_choice":"Gave Gold","damage_taken":0,"max_hp_gain":0,"max_hp_loss":0,"event_name":"Beggar","floor":20,"gold_loss":75},{"cards_removed":["Strike_G"],"damage_healed":0,"gold_gain":0,"player_choice":"Purged","damage_taken":0,"max_hp_gain":0,"max_hp_loss":0,"event_name":"Purifier","floor":30,"gold_loss":0}],"is_beta":false,"boss_relics":[{"not_picked":["Empty Cage","Philosopher\u0027s Stone"],"picked":"Runic Pyramid"},{"not_picked":["Sozu","SlaversCollar"],"picked":"Astrolabe"}],"items_purged_floors":[22],"is_endless":false,"potions_floor_spawned":[5,6,8,12,14,19,28,31,33,36],"killed_by":"Sphere and 2 Shapes","ascension_level":20}}