{"host":"lg1lbglystyxcosi","time":1613276530,"event":{"mods":["AchievementEnabler","BaseMod","Better Third Choice","BetterRewards","Colored Powertips","Minty Spire (QoL Compilation)","Quick Restart","Replay The Spire","Shop Mod","StSLib","The Bug Knight","¡¾ÒÅÎï¿¨ÅÆ¡¿REMEMod"],"gold_per_floor":[115,115,115,133,146,146,157,157,157],"floor_reached":8,"language":"ZHS","playtime":1256,"items_purged":["Strike_B"],"score":50,"play_id":"13aa916b-3792-4d54-b560-179a034374bf","local_time":"20210214122210","is_ascension_mode":true,"campfire_choices":[{"data":"Gash","floor":6,"key":"SMITH"}],"circlet_count":0,"master_deck":["Strike_B","Strike_B","Strike_B","Defend_B","Defend_B","Defend_B","Defend_B","Zap","Dualcast","Crow Ritual+1","Gash","Gash+1","Hologram"],"relics":["Cracked Core","REME_ComplimentaryCards","Shovel","Lizard Tail"],"acts_visited":["Exordium"],"potions_floor_usage":[8],"damage_taken":[{"damage":0,"enemies":"2 Louse","floor":1,"turns":3},{"damage":1,"enemies":"Cultist","floor":4,"turns":3},{"damage":8,"enemies":"Small Slimes","floor":5,"turns":3},{"damage":9,"enemies":"2 Fungi Beasts","floor":7,"turns":3},{"damage":0,"enemies":"HollowMod:MossKnight","floor":8,"turns":1}],"seed_played":"-1887670727535224131","potions_obtained":[{"floor":1,"key":"Elixir"},{"floor":4,"key":"SteroidPotion"},{"floor":7,"key":"Explosive Potion"}],"is_trial":false,"path_per_floor":["M","?","?","M","M","R","M","E"],"character_chosen":"DEFECT","items_purchased":["Gash"],"campfire_rested":0,"item_purchase_floors":[0],"current_hp_per_floor":[51,51,51,50,42,42,33,33,33],"gold":157,"neow_bonus":"","is_daily":false,"chose_seed":false,"campfire_upgraded":1,"win_rate":0.0,"timestamp":1613276530,"path_taken":["M","?","?","M","?","R","M","E"],"items_purchased_type":["Card"],"build_version":"2020-12-22","purchased_purges":1,"victory":false,"max_hp_per_floor":[75,75,75,75,75,75,75,75,75],"card_choices":[{"not_picked":["Self Repair","Chaos"],"picked":"Gash","floor":1},{"not_picked":["Ball Lightning","Turbo"],"picked":"Hologram","floor":4},{"not_picked":["Hologram","Turbo","Barrage"],"picked":"SKIP","floor":5},{"not_picked":["Panic Button","Redo","Beam Cell"],"picked":"SKIP","floor":7}],"player_experience":241751,"relics_obtained":[],"event_choices":[{"damage_healed":0,"gold_gain":0,"player_choice":"Ignored","damage_taken":115,"max_hp_gain":0,"max_hp_loss":0,"event_name":"betterThird:BetterSerpent","floor":2,"gold_loss":0},{"damage_healed":0,"gold_gain":0,"player_choice":"Forge","damage_taken":0,"max_hp_gain":0,"max_hp_loss":0,"event_name":"Accursed Blacksmith","floor":3,"gold_loss":0,"cards_upgraded":["Crow Ritual"]}],"is_beta":false,"boss_relics":[],"items_purged_floors":[0],"is_endless":false,"potions_floor_spawned":[1,4,7],"killed_by":"HollowMod:MossKnight","ascension_level":1}}