{"host":"nhhqxetgwwd7qseb","time":1613307255,"event":{"mods":["Act Like it!","BaseMod","Dota2Spire","Gensokyo","Hallownest","Hermit","KinomotoSakuraMod(木之本樱)","Koishi","LagranYue(拉格朗・月)","Minty Spire (QoL Compilation)","Quick Restart","Remilia（蕾米莉亚）","Replay The Spire","StSLib","The Alterego","The Animator","The Bug Knight","The Hierophant","The Jungle","TheWitcher","UnlockEverythingMod","WarShipGirlsR/战舰少女R mod","Warlord Emblem","Yakumo Yukari mod","Youmu（魂魄妖梦）","【功能Mod】混沌之环修复补丁"],"gold_per_floor":[110,123,123,143,168,196,176,176,176,195,208,218,232,35,0,102,102,119,119,134,134,134],"floor_reached":21,"language":"ZHS","playtime":1303,"items_purged":[],"score":183,"play_id":"d18d3afa-62bf-4b7c-839b-5e4a85926d26","local_time":"20210214205415","is_ascension_mode":false,"campfire_choices":[{"data":"hermit:FullyLoaded","floor":8.0,"key":"SMITH"}],"circlet_count":0,"master_deck":["hermit:Strike_Hermit","hermit:Strike_Hermit","hermit:Strike_Hermit","hermit:Strike_Hermit","hermit:Defend_Hermit","hermit:Defend_Hermit","hermit:Defend_Hermit","hermit:Defend_Hermit","hermit:Snapshot","hermit:Covet","hermit:Shortfuse","hermit:Quickdraw","hermit:FullyLoaded+1","hermit:Feint","hermit:ItchyTrigger","hermit:Quickdraw","hermit:GoldenBullet","hermit:Quickdraw","Doubt","ReplayTheSpireMod:Splinters","Hallownest:curseDreamersLament","hermit:Glare+1","hermit:Vantage"],"relics":["hermit:Momento","NeowsBlessing","WarlordEmblem:WuziBook","Dota2Spire:Desolator","BargainBundle","Replay:Ancient Bell","Dota2Spire:MaskOfMadness","Dota2Spire:MantaStyle","hermit:RedScarf"],"acts_visited":["Exordium","TheCity"],"potions_floor_usage":[16,16,16,16,16,18,21,21],"damage_taken":[{"damage":0.0,"enemies":"Small Slimes","floor":1.0,"turns":1.0},{"damage":0.0,"enemies":"Jaw Worm","floor":2.0,"turns":1.0},{"damage":0.0,"enemies":"2 Louse","floor":4.0,"turns":1.0},{"damage":16.0,"enemies":"Lagavulin","floor":6.0,"turns":5.0},{"damage":0.0,"enemies":"Large Slime","floor":10.0,"turns":1.0},{"damage":9.0,"enemies":"Exordium Thugs","floor":11.0,"turns":4.0},{"damage":0.0,"enemies":"3 Louse","floor":12.0,"turns":2.0},{"damage":4,"enemies":"Red Slaver","floor":13,"turns":2},{"damage":53,"enemies":"Fading Forest","floor":16,"turns":11},{"damage":15,"enemies":"2 Thieves","floor":18,"turns":4},{"damage":22,"enemies":"Shell Parasite","floor":20,"turns":6},{"damage":53,"enemies":"Cultist and Chosen","floor":21,"turns":8}],"seed_played":"-3092510932954442876","potions_obtained":[{"floor":1.0,"key":"BlessingOfTheForge"},{"floor":2.0,"key":"Fire Potion"},{"floor":4.0,"key":"Fruit Juice"},{"floor":10.0,"key":"Energy Potion"},{"floor":12.0,"key":"LiquidMemories"},{"floor":16,"key":"SkillPotion"},{"floor":20,"key":"FearPotion"}],"is_trial":false,"path_per_floor":["M","M","?","M","T","E","?","R","T","M","M","M","M","$","R","B",null,"M","$","M","M"],"character_chosen":"HERMIT","items_purchased":["BargainBundle"],"campfire_rested":0,"item_purchase_floors":[14],"current_hp_per_floor":[75,75,80,80,80,69,69,69,69,69,60,62,58,58,79,36,85,70,70,50,0,0],"gold":134,"neow_bonus":"THREE_ENEMY_KILL","is_daily":false,"chose_seed":false,"campfire_upgraded":1,"win_rate":0.0,"timestamp":1613307255,"path_taken":["M","M","?","M","?","E","?","R","T","M","M","M","M","$","R","BOSS","M","$","M","M"],"items_purchased_type":["Relic"],"build_version":"2020-12-22","purchased_purges":0,"victory":false,"max_hp_per_floor":[75,75,80,80,80,85,85,85,85,85,85,85,85,85,85,85,85,85,85,85,85,85],"card_choices":[{"not_picked":["hermit:BodyArmor","hermit:Spite"],"picked":"hermit:Shortfuse","floor":1.0},{"not_picked":["hermit:CalledShot","hermit:Cheat"],"picked":"hermit:Quickdraw","floor":2.0},{"not_picked":["hermit:EyeOfTheStorm","hermit:Combo"],"picked":"hermit:FullyLoaded","floor":4.0},{"not_picked":["hermit:Manifest","hermit:PistolWhip"],"picked":"hermit:Feint","floor":6.0},{"not_picked":["hermit:Midnight","hermit:Roulette"],"picked":"hermit:ItchyTrigger","floor":10.0},{"not_picked":["hermit:FromBeyond","hermit:ShadowCloak"],"picked":"hermit:Quickdraw","floor":11.0},{"not_picked":["hermit:Determination","hermit:Headshot"],"picked":"hermit:GoldenBullet","floor":12.0},{"not_picked":["hermit:LowProfile","hermit:HighCaliber"],"picked":"hermit:Quickdraw","floor":13},{"not_picked":["Gluttony_TH","Overencumbered"],"picked":"Doubt","floor":17},{"not_picked":["Gluttony_TH","Languid"],"picked":"ReplayTheSpireMod:Splinters","floor":17},{"not_picked":["Wrath_TH","ReplayTheSpireMod:Restless Dread"],"picked":"Hallownest:curseDreamersLament","floor":17},{"not_picked":["hermit:Feint+1","hermit:SprayPray"],"picked":"hermit:Glare+1","floor":18},{"not_picked":["hermit:Roulette","hermit:ShadowCloak"],"picked":"hermit:Vantage","floor":20}],"player_experience":35269,"relics_obtained":[{"floor":5.0,"key":"WarlordEmblem:WuziBook"},{"floor":6.0,"key":"Dota2Spire:Desolator"}],"event_choices":[{"damage_healed":0.0,"max_hp_gain":5.0,"max_hp_loss":0.0,"gold_gain":0.0,"event_name":"Big Fish","player_choice":"Donut","floor":3.0,"gold_loss":0.0,"damage_taken":0.0},{"damage_healed":0.0,"max_hp_gain":0.0,"max_hp_loss":0.0,"gold_gain":0.0,"event_name":"World of Goop","player_choice":"Left Gold","floor":7.0,"gold_loss":20.0,"damage_taken":0.0},{"damage_healed":21,"gold_gain":0,"player_choice":"Healed","damage_taken":0,"max_hp_gain":0,"max_hp_loss":0,"event_name":"The Cleric","floor":15,"gold_loss":35}],"is_beta":false,"boss_relics":[{"not_picked":["Coffee Dripper","LagranYue:ContractPerformanceRelic"],"picked":"Replay:Ancient Bell"},{"not_picked":["Dota2Spire:UrnOfShadows","WarlordEmblem:MantleCaireseth"],"picked":"Dota2Spire:MaskOfMadness"},{"not_picked":["Replay:Bottled Snecko","Replay:Ringing Soul"],"picked":"Dota2Spire:MantaStyle"},{"not_picked":["Durian","Bird Faced Urn"],"picked":"hermit:RedScarf"}],"items_purged_floors":[],"is_endless":false,"potions_floor_spawned":[1,2,4,10,12,16,20],"killed_by":"Cultist and Chosen","ascension_level":0}}