{"host":"8is2j71l4wmybkoi","time":1613317729,"event":{"mods":["AchievementEnabler","BaseMod","Colored Map","DeckTracker","Minty Spire (QoL Compilation)","Rare Cards Sparkle","Relic Stats","StSLib","SuperFastMode"],"gold_per_floor":[11,11,29,49,72,72,72,72,95,131,131,151,174,187,187,281,281,304,304,54,54,72,72,106,119,142,142,173,196,196,212,212,310,310,333,346,346,346],"floor_reached":37,"language":"KOR","playtime":1370,"items_purged":["Defend_G"],"score":748,"play_id":"63c74166-2757-4b88-b3bf-6093a459eba8","local_time":"20210215004849","is_ascension_mode":true,"campfire_choices":[{"data":"Crippling Poison","floor":6.0,"key":"SMITH"},{"data":"Bane","floor":8.0,"key":"SMITH"},{"data":"Neutralize","floor":11.0,"key":"SMITH"},{"floor":15.0,"key":"REST"},{"data":"Prepared","floor":23.0,"key":"SMITH"},{"data":"Well Laid Plans","floor":27.0,"key":"SMITH"},{"data":"Acrobatics","floor":32.0,"key":"SMITH"}],"circlet_count":0,"master_deck":["AscendersBane","Defend_G","Defend_G+1","Defend_G","Survivor","Neutralize+1","Well Laid Plans+1","Crippling Poison+1","Bane+1","Backstab","Footwork","Dagger Spray","Backflip","Bullet Time","Dagger Throw","Bite","Bite","Bite","Bite","Prepared+1","Reflex","Terror","Grand Finale","Acrobatics+1"],"relics":["Ring of the Snake","Golden Idol","Vajra","Oddly Smooth Stone","Sozu","Bronze Scales","MealTicket","Regal Pillow","Anchor","SlaversCollar"],"acts_visited":["Exordium","TheCity","TheBeyond"],"potions_floor_usage":[],"damage_taken":[{"damage":2.0,"enemies":"2 Louse","floor":1.0,"turns":3.0},{"damage":3.0,"enemies":"Jaw Worm","floor":3.0,"turns":5.0},{"damage":0.0,"enemies":"Small Slimes","floor":4.0,"turns":6.0},{"damage":21.0,"enemies":"Exordium Thugs","floor":5.0,"turns":6.0},{"damage":14.0,"enemies":"Lagavulin","floor":10.0,"turns":5.0},{"damage":4.0,"enemies":"Gremlin Gang","floor":12.0,"turns":3.0},{"damage":8.0,"enemies":"Looter","floor":13.0,"turns":2.0},{"damage":1.0,"enemies":"Exordium Thugs","floor":14.0,"turns":4.0},{"damage":4.0,"enemies":"Hexaghost","floor":16.0,"turns":9.0},{"damage":0.0,"enemies":"Shell Parasite","floor":18.0,"turns":4.0},{"damage":0.0,"enemies":"Chosen","floor":22.0,"turns":3.0},{"damage":28.0,"enemies":"Gremlin Leader","floor":24.0,"turns":6.0},{"damage":8.0,"enemies":"3 Cultists","floor":25.0,"turns":4.0},{"damage":13.0,"enemies":"Book of Stabbing","floor":28.0,"turns":5.0},{"damage":8.0,"enemies":"Snake Plant","floor":29.0,"turns":3.0},{"damage":0.0,"enemies":"Shelled Parasite and Fungi","floor":31.0,"turns":3.0},{"damage":21.0,"enemies":"Automaton","floor":33.0,"turns":7.0},{"damage":7.0,"enemies":"Orb Walker","floor":35.0,"turns":4.0},{"damage":32.0,"enemies":"3 Darklings","floor":36.0,"turns":5.0},{"damage":14,"enemies":"Jaw Worm Horde","floor":37,"turns":2}],"seed_played":"3617049154612766355","potions_obtained":[{"floor":1.0,"key":"Regen Potion"},{"floor":3.0,"key":"ColorlessPotion"},{"floor":4.0,"key":"Poison Potion"},{"floor":10.0,"key":"Poison Potion"}],"is_trial":false,"path_per_floor":["M","?","M","M","M","R","?","R","T","E","R","M","M","M","R","B",null,"M","?","$","?","M","R","E","M","T","R","E","M","?","M","R","B",null,"M","M","M"],"character_chosen":"THE_SILENT","items_purchased":["Bronze Scales","Prepared"],"campfire_rested":1,"item_purchase_floors":[20,20],"current_hp_per_floor":[57,57,54,54,48,48,30,30,30,16,16,12,4,3,21,17,49,49,42,42,42,42,42,32,34,34,34,25,21,21,27,27,24,38,39,12,0,0],"gold":346,"neow_bonus":"REMOVE_TWO","is_daily":false,"chose_seed":false,"campfire_upgraded":6,"win_rate":0.0,"timestamp":1613317729,"path_taken":["M","?","M","M","M","R","?","R","T","E","R","M","M","M","R","BOSS","M","?","$","?","M","R","E","M","T","R","E","M","?","?","R","BOSS","M","M","?"],"items_purchased_type":["Relic","Card"],"build_version":"2020-12-22","purchased_purges":1,"victory":false,"max_hp_per_floor":[66,60,60,60,60,60,60,60,60,60,60,60,60,60,60,60,60,60,42,42,42,42,42,42,42,42,42,42,42,42,42,42,42,42,42,42,42,42],"relic_stats":{"Sozu":5,"Regal Pillow":0,"counters":[20,89],"Golden Idol":112,"Bronze Scales":[147],"MealTicket":0,"obtain_stats":[{"Sozu":17,"SlaversCollar":34,"Regal Pillow":26,"Anchor":28,"Golden Idol":2,"Bronze Scales":20,"Vajra":9,"Oddly Smooth Stone":10,"MealTicket":24,"Ring of the Snake":0},{"Sozu":9,"SlaversCollar":17,"Regal Pillow":13,"Anchor":14,"Golden Idol":1,"Bronze Scales":10,"Vajra":4,"Oddly Smooth Stone":5,"MealTicket":12,"Ring of the Snake":0},{"Sozu":43,"SlaversCollar":78,"Regal Pillow":60,"Anchor":65,"Golden Idol":3,"Bronze Scales":47,"Vajra":20,"Oddly Smooth Stone":25,"MealTicket":56,"Ring of the Snake":0}],"Ring of the Snake":[40]},"card_choices":[{"not_picked":["Infinite Blades","Concentrate"],"picked":"Well Laid Plans","floor":1.0},{"not_picked":["Quick Slash","PiercingWail"],"picked":"Crippling Poison","floor":3.0},{"not_picked":["Underhanded Strike","Sucker Punch"],"picked":"Bane","floor":4.0},{"not_picked":["Outmaneuver","Well Laid Plans","Slice"],"picked":"SKIP","floor":5.0},{"not_picked":["Choke","Dodge and Roll"],"picked":"Backstab","floor":10.0},{"not_picked":["Masterful Stab","Flechettes"],"picked":"Footwork","floor":12.0},{"not_picked":["Sucker Punch","Dagger Spray","Crippling Poison"],"picked":"SKIP","floor":13.0},{"not_picked":["Sucker Punch","Crippling Poison"],"picked":"Dagger Spray","floor":13.0},{"not_picked":["Underhanded Strike","Slice"],"picked":"Backflip","floor":14.0},{"not_picked":["Tools of the Trade","Unload"],"picked":"Bullet Time","floor":16.0},{"not_picked":["Sucker Punch","Setup"],"picked":"Dagger Throw","floor":18.0},{"not_picked":["Flying Knee","Blade Dance"],"picked":"Reflex","floor":22.0},{"not_picked":["Flying Knee","Backstab"],"picked":"Terror","floor":24.0},{"not_picked":["Underhanded Strike","Deflect+1","Terror"],"picked":"SKIP","floor":25.0},{"not_picked":["Acrobatics","Night Terror"],"picked":"Grand Finale","floor":28.0},{"not_picked":["Crippling Poison","Terror","Sucker Punch"],"picked":"SKIP","floor":29.0},{"not_picked":["Endless Agony","Dodge and Roll","Predator"],"picked":"SKIP","floor":31.0},{"not_picked":["Bane","Dodge and Roll","Dagger Spray"],"picked":"SKIP","floor":35.0},{"not_picked":["Bane","Cloak And Dagger","Finisher"],"picked":"SKIP","floor":36.0}],"player_experience":1216721,"relics_obtained":[{"floor":9.0,"key":"Vajra"},{"floor":10.0,"key":"Oddly Smooth Stone"},{"floor":24.0,"key":"MealTicket"},{"floor":26.0,"key":"Regal Pillow"},{"floor":28.0,"key":"Anchor"}],"event_choices":[{"damage_healed":0.0,"max_hp_gain":0.0,"max_hp_loss":6.0,"gold_gain":0.0,"event_name":"Golden Idol","player_choice":"Lose Max HP","floor":2.0,"gold_loss":0.0,"damage_taken":0.0,"relics_obtained":["Golden Idol"]},{"damage_healed":0.0,"max_hp_gain":0.0,"max_hp_loss":0.0,"gold_gain":0.0,"event_name":"Shining Light","player_choice":"Entered Light","floor":7.0,"gold_loss":0.0,"damage_taken":18.0,"cards_upgraded":["Defend_G","Strike_G"]},{"damage_healed":0.0,"max_hp_gain":0.0,"max_hp_loss":18.0,"gold_gain":0.0,"event_name":"Vampires","player_choice":"Became a vampire","floor":19.0,"gold_loss":0.0,"damage_taken":0.0,"cards_obtained":["Bite","Bite","Bite","Bite","Bite"]},{"cards_removed":["Bite"],"damage_healed":0.0,"max_hp_gain":0.0,"max_hp_loss":0.0,"gold_gain":0.0,"event_name":"Back to Basics","player_choice":"Elegance","floor":21.0,"gold_loss":0.0,"damage_taken":0.0},{"damage_healed":0.0,"max_hp_gain":0.0,"max_hp_loss":0.0,"gold_gain":0.0,"event_name":"The Library","player_choice":"Read","floor":30.0,"gold_loss":0.0,"damage_taken":0.0,"cards_obtained":["Acrobatics"]}],"is_beta":false,"boss_relics":[{"not_picked":["HoveringKite","Runic Dome"],"picked":"Sozu"},{"not_picked":["Runic Pyramid","Velvet Choker"],"picked":"SlaversCollar"}],"items_purged_floors":[20],"is_endless":false,"potions_floor_spawned":[1,3,4,10,22,25,31,35,36],"killed_by":"Jaw Worm Horde","ascension_level":15}}