{"host":"nhhqxetgwwd7qseb","time":1613303694,"event":{"mods":["Act Like it!","BaseMod","Dota2Spire","Gensokyo","Hallownest","Hermit","KinomotoSakuraMod(木之本樱)","Koishi","LagranYue(拉格朗・月)","Minty Spire (QoL Compilation)","Quick Restart","Remilia（蕾米莉亚）","Replay The Spire","StSLib","The Alterego","The Animator","The Bug Knight","The Hierophant","The Jungle","TheWitcher","UnlockEverythingMod","WarShipGirlsR/战舰少女R mod","Warlord Emblem","Yakumo Yukari mod","Youmu（魂魄妖梦）","【功能Mod】混沌之环修复补丁"],"gold_per_floor":[118,131,145,163,175,175,175],"floor_reached":6,"language":"ZHS","playtime":427,"items_purged":[],"score":40,"play_id":"de1008af-4292-4115-82dd-e7dbcc6cc040","local_time":"20210214195454","is_ascension_mode":false,"campfire_choices":[],"circlet_count":0,"master_deck":["alterego_mod:Strike","alterego_mod:Strike","alterego_mod:Strike","alterego_mod:Strike","alterego_mod:Defend","alterego_mod:Defend","alterego_mod:Defend","alterego_mod:Defend","alterego_mod:Impale","alterego_mod:BigMeatyClaws","alterego_mod:BrynhildrsRune","alterego_mod:Birthday","alterego_mod:HighServant","alterego_mod:BusterCard","alterego_mod:DiscoLights","alterego_mod:Bounce"],"relics":["alterego_mod:MasochisticConstitution","NeowsBlessing"],"acts_visited":["Exordium"],"potions_floor_usage":[4,6],"damage_taken":[{"damage":0,"enemies":"Jaw Worm","floor":1,"turns":1},{"damage":0,"enemies":"2 Louse","floor":2,"turns":1},{"damage":0,"enemies":"Cultist","floor":3,"turns":1},{"damage":54,"enemies":"Exordium Wildlife","floor":4,"turns":9},{"damage":17,"enemies":"Gremlin Gang","floor":5,"turns":8},{"damage":6,"enemies":"Gremlin Nob","floor":6,"turns":3}],"seed_played":"4064087125499410657","potions_obtained":[{"floor":1,"key":"BlessingOfTheForge"},{"floor":3,"key":"SpeedPotion"}],"is_trial":false,"path_per_floor":["M","M","M","M","M","E"],"character_chosen":"The_Alterego","items_purchased":[],"campfire_rested":0,"item_purchase_floors":[],"current_hp_per_floor":[70,70,70,19,12,8,8],"gold":175,"neow_bonus":"THREE_ENEMY_KILL","is_daily":false,"chose_seed":false,"campfire_upgraded":0,"win_rate":0.0,"timestamp":1613303694,"path_taken":["M","M","M","M","M","E"],"items_purchased_type":[],"build_version":"2020-12-22","purchased_purges":0,"victory":false,"max_hp_per_floor":[70,70,70,71,72,72,72],"card_choices":[{"not_picked":["alterego_mod:Jiggle","alterego_mod:PerceptionDisorder"],"picked":"alterego_mod:Birthday","floor":1},{"not_picked":["alterego_mod:Pet","alterego_mod:Swimsuit"],"picked":"alterego_mod:HighServant","floor":2},{"not_picked":["alterego_mod:DiscoLights","alterego_mod:RocketPunch"],"picked":"alterego_mod:BusterCard","floor":3},{"not_picked":["alterego_mod:DeftHands","alterego_mod:VirginLaserPalladion"],"picked":"alterego_mod:DiscoLights","floor":4},{"not_picked":["alterego_mod:BustOut","alterego_mod:Jiggle"],"picked":"alterego_mod:Bounce","floor":5}],"player_experience":33896,"relics_obtained":[],"event_choices":[],"is_beta":false,"boss_relics":[],"items_purged_floors":[],"is_endless":false,"potions_floor_spawned":[1,3],"killed_by":"Gremlin Nob","ascension_level":0}}