{"host":"ywa7jah0kefkv8nt","time":1613273761,"event":{"mods":["ATMod(°¢èªMod)","Act Like it!","Arknights","BaseMod","Better Note","Better Third Choice","Minty Spire (QoL Compilation)","MostiFishMod","Reliquary","Replay The Spire","Spicy Shops","StSLib","¡¾ÒÅÎï¿¨ÅÆ¡¿REMEMod","²ÐÁôÖ®Îï"],"gold_per_floor":[119,394,412,412,430,430,457,457,457,135,146,146,61,61,61],"floor_reached":14,"language":"ZHS","playtime":576,"items_purged":["Defend_B"],"score":176,"play_id":"7ad17358-11d9-4757-8c4f-6249e327b67a","local_time":"20210213213601","is_ascension_mode":true,"campfire_choices":[{"data":"AT_DarkMatter","floor":6,"key":"SMITH"},{"floor":12,"key":"REST"}],"circlet_count":0,"master_deck":["AscendersBane","Strike_B","Strike_B","Strike_B","Defend_B","Defend_B","Defend_B","Zap+1","Dualcast","AT_DarkMatter+1","Alpha+1","Beam Cell","Consume","Genetic Algorithm+1","MostiFishMod:TalkingToTheRain+1","Rebound","AT_DarkMatter+1"],"relics":["AT_ATBox","REME_ComplimentaryCards","DaveBox","Ring of Chaos","DianPoetry","SynthV:TestCard","InkBottle","reliquary:Buckler","Guide Book","DollysMirror"],"acts_visited":["Exordium"],"potions_floor_usage":[7],"damage_taken":[{"damage":6,"enemies":"ats:Genji","floor":1,"turns":4},{"damage":3,"enemies":"Cultist","floor":3,"turns":3},{"damage":7,"enemies":"Small Slimes","floor":5,"turns":3},{"damage":35,"enemies":"Lagavulin","floor":7,"turns":5},{"damage":13,"enemies":"Blue Slaver","floor":11,"turns":3},{"damage":48,"enemies":"Gremlin Nob","floor":14,"turns":3}],"seed_played":"3218488999406848018","potions_obtained":[{"floor":1,"key":"Regen Potion"},{"floor":5,"key":"Milkshake"}],"is_trial":false,"path_per_floor":["M","?","M","?","M","R","E","?","T","$","M","R","$","E"],"character_chosen":"DEFECT","items_purchased":["reliquary:Buckler","Guide Book","DollysMirror"],"campfire_rested":1,"item_purchase_floors":[10,10,13],"current_hp_per_floor":[58,58,55,55,48,48,25,25,25,25,12,33,33,0,0],"gold":61,"neow_bonus":"BOSS_RELIC","is_daily":false,"chose_seed":false,"campfire_upgraded":1,"win_rate":0.0,"timestamp":1613273761,"path_taken":["M","?","?","?","?","R","E","?","T","$","?","R","$","E"],"items_purchased_type":["Relic","Relic","Relic"],"build_version":"2020-12-22","purchased_purges":1,"victory":false,"max_hp_per_floor":[71,71,71,71,71,71,71,71,71,71,71,71,71,71,71],"card_choices":[{"not_picked":["ReplayTheSpireMod:GoodbyeWorld","Conserve Battery"],"picked":"Beam Cell","floor":1},{"not_picked":["AT_HeatAcrobatics","Coolheaded","ReplayTheSpireMod:Reroute Power","Heatsinks"],"picked":"Consume","floor":3},{"not_picked":["Cold Snap","Redo","Coolheaded","Gash"],"picked":"Genetic Algorithm","floor":5},{"not_picked":["Turbo","Aggregate","Coolheaded","Streamline","Doom and Gloom"],"picked":"SKIP","floor":7},{"not_picked":["Panic Button","AT_WarpDrive","MostiFishMod:PushDownKick","Melter"],"picked":"Rebound","floor":11}],"player_experience":250491,"relics_obtained":[{"floor":1,"key":"SynthV:TestCard"},{"floor":7,"key":"InkBottle"}],"event_choices":[{"damage_healed":0,"gold_gain":275,"player_choice":"Desecrate","damage_taken":0,"max_hp_gain":0,"max_hp_loss":0,"event_name":"Golden Shrine","floor":2,"gold_loss":0,"cards_obtained":["Regret"]},{"cards_removed":["Regret"],"damage_healed":0,"gold_gain":0,"player_choice":"Removed Curses","damage_taken":0,"max_hp_gain":0,"max_hp_loss":0,"event_name":"Fountain of Cleansing","floor":4,"gold_loss":0},{"damage_healed":0,"gold_gain":0,"cards_transformed":["Strike_B"],"player_choice":"Transformed","damage_taken":0,"max_hp_gain":0,"max_hp_loss":0,"event_name":"Transmorgrifier","floor":8,"gold_loss":0,"cards_obtained":["MostiFishMod:TalkingToTheRain"]}],"is_beta":false,"boss_relics":[],"items_purged_floors":[10],"is_endless":false,"potions_floor_spawned":[1,5],"killed_by":"Gremlin Nob","ascension_level":20}}