{"host":"rjfefv2ruvigm2gb","time":1613331823,"event":{"mods":["AlwaysNeverKeys","BaseMod","Better Note","Better Third Choice","BetterRewards","Block Reminder","Bossed Relics","Colored Map","Colored Powertips","Curses Come First","Displayed Cursed Tome","Downfall","Fox Events","Gold Saver","Googly Eyes","Highlight Path","Minty Spire (QoL Compilation)","Permanent Neow","Quick Restart","Relic Stats","Reliquary","Shop Mod","Small Relic Pack","StSLib","SuperFastMode","Transform Curses","Uncapped","Virulent Crown"],"gold_per_floor":[460,474,493,172,172,172,240,275,15,32,44,62,62,62,79,175,175,175,175,244,262,280,294,294,313,313,127,127,139,139,165,177,281,281,281,301,313,313,331,331,355,192,192,207,225,75,119,119,130,130,130,160,60,60,60,60],"floor_reached":57,"language":"ENG","playtime":3339,"items_purged":["bronze:Strike","bronze:Strike","bronze:Strike","bronze:Strike","bronze:ChosenStrike","bronze:WildBeam"],"score":1742,"play_id":"69011f6d-2ff4-44f9-b356-0b0dc3a26072","local_time":"20210214134343","is_ascension_mode":true,"campfire_choices":[{"data":"bronze:HyperBeam","floor":1.0,"key":"SMITH"},{"data":"bronze:ItsAFeature","floor":6.0,"key":"SMITH"},{"floor":13.0,"key":"REST"},{"data":"bronze:Virus","floor":18.0,"key":"SMITH"},{"data":"bronze:MaxOutput","floor":26.0,"key":"SMITH"},{"floor":30.0,"key":"REST"},{"data":"bronze:BugBarrage","floor":35.0,"key":"SMITH"},{"data":"bronze:MaxOutput","floor":40.0,"key":"SMITH"},{"data":"bronze:BugBarrage","floor":54,"key":"SMITH"}],"circlet_count":0,"master_deck":["bronze:Defend","bronze:Defend","bronze:Defend","bronze:Defend","bronze:Replicate","bronze:Goto","bronze:HyperBeam+1","bronze:ItsAFeature+1","bronze:BuggyMess","bronze:MaxOutput+1","bronze:BugBarrage+1","bronze:MaxOutput+1","bronze:BugBarrage+1","bronze:FindAndReplace","bronze:Virus+1","bronze:BugBarrage+1","bronze:ItsAFeature+1","bronze:BugBarrage+1","bronze:ChildClass","bronze:ItsAFeature","bronze:MaxOutput+1","bronze:ChildClass+1","bronze:BugBarrage+1"],"relics":["bronze:BronzeCore","downfall:HeartBlessingRed","downfall:HeartBlessingGreen","downfall:HeartBlessingBlue","Sling","Eternal Feather","bronze:ProtectiveGoggles","Membership Card","Anchor","SlaversCollar","reliquary:Bookmark","Shuriken","Question Card","Guardian:BottledAnomaly","InkBottle","reliquary:RedCape","Juzu Bracelet","reliquary:Buckler","hexamod:BolsterEngine","Medical Kit","CeramicFish","Blood Vial"],"acts_visited":["Exordium","TheCity","TheBeyond","TheEnding"],"potions_floor_usage":[56],"damage_taken":[{"damage":0.0,"enemies":"Cultist","floor":2.0,"turns":4.0},{"damage":0.0,"enemies":"Jaw Worm","floor":3.0,"turns":2.0},{"damage":4.0,"enemies":"downfall:FleeingMerchant","floor":4.0,"turns":4.0},{"damage":10.0,"enemies":"Gremlin Nob","floor":8.0,"turns":3.0},{"damage":0.0,"enemies":"downfall:FleeingMerchant","floor":9.0,"turns":4.0},{"damage":0.0,"enemies":"Small Slimes","floor":10.0,"turns":2.0},{"damage":13.0,"enemies":"Gremlin Gang","floor":11.0,"turns":4.0},{"damage":1.0,"enemies":"Exordium Thugs","floor":12.0,"turns":3.0},{"damage":0.0,"enemies":"Blue Slaver","floor":15.0,"turns":3.0},{"damage":0.0,"enemies":"SI_SHIV_ARCHETYPE","floor":16.0,"turns":5.0},{"damage":0.0,"enemies":"Chosen","floor":19.0,"turns":1.0},{"damage":2.0,"enemies":"downfall:FleeingMerchant","floor":20.0,"turns":3.0},{"damage":0.0,"enemies":"Sentry and Sphere","floor":21.0,"turns":2.0},{"damage":4.0,"enemies":"Centurion and Healer","floor":22.0,"turns":2.0},{"damage":27.0,"enemies":"Snecko","floor":23.0,"turns":4.0},{"damage":16.0,"enemies":"Snake Plant","floor":25.0,"turns":3.0},{"damage":0.0,"enemies":"Sentry and Sphere","floor":29.0,"turns":3.0},{"damage":0.0,"enemies":"Gremlin Leader","floor":31.0,"turns":2.0},{"damage":0.0,"enemies":"Chosen and Byrds","floor":32.0,"turns":2.0},{"damage":0.0,"enemies":"DF_ARCHETYPE_CLAW","floor":33.0,"turns":3.0},{"damage":0.0,"enemies":"3 Darklings","floor":36.0,"turns":3.0},{"damage":0.0,"enemies":"Orb Walker","floor":37.0,"turns":2.0},{"damage":0.0,"enemies":"Spire Growth","floor":39.0,"turns":2.0},{"damage":7.0,"enemies":"4 Shapes","floor":44.0,"turns":2.0},{"damage":0,"enemies":"Transient","floor":45,"turns":5},{"damage":0,"enemies":"Reptomancer","floor":47,"turns":2},{"damage":0,"enemies":"Jaw Worm Horde","floor":49,"turns":3},{"damage":0,"enemies":"IC_BLOCK_ARCHETYPE","floor":50,"turns":2},{"damage":0,"enemies":"downfall:CharBossMerchant","floor":52,"turns":2},{"damage":0,"enemies":"downfall:NeowBoss","floor":55,"turns":4},{"damage":0,"enemies":"downfall:NeowBossFinal","floor":56,"turns":3}],"seed_played":"6805625718926862936","potions_obtained":[{"floor":3.0,"key":"DuplicationPotion"},{"floor":10.0,"key":"Strength Potion"},{"floor":16.0,"key":"champ:CounterPotion"},{"floor":39.0,"key":"Dexterity Potion"},{"floor":49,"key":"DistilledChaos"}],"is_trial":false,"path_per_floor":["R","M","M","$","?","R","T","E","$","M","M","M","R","T","M","B",null,"R","M","$","M","M","M","T","M","R","$","?","M","R","E","M","B",null,"R","M","M","?","M","R","T","$","?","M","M","$","E","?","M","B",null,"E","$","R","B","B",null],"character_chosen":"THE_AUTOMATON","items_purchased":["Sling","bronze:ChosenStrike","Membership Card","bronze:BugBarrage","bronze:MaxOutput","reliquary:Bookmark","Shuriken","Guardian:BottledAnomaly","bronze:ChildClass","reliquary:Buckler","hexamod:BolsterEngine","Medical Kit"],"campfire_rested":2,"item_purchase_floors":[4,4,9,9,9,20,20,27,27,42,46,46],"current_hp_per_floor":[59,59,59,55,55,55,55,45,45,45,32,31,64,64,64,64,80,80,80,78,78,74,47,47,31,43,43,43,43,79,79,79,79,80,80,80,80,80,80,80,80,80,80,73,73,73,73,73,73,73,80,80,80,80,80,80],"gold":60,"neow_bonus":"THREE_RARE_CARDS","is_daily":false,"chose_seed":false,"campfire_upgraded":7,"win_rate":0.0,"timestamp":1613331823,"path_taken":["R","M","M","$","?","R","T","E","$","M","M","M","R","?","M","BOSS","R","M","$","M","M","M","T","M","R","$","?","M","R","E","M","BOSS","R","M","M","?","M","R","T","$","?","M","M","$","E","?","M","BOSS","E","$","R","BOSS","BOSS"],"items_purchased_type":["Relic","Card","Relic","Card","Card","Relic","Relic","Relic","Card","Relic","Relic","Relic"],"build_version":"2020-12-22","purchased_purges":6,"victory":true,"max_hp_per_floor":[80,80,80,80,80,80,80,80,80,80,80,80,80,80,80,80,80,80,80,80,80,80,80,80,80,80,80,80,80,80,80,80,80,80,80,80,80,80,80,80,80,80,80,80,80,80,80,80,80,80,80,80,80,80,80,80],"relic_stats":{"Blood Vial":0,"counters":[31,89],"Shuriken":[62],"CeramicFish":9,"Eternal Feather":33,"Juzu Bracelet":1,"Question Card":14,"Medical Kit":[1],"obtain_stats":[{"bronze:BronzeCore":0,"downfall:HeartBlessingRed":1,"CeramicFish":47,"downfall:HeartBlessingGreen":1,"Eternal Feather":7,"Juzu Bracelet":41,"reliquary:RedCape":34,"Sling":4,"Question Card":24,"Medical Kit":46,"reliquary:Bookmark":20,"Blood Vial":52,"SlaversCollar":17,"Anchor":14,"downfall:BrokenWingStatue":5,"bronze:ProtectiveGoggles":8,"downfall:HeartBlessingBlue":1,"Shuriken":20,"reliquary:Buckler":42,"Membership Card":9,"Guardian:BottledAnomaly":27,"hexamod:BolsterEngine":46,"InkBottle":31},{"bronze:BronzeCore":0,"downfall:HeartBlessingRed":0,"CeramicFish":26,"downfall:HeartBlessingGreen":0,"Eternal Feather":3,"Juzu Bracelet":23,"reliquary:RedCape":20,"Sling":3,"Question Card":15,"Medical Kit":25,"reliquary:Bookmark":12,"Blood Vial":29,"SlaversCollar":10,"Anchor":8,"downfall:BrokenWingStatue":3,"bronze:ProtectiveGoggles":4,"downfall:HeartBlessingBlue":0,"Shuriken":12,"reliquary:Buckler":23,"Membership Card":5,"Guardian:BottledAnomaly":16,"hexamod:BolsterEngine":25,"InkBottle":18},{"bronze:BronzeCore":0,"downfall:HeartBlessingRed":0,"CeramicFish":75,"downfall:HeartBlessingGreen":0,"Eternal Feather":10,"Juzu Bracelet":66,"reliquary:RedCape":59,"Sling":10,"Question Card":46,"Medical Kit":73,"reliquary:Bookmark":38,"Blood Vial":82,"SlaversCollar":34,"Anchor":26,"downfall:BrokenWingStatue":10,"bronze:ProtectiveGoggles":13,"downfall:HeartBlessingBlue":0,"Shuriken":38,"reliquary:Buckler":66,"Membership Card":17,"Guardian:BottledAnomaly":49,"hexamod:BolsterEngine":73,"InkBottle":54}],"InkBottle":[27]},"card_choices":[{"not_picked":["bronze:Format","bronze:Library"],"picked":"bronze:HyperBeam","floor":0.0},{"not_picked":["bronze:FineTuning","bronze:Turbo"],"picked":"bronze:WildBeam","floor":2.0},{"not_picked":["bronze:Return","bronze:Constructor"],"picked":"bronze:ItsAFeature","floor":3.0},{"not_picked":["bronze:Branch","bronze:DelayedGuard"],"picked":"bronze:BuggyMess","floor":4.0},{"not_picked":["bronze:Separator","bronze:Iterate","bronze:Boost"],"picked":"SKIP","floor":8.0},{"not_picked":["bronze:WildBeam","bronze:InfiniteBeams"],"picked":"bronze:MaxOutput","floor":9.0},{"not_picked":["bronze:Boost","bronze:DelayedSlice"],"picked":"bronze:BugBarrage","floor":10.0},{"not_picked":["bronze:WhirlingStrike","bronze:Safeguard","bronze:FineTuning"],"picked":"SKIP","floor":11.0},{"not_picked":["bronze:Invalidate","bronze:Iterate"],"picked":"bronze:FindAndReplace","floor":12.0},{"not_picked":["bronze:WhirlingStrike","bronze:DelayedGuard","bronze:BitShift"],"picked":"SKIP","floor":15.0},{"not_picked":["bronze:Mutator","bronze:HardenedForm"],"picked":"bronze:Virus","floor":16.0},{"not_picked":["bronze:FollowUp","bronze:Constructor","bronze:ClassDefault"],"picked":"SKIP","floor":19.0},{"not_picked":["bronze:WildBeam","bronze:Frontload+1","bronze:BronzeArmor+1"],"picked":"SKIP","floor":20.0},{"not_picked":["bronze:RecursiveStrike","bronze:Overload","bronze:CutThrough+1"],"picked":"SKIP","floor":21.0},{"not_picked":["bronze:Overload+1","bronze:DigitalCarnage+1"],"picked":"bronze:BugBarrage","floor":22.0},{"not_picked":["bronze:Boost","bronze:FineTuning"],"picked":"bronze:ItsAFeature+1","floor":23.0},{"not_picked":["bronze:OilSpill","bronze:DelayedSlice","bronze:Philosophize"],"picked":"bronze:BugBarrage","floor":25.0},{"not_picked":["bronze:CutThrough+1","bronze:DelayedSlice+1","bronze:Separator","bronze:Repulsor"],"picked":"SKIP","floor":29.0},{"not_picked":["bronze:Backtrace+1","bronze:Mutator","bronze:Frontload+1","bronze:Constructor"],"picked":"SKIP","floor":31.0},{"not_picked":["bronze:WildBeam","bronze:CutThrough+1","bronze:Turbo","bronze:BitShift"],"picked":"SKIP","floor":32.0},{"not_picked":["bronze:Backtrace+1","bronze:InfiniteBeams+1","bronze:Separator","bronze:WildBeam+1"],"picked":"SKIP","floor":36.0},{"not_picked":["bronze:DelayedGuard","bronze:FineTuning","bronze:Branch+1"],"picked":"bronze:ItsAFeature","floor":37.0},{"not_picked":["bronze:Deprecate","bronze:Repulsor","bronze:DarkDash","bronze:Fortify+1"],"picked":"SKIP","floor":39.0},{"not_picked":["bronze:Flail","bronze:BugBarrage","bronze:Overload+1"],"picked":"bronze:ChildClass+1","floor":44.0},{"not_picked":["bronze:Overheat+1","bronze:DelayedSlice+1","bronze:InfiniteBeams+1","bronze:Flail"],"picked":"SKIP","floor":45},{"not_picked":["bronze:Iterate","bronze:TinkerersToolbox","bronze:Constructor+1"],"picked":"bronze:BugBarrage+1","floor":47},{"not_picked":["bronze:FineTuning+1","bronze:Turbo","bronze:WildBeam","bronze:Overheat+1"],"picked":"SKIP","floor":49},{"not_picked":["bronze:CutThrough","bronze:BugBarrage","bronze:BronzeOrb","bronze:ThunderWave"],"picked":"SKIP","floor":52}],"player_experience":1110093,"relics_obtained":[{"floor":7.0,"key":"Eternal Feather"},{"floor":8.0,"key":"bronze:ProtectiveGoggles"},{"floor":14.0,"key":"Anchor"},{"floor":24.0,"key":"Question Card"},{"floor":31.0,"key":"InkBottle"},{"floor":41.0,"key":"Juzu Bracelet"},{"floor":47,"key":"CeramicFish"},{"floor":52,"key":"Blood Vial"}],"event_choices":[],"is_beta":false,"boss_relics":[{"not_picked":["Philosopher\u0027s Stone","reliquary:RedPaperclip"],"picked":"SlaversCollar"},{"not_picked":["Fusion Hammer","Pandora\u0027s Box"],"picked":"reliquary:RedCape"}],"items_purged_floors":[4,9,20,27,42,53],"is_endless":false,"potions_floor_spawned":[3,10,16,22,23,29,32,39,49,52],"ascension_level":4}}