{"host":"gc0hqzwg2gd3zszy","time":1613280202,"event":{"mods":["BaseMod","DeckTracker","Minty Spire (QoL Compilation)","Relic Stats","SuperFastMode"],"gold_per_floor":[116,126,276,82,82,112,72,83,109,143,168,215,227,258,270,282,282],"floor_reached":16,"language":"KOR","playtime":473,"items_purged":["Doubt"],"score":290,"play_id":"0b9a8535-0fb2-4440-bbaf-99774bb30a84","local_time":"20210214142322","is_ascension_mode":true,"campfire_choices":[{"data":"Inflame","floor":13,"key":"SMITH"},{"data":"Power Through","floor":15,"key":"SMITH"}],"circlet_count":0,"master_deck":["AscendersBane","Strike_R","Strike_R","Strike_R","Strike_R","Strike_R","Defend_R","Defend_R","Defend_R","Defend_R","Bash","Cleave","Pommel Strike","Fire Breathing","Body Slam","Inflame+1","Uppercut","Power Through+1","Headbutt","Carnage","Armaments","Headbutt"],"relics":["Burning Blood","NeowsBlessing","Bag of Preparation","Akabeko","MawBank","Vajra"],"acts_visited":["Exordium"],"potions_floor_usage":[8,10],"damage_taken":[{"damage":0,"enemies":"Small Slimes","floor":1,"turns":1},{"damage":0,"enemies":"Jaw Worm","floor":2,"turns":1},{"damage":0,"enemies":"Gremlin Nob","floor":6,"turns":1},{"damage":1,"enemies":"Cultist","floor":8,"turns":4},{"damage":15,"enemies":"Lagavulin","floor":10,"turns":6},{"damage":15,"enemies":"3 Louse","floor":11,"turns":5},{"damage":10,"enemies":"3 Sentries","floor":12,"turns":5},{"damage":5,"enemies":"Red Slaver","floor":14,"turns":4},{"damage":69,"enemies":"Hexaghost","floor":16,"turns":9}],"seed_played":"-7034459967166091334","potions_obtained":[{"floor":6,"key":"LiquidMemories"},{"floor":8,"key":"Fruit Juice"}],"is_trial":false,"path_per_floor":["M","M","?","$","?","E","$","M","T","E","M","E","R","M","R","B"],"character_chosen":"IRONCLAD","items_purchased":["Fire Breathing","Body Slam","Uppercut"],"campfire_rested":0,"item_purchase_floors":[4,4,7],"current_hp_per_floor":[74,75,75,75,80,80,80,85,85,76,67,63,63,64,64,0,0],"gold":282,"neow_bonus":"THREE_ENEMY_KILL","is_daily":false,"chose_seed":false,"campfire_upgraded":2,"win_rate":0.0,"timestamp":1613280202,"path_taken":["M","M","?","$","?","E","?","M","T","E","M","E","R","M","R","BOSS"],"items_purchased_type":["Card","Card","Card"],"build_version":"2020-12-22","purchased_purges":1,"victory":false,"max_hp_per_floor":[75,75,75,75,80,80,80,85,85,85,85,85,85,85,85,85,85],"relic_stats":{"counters":[9,36],"Bag of Preparation":[12],"MawBank":72,"obtain_stats":[{"NeowsBlessing":0,"Vajra":12,"Bag of Preparation":6,"MawBank":10,"Burning Blood":0,"Akabeko":9},{"NeowsBlessing":0,"Vajra":7,"Bag of Preparation":3,"MawBank":5,"Burning Blood":0,"Akabeko":4},{"NeowsBlessing":0,"Vajra":23,"Bag of Preparation":3,"MawBank":13,"Burning Blood":0,"Akabeko":7}],"Burning Blood":32},"card_choices":[{"not_picked":["Wild Strike","Rupture"],"picked":"Cleave","floor":1},{"not_picked":["Body Slam","Iron Wave"],"picked":"Pommel Strike","floor":2},{"not_picked":["Perfected Strike","Body Slam"],"picked":"Inflame","floor":6},{"not_picked":["True Grit","Dropkick"],"picked":"Power Through","floor":8},{"not_picked":["Rage","True Grit"],"picked":"Headbutt","floor":10},{"not_picked":["Thunderclap","Clash"],"picked":"Carnage","floor":11},{"not_picked":["Heavy Blade","Demon Form"],"picked":"Armaments","floor":12},{"not_picked":["Iron Wave","Pommel Strike"],"picked":"Headbutt","floor":14}],"player_experience":1395124,"relics_obtained":[{"floor":6,"key":"Bag of Preparation"},{"floor":9,"key":"Akabeko"},{"floor":10,"key":"MawBank"},{"floor":12,"key":"Vajra"}],"event_choices":[{"damage_healed":0,"gold_gain":150,"player_choice":"AGREE","damage_taken":0,"max_hp_gain":0,"max_hp_loss":0,"event_name":"Liars Game","floor":3,"gold_loss":0,"cards_obtained":["Doubt"]},{"damage_healed":0,"gold_gain":0,"player_choice":"Donut","damage_taken":0,"max_hp_gain":5,"max_hp_loss":0,"event_name":"Big Fish","floor":5,"gold_loss":0}],"is_beta":false,"boss_relics":[],"items_purged_floors":[4],"is_endless":false,"potions_floor_spawned":[6,8],"killed_by":"Hexaghost","ascension_level":20}}