{"host":"dth8fvkfiulu86fi","time":1613305214,"event":{"mods":["2.2 Compatiblity","AchievementEnabler","BaseMod","Better Third Choice","Colored Map","Colored Powertips","Minty Spire (QoL Compilation)","Rare Cards Sparkle","StSLib","SuperFastMode","Synergy Search"],"gold_per_floor":[144,319,7,82,127,217,262,352,352,397,442,442,487,532,532,832,832,877,728,773,818,390,390,435,435,485,530,620,665,665,710,710,1010,1010,1055,560,560,38,83,173,173,218,293,338,383,383,473,518,518,518],"floor_reached":51,"language":"ENG","playtime":2107,"items_purged":["Doubt","Thunderclap","Acrobatics","Dodge and Roll","Gash+1"],"score":870,"play_id":"e6c5ef36-f5a2-47d8-acc7-e4ca1bcccf79","local_time":"20210214132014","daily_mods":["Draft","Diverse","Midas"],"is_ascension_mode":false,"campfire_choices":[{"floor":12.0,"key":"REST"},{"floor":15.0,"key":"REST"},{"floor":23.0,"key":"REST"},{"floor":25.0,"key":"REST"},{"floor":32,"key":"REST"},{"floor":41,"key":"REST"},{"floor":49,"key":"REST"}],"circlet_count":0,"master_deck":["Consecrate","Conserve Battery","Ball Lightning","Cold Snap","BattleHymn","Leap","Slice","Turbo","Cloak And Dagger","Leap","Conserve Battery","Leap","Deflect","Noxious Fumes","Ball Lightning","Deflect","Demon Form","Thunderclap+1","Flex","Cleave","Static Discharge","Seeing Red","Glass Knife","Perfected Strike","Chill","Die Die Die","Demon Form","Static Discharge","Dramatic Entrance","Parasite","Pain","Conserve Battery+1","Impervious+1"],"relics":["Burning Blood","Membership Card","Anchor","Red Skull","Pear","Bottled Tornado","Empty Cage","Orrery","Paper Frog","Self Forming Clay","OrangePellets","Art of War","Orichalcum","SlaversCollar","Sling","White Beast Statue","Singing Bowl","DollysMirror","StoneCalendar","Toxic Egg 2","Matryoshka","Centennial Puzzle","Frozen Egg 2","WarpedTongs","Smiling Mask"],"acts_visited":["Exordium","TheCity","TheBeyond"],"potions_floor_usage":[39,40,44,47,47,47,48,50],"damage_taken":[{"damage":0.0,"enemies":"Jaw Worm","floor":1.0,"turns":2.0},{"damage":0.0,"enemies":"Cultist","floor":5.0,"turns":3.0},{"damage":21.0,"enemies":"Lagavulin","floor":6.0,"turns":6.0},{"damage":0.0,"enemies":"2 Louse","floor":7.0,"turns":2.0},{"damage":13.0,"enemies":"3 Sentries","floor":8.0,"turns":6.0},{"damage":0.0,"enemies":"Red Slaver","floor":10.0,"turns":3.0},{"damage":0.0,"enemies":"Large Slime","floor":11.0,"turns":6.0},{"damage":2.0,"enemies":"Exordium Wildlife","floor":13.0,"turns":3.0},{"damage":0.0,"enemies":"Exordium Thugs","floor":14.0,"turns":4.0},{"damage":61.0,"enemies":"Hexaghost","floor":16.0,"turns":9.0},{"damage":5.0,"enemies":"2 Thieves","floor":18.0,"turns":5.0},{"damage":6.0,"enemies":"3 Byrds","floor":20.0,"turns":4.0},{"damage":40.0,"enemies":"Cultist and Chosen","floor":21.0,"turns":7.0},{"damage":8.0,"enemies":"Shelled Parasite and Fungi","floor":24.0,"turns":5.0},{"damage":7.0,"enemies":"Centurion and Healer","floor":27.0,"turns":5.0},{"damage":37.0,"enemies":"Book of Stabbing","floor":28.0,"turns":7.0},{"damage":12.0,"enemies":"Snecko","floor":29.0,"turns":5.0},{"damage":23,"enemies":"Shelled Parasite and Fungi","floor":31,"turns":6},{"damage":55,"enemies":"Automaton","floor":33,"turns":10},{"damage":24,"enemies":"3 Darklings","floor":35,"turns":4},{"damage":15,"enemies":"Orb Walker","floor":39,"turns":5},{"damage":22,"enemies":"Giant Head","floor":40,"turns":6},{"damage":20,"enemies":"Writhing Mass","floor":42,"turns":6},{"damage":22,"enemies":"4 Shapes","floor":44,"turns":2},{"damage":14,"enemies":"Jaw Worm Horde","floor":45,"turns":2},{"damage":22,"enemies":"Reptomancer","floor":47,"turns":4},{"damage":9,"enemies":"Sphere and 2 Shapes","floor":48,"turns":4},{"damage":47,"enemies":"Donu and Deca","floor":50,"turns":8}],"seed_played":"-463004689936713651","potions_obtained":[{"floor":1.0,"key":"Ancient Potion"},{"floor":8.0,"key":"SmokeBomb"},{"floor":13.0,"key":"FearPotion"},{"floor":14.0,"key":"BloodPotion"},{"floor":16.0,"key":"Weak Potion"},{"floor":20.0,"key":"ElixirPotion"},{"floor":33,"key":"BlessingOfTheForge"},{"floor":39,"key":"SkillPotion"},{"floor":40,"key":"Ancient Potion"},{"floor":44,"key":"Block Potion"},{"floor":45,"key":"EssenceOfSteel"},{"floor":47,"key":"ElixirPotion"},{"floor":48,"key":"DuplicationPotion"}],"is_trial":false,"path_per_floor":["M","?","$","?","M","E","M","E","T","M","M","R","M","M","R","B",null,"M","$","M","M","$","R","M","R","T","M","E","M","?","M","R","B",null,"M","$","?","$","M","E","R","M","T","M","M","?","E","M","R","B",null],"character_chosen":"IRONCLAD","items_purchased":["Membership Card","Anchor","Leap","Conserve Battery","Orrery","Flex","Paper Frog","Self Forming Clay","Static Discharge","OrangePellets","Sling","White Beast Statue","Singing Bowl","Chill","Die Die Die","DollysMirror","StoneCalendar","Toxic Egg 2","Static Discharge","Dramatic Entrance"],"campfire_rested":7,"item_purchase_floors":[3,3,3,3,19,19,22,22,22,22,36,36,36,36,36,38,38,38,38,38],"current_hp_per_floor":[80,80,80,69,75,60,66,69,69,75,81,90,90,90,90,53,90,90,90,90,56,56,83,81,90,90,89,58,52,52,35,62,13,90,72,72,72,72,65,51,79,67,67,53,47,47,31,28,58,17],"gold":518,"neow_bonus":"","is_daily":true,"chose_seed":false,"campfire_upgraded":0,"win_rate":0.0,"timestamp":1613305214,"path_taken":["M","?","$","?","M","E","M","E","T","M","M","R","M","M","R","BOSS","M","$","M","M","$","R","M","R","T","M","E","M","?","M","R","BOSS","M","$","?","$","M","E","R","M","T","?","M","?","E","M","R","BOSS"],"items_purchased_type":["Relic","Relic","Card","Card","Relic","Card","Relic","Relic","Card","Relic","Relic","Relic","Relic","Card","Card","Relic","Relic","Relic","Card","Card"],"build_version":"2020-12-22","purchased_purges":5,"victory":true,"max_hp_per_floor":[80,80,80,80,80,80,80,90,90,90,90,90,90,90,90,90,90,90,90,90,90,90,90,90,90,90,90,90,90,90,90,90,90,90,90,90,90,90,92,94,94,96,96,98,100,100,100,100,100,100],"card_choices":[{"not_picked":["Recycle","Go for the Eyes"],"picked":"Consecrate","floor":0.0},{"not_picked":["Terror","Shrug It Off"],"picked":"Conserve Battery","floor":0.0},{"not_picked":["Accuracy","SashWhip"],"picked":"Ball Lightning","floor":0.0},{"not_picked":["WindmillStrike","Collect"],"picked":"Dodge and Roll","floor":0.0},{"not_picked":["White Noise","Calculated Gamble"],"picked":"Cold Snap","floor":0.0},{"not_picked":["Capacitor","Study"],"picked":"Acrobatics","floor":0.0},{"not_picked":["Halt","CrushJoints"],"picked":"Stack","floor":0.0},{"not_picked":["Redo","Stack"],"picked":"BattleHymn","floor":0.0},{"not_picked":["CrushJoints","Clash"],"picked":"Leap","floor":0.0},{"not_picked":["Escape Plan","Stack"],"picked":"Slice","floor":0.0},{"not_picked":["Clothesline","ForeignInfluence"],"picked":"Dodge and Roll","floor":0.0},{"not_picked":["Hologram","Searing Blow"],"picked":"Turbo","floor":0.0},{"not_picked":["Searing Blow","BowlingBash"],"picked":"Cloak And Dagger","floor":0.0},{"not_picked":["CutThroughFate","Havoc"],"picked":"Thunderclap","floor":0.0},{"not_picked":["SashWhip","Reflex"],"picked":"Warcry","floor":0.0},{"not_picked":["Outmaneuver","Conclude","BowlingBash"],"picked":"SKIP","floor":1.0},{"not_picked":["Streamline","Perfected Strike"],"picked":"Leap","floor":5.0},{"not_picked":["Protect","JustLucky"],"picked":"Deflect","floor":6.0},{"not_picked":["InnerPeace","Escape Plan"],"picked":"Noxious Fumes","floor":7.0},{"not_picked":["Ball Lightning","Disarm","Echo Form"],"picked":"SKIP","floor":8.0},{"not_picked":["Undo","FollowUp","Flying Knee"],"picked":"SKIP","floor":10.0},{"not_picked":["Inflame","Sweeping Beam","PathToVictory"],"picked":"SKIP","floor":11.0},{"not_picked":["Weave","Dagger Throw"],"picked":"Ball Lightning","floor":13.0},{"not_picked":["Body Slam","Heavy Blade"],"picked":"Thunderclap","floor":14.0},{"not_picked":["Body Slam","Rebound"],"picked":"Deflect","floor":18.0},{"not_picked":["Underhanded Strike+1","Heatsinks"],"picked":"Demon Form","floor":19.0},{"not_picked":["Dodge and Roll","Shockwave+1"],"picked":"Thunderclap+1","floor":19.0},{"not_picked":["Outmaneuver","Steam"],"picked":"Cleave","floor":20.0},{"not_picked":["Shrug It Off","FollowUp","Sword Boomerang"],"picked":"SKIP","floor":21.0},{"not_picked":["Ball Lightning","Fire Breathing"],"picked":"Gash+1","floor":24.0},{"not_picked":["Setup+1","Darkness","Streamline+1"],"picked":"SKIP","floor":27.0},{"not_picked":["Beam Cell","Indignation","Reckless Charge"],"picked":"SKIP","floor":28.0},{"not_picked":["Shrug It Off","Brutality"],"picked":"Seeing Red","floor":29.0},{"not_picked":["Rip and Tear+1","Ball Lightning","Weave"],"picked":"SKIP","floor":31},{"not_picked":["Buffer","Rainbow"],"picked":"Glass Knife","floor":33},{"not_picked":["Infinite Blades","Steam+1"],"picked":"Perfected Strike","floor":35},{"not_picked":["White Noise+1","Clash+1","Thunderclap+1"],"picked":"Singing Bowl","floor":39},{"not_picked":["Capacitor+1","Prepared+1","Burning Pact+1"],"picked":"Singing Bowl","floor":40},{"not_picked":["SandsOfTime","Eviscerate+1","EmptyMind+1"],"picked":"Singing Bowl","floor":42},{"not_picked":["Sword Boomerang+1","Rampage","Dagger Spray+1"],"picked":"Singing Bowl","floor":44},{"not_picked":["Headbutt","MentalFortress+1","Doom and Gloom+1"],"picked":"Singing Bowl","floor":45},{"not_picked":["Reflex+1","True Grit+1"],"picked":"Conserve Battery+1","floor":47},{"not_picked":["Redo+1","Storm+1"],"picked":"Impervious+1","floor":48}],"player_experience":1179710,"relics_obtained":[{"floor":6.0,"key":"Red Skull"},{"floor":8.0,"key":"Pear"},{"floor":9.0,"key":"Bottled Tornado"},{"floor":26.0,"key":"Art of War"},{"floor":28.0,"key":"Orichalcum"},{"floor":40,"key":"Matryoshka"},{"floor":43,"key":"Centennial Puzzle"},{"floor":43,"key":"Frozen Egg 2"},{"floor":47,"key":"Smiling Mask"}],"event_choices":[{"damage_healed":0.0,"max_hp_gain":0.0,"max_hp_loss":0.0,"gold_gain":175.0,"event_name":"betterThird:BetterSerpent","player_choice":"AGREE","floor":2.0,"gold_loss":0.0,"damage_taken":144.0},{"damage_healed":0.0,"max_hp_gain":0.0,"max_hp_loss":0.0,"gold_gain":75.0,"event_name":"betterThird:BetterGoop","player_choice":"Gold","floor":4.0,"gold_loss":0.0,"damage_taken":11.0},{"cards_removed":["Dodge and Roll"],"damage_healed":0,"gold_gain":0,"player_choice":"Elegance","damage_taken":0,"max_hp_gain":0,"max_hp_loss":0,"event_name":"betterThird:BetterWriting","floor":30,"gold_loss":0},{"cards_removed":["Stack"],"damage_healed":0,"gold_gain":0,"player_choice":"Purged","damage_taken":0,"max_hp_gain":0,"max_hp_loss":0,"event_name":"Purifier","floor":37,"gold_loss":0},{"damage_healed":0,"gold_gain":0,"player_choice":"Rummage","damage_taken":0,"relics_obtained":["WarpedTongs"],"max_hp_gain":0,"max_hp_loss":0,"event_name":"Accursed Blacksmith","floor":46,"gold_loss":0,"cards_obtained":["Pain"]}],"is_beta":false,"boss_relics":[{"not_picked":["Calling Bell","Philosopher\u0027s Stone"],"picked":"Empty Cage"},{"not_picked":["Velvet Choker","Runic Pyramid"],"picked":"SlaversCollar"}],"items_purged_floors":[3,19,22,36,38],"is_endless":false,"potions_floor_spawned":[1,8,13,14,16,20,21,24,33,39,40,42,44,45,47,48],"ascension_level":0}}