{"host":"2se5dq1do2gp0x9k","time":1613269683,"event":{"mods":["AchievementEnabler","BaseMod","Block Reminder","Colored Map","Colored Powertips","Minty Spire (QoL Compilation)","Relic Stats","StSLib","SuperFastMode"],"gold_per_floor":[111,125,125,125,44,77,77,105,105,105,117,192,192,224,224,297,297,313,238,248,248,248,248],"floor_reached":22,"language":"ENG","playtime":548,"items_purged":["Strike_B"],"score":450,"play_id":"8688ae8b-5678-42de-9c0b-9fd6a3b1d65b","local_time":"20210213182803","is_ascension_mode":true,"campfire_choices":[{"data":"Doom and Gloom","floor":7,"key":"SMITH"},{"data":"Hologram","floor":10,"key":"SMITH"},{"data":"Darkness","floor":15,"key":"SMITH"}],"circlet_count":0,"master_deck":["AscendersBane","Strike_B","Strike_B","Defend_B","Defend_B","Defend_B","Defend_B","Zap","Dualcast","Undo","Rip and Tear+1","Doom and Gloom+1","Go for the Eyes","Hologram+1","Darkness+1","Seek","Skim","Redo"],"relics":["Cracked Core","NeowsBlessing","Strawberry","Blue Candle","Sundial","Mercury Hourglass","Sozu"],"acts_visited":["Exordium","TheCity"],"potions_floor_usage":[14],"damage_taken":[{"damage":0,"enemies":"Jaw Worm","floor":1,"turns":1},{"damage":0,"enemies":"Cultist","floor":2,"turns":1},{"damage":0,"enemies":"Lagavulin","floor":6,"turns":1},{"damage":30,"enemies":"3 Sentries","floor":8,"turns":4},{"damage":0,"enemies":"Small Slimes","floor":11,"turns":1},{"damage":13,"enemies":"Lagavulin","floor":14,"turns":8},{"damage":11,"enemies":"Slime Boss","floor":16,"turns":9},{"damage":11,"enemies":"Chosen","floor":18,"turns":4},{"damage":20,"enemies":"Shell Parasite","floor":20,"turns":6},{"damage":50,"enemies":"Shelled Parasite and Fungi","floor":22,"turns":3}],"seed_played":"-1764629260118882877","potions_obtained":[{"floor":1,"key":"SteroidPotion"},{"floor":8,"key":"Weak Potion"}],"is_trial":false,"path_per_floor":["M","M","$","?","$","E","R","E","T","R","M","?","?","E","R","B",null,"M","$","M","?","M"],"character_chosen":"DEFECT","items_purchased":["Doom and Gloom"],"campfire_rested":0,"item_purchase_floors":[5],"current_hp_per_floor":[64,64,64,64,64,71,71,41,41,41,41,30,30,17,17,6,60,49,49,29,29,0,0],"gold":248,"neow_bonus":"THREE_ENEMY_KILL","is_daily":false,"chose_seed":false,"campfire_upgraded":3,"win_rate":0.0,"timestamp":1613269683,"path_taken":["M","M","$","?","$","E","R","E","T","R","?","?","?","E","R","BOSS","M","$","M","?","?"],"items_purchased_type":["Card"],"build_version":"2020-12-22","purchased_purges":1,"victory":false,"max_hp_per_floor":[71,71,71,71,71,78,78,78,78,78,78,78,78,78,78,78,78,78,78,78,78,78,78],"relic_stats":{"Sozu":0,"counters":[10,38],"Sundial":[4],"Blue Candle":[0],"obtain_stats":[{"Sozu":17,"NeowsBlessing":0,"Sundial":9,"Strawberry":6,"Blue Candle":8,"Cracked Core":0,"Mercury Hourglass":14},{"Sozu":7,"NeowsBlessing":0,"Sundial":4,"Strawberry":3,"Blue Candle":4,"Cracked Core":0,"Mercury Hourglass":6},{"Sozu":25,"NeowsBlessing":0,"Sundial":7,"Strawberry":3,"Blue Candle":7,"Cracked Core":0,"Mercury Hourglass":16}],"Mercury Hourglass":[54]},"card_choices":[{"not_picked":["Skim","Barrage"],"picked":"Undo","floor":1},{"not_picked":["Recycle","Turbo"],"picked":"Rip and Tear","floor":2},{"not_picked":["Meteor Strike","Sweeping Beam"],"picked":"Go for the Eyes","floor":6},{"not_picked":["Leap","Ball Lightning"],"picked":"Hologram","floor":8},{"not_picked":["Tempest","Sweeping Beam","Reboot"],"picked":"SKIP","floor":11},{"not_picked":["Barrage","Hologram"],"picked":"Darkness","floor":14},{"not_picked":["Amplify","Meteor Strike"],"picked":"Seek","floor":16},{"not_picked":["Reprogram","Streamline"],"picked":"Skim","floor":18},{"not_picked":["Ball Lightning","Lockon"],"picked":"Redo","floor":20}],"player_experience":4072623,"relics_obtained":[{"floor":6,"key":"Strawberry"},{"floor":8,"key":"Blue Candle"},{"floor":9,"key":"Sundial"},{"floor":14,"key":"Mercury Hourglass"}],"event_choices":[{"damage_healed":0,"gold_gain":0,"player_choice":"Upgraded","damage_taken":0,"max_hp_gain":0,"max_hp_loss":0,"event_name":"Upgrade Shrine","floor":4,"gold_loss":0,"cards_upgraded":["Rip and Tear"]},{"damage_healed":0,"gold_gain":75,"player_choice":"Gather Gold","damage_taken":11,"max_hp_gain":0,"max_hp_loss":0,"event_name":"World of Goop","floor":12,"gold_loss":0},{"damage_healed":0,"gold_gain":0,"player_choice":"Ignored","damage_taken":0,"max_hp_gain":0,"max_hp_loss":0,"event_name":"Liars Game","floor":13,"gold_loss":0},{"cards_removed":["Strike_B"],"damage_healed":0,"gold_gain":0,"player_choice":"Offered Basic","damage_taken":0,"max_hp_gain":0,"max_hp_loss":0,"event_name":"Bonfire Elementals","floor":21,"gold_loss":0}],"is_beta":false,"boss_relics":[{"not_picked":["Runic Dome","Astrolabe"],"picked":"Sozu"}],"items_purged_floors":[19],"is_endless":false,"potions_floor_spawned":[1,8,11],"killed_by":"Shelled Parasite and Fungi","ascension_level":20}}