{"host":"BK","time":1613328240,"event":{"mods":["BaseMod","Highlight Path","Minty Spire (QoL Compilation)","StSLib"],"gold_per_floor":[116,134,149,160,160,160,175,175,201,217,246,34,34,62,62,136,136,154,166,181,194,194,194,38,38,38,38,38,38,55,81,81,157,157,171,185,185,185],"floor_reached":37,"language":"ENG","playtime":1511,"items_purged":["Strike_G+1"],"score":952,"play_id":"8afc756d-5a55-4d3e-b731-06a421068db2","local_time":"20210214114400","is_ascension_mode":true,"campfire_choices":[{"data":"Poisoned Stab","floor":6,"key":"SMITH"},{"data":"Skewer","floor":8,"key":"SMITH"},{"data":"Bouncing Flask","floor":15,"key":"SMITH"},{"floor":23,"key":"REST"},{"data":"Catalyst","floor":25,"key":"SMITH"},{"data":"Master of Strategy","floor":27,"key":"SMITH"},{"floor":32,"key":"REST"}],"circlet_count":0,"master_deck":["AscendersBane","Defend_G+1","Defend_G+1","Defend_G+1","Defend_G+1","Defend_G+1","Survivor","Neutralize","Poisoned Stab+1","Deadly Poison","Deflect","Skewer+1","Crippling Poison","Bouncing Flask+1","Master of Strategy+1","Wraith Form v2","Catalyst+1","Dash","Predator","A Thousand Cuts","Burst","Tactician+1","All Out Attack+1","Reflex+1","Catalyst"],"relics":["Runic Dome","PreservedInsect","Blood Vial","Bag of Preparation","Cursed Key","Smiling Mask","Astrolabe"],"acts_visited":["Exordium","TheCity","TheBeyond"],"potions_floor_usage":[33,33,37],"damage_taken":[{"damage":0,"enemies":"2 Louse","floor":1,"turns":2},{"damage":1,"enemies":"Cultist","floor":2,"turns":4},{"damage":0,"enemies":"Small Slimes","floor":3,"turns":3},{"damage":3,"enemies":"Looter","floor":4,"turns":3},{"damage":3,"enemies":"Blue Slaver","floor":7,"turns":3},{"damage":0,"enemies":"Gremlin Gang","floor":10,"turns":6},{"damage":6,"enemies":"Lagavulin","floor":11,"turns":7},{"damage":14,"enemies":"3 Sentries","floor":14,"turns":7},{"damage":0,"enemies":"The Guardian","floor":16,"turns":7},{"damage":9,"enemies":"Chosen","floor":18,"turns":4},{"damage":21,"enemies":"2 Thieves","floor":19,"turns":4},{"damage":0,"enemies":"Snecko","floor":20,"turns":4},{"damage":19,"enemies":"Centurion and Healer","floor":21,"turns":5},{"damage":0,"enemies":"Snake Plant","floor":30,"turns":3},{"damage":13,"enemies":"Gremlin Leader","floor":31,"turns":5},{"damage":30,"enemies":"Collector","floor":33,"turns":5},{"damage":1,"enemies":"3 Shapes","floor":35,"turns":6},{"damage":0,"enemies":"Orb Walker","floor":36,"turns":3},{"damage":83,"enemies":"2 Orb Walkers","floor":37,"turns":4}],"seed_played":"2485377252069214234","potions_obtained":[{"floor":1,"key":"Energy Potion"},{"floor":4,"key":"SpeedPotion"},{"floor":14,"key":"PowerPotion"},{"floor":16,"key":"DuplicationPotion"},{"floor":36,"key":"SkillPotion"}],"is_trial":false,"path_per_floor":["M","M","M","M","?","R","M","R","T","M","E","$","?","E","R","B",null,"M","M","M","M","?","R","$","R","T","R","?","$","M","E","R","B",null,"M","M","?"],"character_chosen":"THE_SILENT","items_purchased":["Master of Strategy","Predator"],"campfire_rested":2,"item_purchase_floors":[12,24],"current_hp_per_floor":[59,58,58,55,55,55,52,52,52,52,46,46,51,39,39,41,64,57,38,40,23,23,44,44,44,44,44,44,44,46,35,56,28,60,61,63,0,0],"gold":185,"neow_bonus":"BOSS_RELIC","is_daily":false,"chose_seed":false,"campfire_upgraded":5,"win_rate":0.0,"timestamp":1613328240,"path_taken":["M","M","M","M","?","R","M","R","T","?","E","$","?","E","R","BOSS","M","M","M","M","?","R","$","R","T","R","?","$","M","E","R","BOSS","M","?","?"],"items_purchased_type":["Card","Card"],"build_version":"2020-12-18","purchased_purges":1,"victory":false,"max_hp_per_floor":[66,66,66,66,66,66,66,66,66,66,66,66,71,71,71,71,71,71,71,71,71,71,71,71,71,71,71,71,71,71,71,71,71,71,71,71,71,71],"card_choices":[{"not_picked":["Infinite Blades","Quick Slash"],"picked":"Poisoned Stab","floor":1},{"not_picked":["Prepared","Slice"],"picked":"Deadly Poison","floor":2},{"not_picked":["Sucker Punch","Underhanded Strike","Eviscerate"],"picked":"SKIP","floor":3},{"not_picked":["Infinite Blades","Dodge and Roll","PiercingWail"],"picked":"SKIP","floor":4},{"not_picked":["Finisher","Concentrate"],"picked":"Skewer","floor":7},{"not_picked":["Underhanded Strike","Leg Sweep"],"picked":"Crippling Poison","floor":10},{"not_picked":["PiercingWail","Sucker Punch"],"picked":"Bouncing Flask","floor":11},{"not_picked":["Bullet Time","Tools of the Trade","Sucker Punch"],"picked":"SKIP","floor":14},{"not_picked":["Bullet Time","Tools of the Trade","Sucker Punch"],"picked":"SKIP","floor":14},{"not_picked":["Venomology","Envenom"],"picked":"Wraith Form v2","floor":16},{"not_picked":["Tactician","Deflect"],"picked":"Catalyst","floor":18},{"not_picked":["Dagger Throw","Bane"],"picked":"Dash","floor":19},{"not_picked":["Terror","Quick Slash","Bane"],"picked":"SKIP","floor":20},{"not_picked":["Underhanded Strike","Sucker Punch+1","Quick Slash"],"picked":"SKIP","floor":21},{"not_picked":["Slice","Underhanded Strike"],"picked":"A Thousand Cuts","floor":30},{"not_picked":["Quick Slash","PiercingWail+1","Prepared"],"picked":"SKIP","floor":31},{"not_picked":["Phantasmal Killer","Glass Knife"],"picked":"Burst","floor":33},{"not_picked":["Expertise","Endless Agony+1"],"picked":"Catalyst","floor":35},{"not_picked":["Dodge and Roll","Tactician","Deadly Poison+1"],"picked":"SKIP","floor":36}],"player_experience":2575559,"relics_obtained":[{"floor":9,"key":"PreservedInsect"},{"floor":11,"key":"Blood Vial"},{"floor":14,"key":"Bag of Preparation"},{"floor":31,"key":"Smiling Mask"}],"event_choices":[{"damage_healed":0,"gold_gain":0,"cards_transformed":["Strike_G"],"player_choice":"Transformed","damage_taken":0,"max_hp_gain":0,"max_hp_loss":0,"event_name":"Transmorgrifier","floor":5,"gold_loss":0,"cards_obtained":["Deflect"]},{"damage_healed":0,"gold_gain":0,"player_choice":"Donut","damage_taken":0,"max_hp_gain":5,"max_hp_loss":0,"event_name":"Big Fish","floor":13,"gold_loss":0},{"damage_healed":0,"gold_gain":0,"player_choice":"Simplicity","damage_taken":0,"max_hp_gain":0,"max_hp_loss":0,"event_name":"Back to Basics","floor":22,"gold_loss":0,"cards_upgraded":["Strike_G","Strike_G","Strike_G","Strike_G","Defend_G","Defend_G","Defend_G","Defend_G","Defend_G"]},{"damage_healed":0,"gold_gain":0,"player_choice":"Ignored","damage_taken":0,"max_hp_gain":0,"max_hp_loss":0,"event_name":"N\u0027loth","floor":28,"gold_loss":0},{"damage_healed":0,"gold_gain":0,"player_choice":"Fight","damage_taken":0,"max_hp_gain":0,"max_hp_loss":0,"event_name":"Mysterious Sphere","floor":37,"gold_loss":0}],"is_beta":true,"boss_relics":[{"not_picked":["Busted Crown","Velvet Choker"],"picked":"Cursed Key"},{"not_picked":["Coffee Dripper","WristBlade"],"picked":"Astrolabe"}],"items_purged_floors":[24],"is_endless":false,"potions_floor_spawned":[1,4,14,16,19,21,31,36],"killed_by":"2 Orb Walkers","ascension_level":20}}