{"host":"3e3mwsgb9gfqiuxm","time":1613340875,"event":{"mods":["Act Like it!","BaseMod","Colored Map","Colored Powertips","Downfall","Gensokyo","Googly Eyes","Hermit","Hubris","Infinite Spire","Jorbs\u0027s Wanderer Trilogy","Koishi","Marisa????????","Minty Spire (QoL Compilation)","Quick Restart","Rare Cards Sparkle","Reimu??????","Remilia??????","Replay The Spire","Shop Mod","StSLib","SuperFastMode","Td1madao Mod","The Animator","The Bug Knight","The Cursed","The Hierophant","The Servant 0.9.4","everything is the same but u backflip on backflip","slay the spire mod where everything is the same but ironclad has a cowboy hat"],"gold_per_floor":[110,60,60,60,110,136,151,184,231,231,258,258,276,304,304,409,409,429,449,212,92,92,117,127,162,208,235,279,324,324,341,341,462,462,507,507,551,588,633,633,658,658,712,712,703,710,453,511,511,611,611,611,101,153,153],"floor_reached":56,"language":"ENG","playtime":2413,"items_purged":["Strike_MRS","Strike_MRS","Defend_MRS","Defend_MRS"],"score":1991,"play_id":"09c7b010-3de4-4ed6-a40b-2416b1ce9fbe","local_time":"20210214171435","is_ascension_mode":true,"campfire_choices":[{"data":"BinaryStars","floor":12.0,"key":"SMITH"},{"data":"Gensokyo:BlessingOfFortitude","floor":15.0,"key":"SMITH"},{"data":"JA","floor":32.0,"key":"SMITH"},{"floor":40.0,"key":"RECALL"},{"data":"CasketOfStar","floor":42.0,"key":"SMITH"},{"data":"FinalSpark","floor":44.0,"key":"SMITH"},{"data":"MagicChant","floor":49.0,"key":"SMITH"}],"circlet_count":0,"master_deck":["Strike_MRS+1","Defend_MRS","Defend_MRS","MasterSpark","UpSweep+1","Gensokyo:BlessingOfFortitude+1","GalacticHalo","BinaryStars+1","Acceleration","MaximisePower","FinalSpark+1","WitchLeyline","WitchLeyline","MagicAbsorber+1","BlazingStar","MeteoricShower","AsteroidBelt","WitchOfGreed+1","SprinkleStarSeal","JA+1","CasketOfStar+1","EventHorizon","MagicChant+1","TreasureHunter","OortCloud"],"relics":["MiniHakkero","NeowsBlessing","hubris:Towel","Gensokyo:MarisaImprobabilityPotion","Oddly Smooth Stone","hubris:CuriousFeather","Kunai","Ancient Tea Set","Pear","infinitespire:Satchel","Mastiff:ReiMu","Painkiller Herb","BargainBundle","Gensokyo:MaskOfHope","hubris:Icosahedron","CrazyTorch:ReiMu","infinitespire:PuzzleCube","hubris:SlimyHat","Blue Doll","hubris:Potato","Philosopher\u0027s Stone","hubris:Stopwatch","hubris:BundleOfHerbs","Replay:Wax Seal","Vajra","Whetstone","AmplifyWand","infinitespire:Beetle Shell","hubris:FunFungus","HandmadeGrimoire","Chameleon Ring"],"acts_visited":["Gensokyo:Gensokyo","Gensokyo:Gensokyoer","TheBeyond","TheEnding"],"potions_floor_usage":[55,55,55],"damage_taken":[{"damage":0.0,"enemies":"Gensokyo:3_Fairies","floor":1.0,"turns":2.0},{"damage":0.0,"enemies":"Gensokyo:Aya","floor":6.0,"turns":1.0},{"damage":0.0,"enemies":"Gensokyo:Gryphon","floor":7.0,"turns":1.0},{"damage":6.0,"enemies":"Gensokyo:Mamizou","floor":8.0,"turns":10.0},{"damage":29.0,"enemies":"Gensokyo:Cirno","floor":11.0,"turns":6.0},{"damage":0.0,"enemies":"Gensokyo:Python","floor":13.0,"turns":3.0},{"damage":0.0,"enemies":"Gensokyo:Aya","floor":14.0,"turns":4.0},{"damage":9.0,"enemies":"Gensokyo:Reimu","floor":16.0,"turns":7.0},{"damage":0.0,"enemies":"Gensokyo:3_Dogs","floor":18.0,"turns":2.0},{"damage":12.0,"enemies":"Gensokyo:CosmicMonolith","floor":19.0,"turns":1.0},{"damage":14.0,"enemies":"Gensokyo:Koishi","floor":23.0,"turns":3.0},{"damage":6.0,"enemies":"Gensokyo:Wraith","floor":24.0,"turns":3.0},{"damage":0.0,"enemies":"Gensokyo:Reisen","floor":25.0,"turns":2.0},{"damage":0.0,"enemies":"Gensokyo:Tenshi","floor":27.0,"turns":1.0},{"damage":0.0,"enemies":"Gensokyo:Chomper_and_Gloop","floor":28.0,"turns":2.0},{"damage":7.0,"enemies":"Gensokyo:Mirror_and_Dog","floor":29.0,"turns":5.0},{"damage":0.0,"enemies":"Gensokyo:Slime_Group","floor":31.0,"turns":2.0},{"damage":0.0,"enemies":"Gensokyo:Eternal_Rivals","floor":33.0,"turns":8.0},{"damage":7.0,"enemies":"3 Darklings","floor":35.0,"turns":4.0},{"damage":0.0,"enemies":"3 Shapes","floor":37.0,"turns":3.0},{"damage":3.0,"enemies":"3 Darklings","floor":38.0,"turns":3.0},{"damage":0.0,"enemies":"Transient","floor":39.0,"turns":5.0},{"damage":0.0,"enemies":"HollowMod:StalkingDevout","floor":41.0,"turns":4.0},{"damage":3.0,"enemies":"Writhing Mass","floor":45.0,"turns":4.0},{"damage":1.0,"enemies":"Nemesis","floor":46.0,"turns":5.0},{"damage":0.0,"enemies":"Giant Head","floor":48.0,"turns":5.0},{"damage":30.0,"enemies":"Time Eater","floor":50.0,"turns":6.0},{"damage":29.0,"enemies":"Shield and Spear","floor":54.0,"turns":4.0},{"damage":32,"enemies":"The Heart","floor":55,"turns":6}],"seed_played":"8991530355827023819","potions_obtained":[{"floor":1.0,"key":"Guardian:BlockOnCardUsePotion"},{"floor":13.0,"key":"Death Potion"},{"floor":16.0,"key":"Languid Potion"},{"floor":18.0,"key":"AttackPotion"},{"floor":19.0,"key":"infinitespire:BlackPotion"},{"floor":27.0,"key":"Fire Potion"},{"floor":28.0,"key":"Regen Potion"},{"floor":33.0,"key":"Venom Potion"},{"floor":33.0,"key":"Fire Potion"},{"floor":37.0,"key":"MagicPotion:ReiMu"},{"floor":45.0,"key":"DuplicationPotion"},{"floor":46.0,"key":"champ:CounterPotion"},{"floor":48.0,"key":"Languid Potion"},{"floor":54.0,"key":"Block Potion"}],"is_trial":false,"path_per_floor":["M","?","?","?","T","E","M","E","T","?","E","R","M","E","R","B",null,"?","?","T","?","?","E","?","E","T","E","?","?","AVR","?","T","B",null,"?","?","?","?","?","T","E","T","T","T","?","E","T","E","T","B",null,"T","T","E","B",null],"character_chosen":"MARISA","items_purchased":["BargainBundle","MagicAbsorber+1","BlazingStar","MeteoricShower","Slimebound:ThreeZeroPotion","Whetstone","OortCloud","Block Potion","hubris:FunFungus"],"campfire_rested":0,"item_purchase_floors":[20,20,20,20,20,47,53,53,53],"current_hp_per_floor":[68,68,68,68,68,68,68,62,62,57,28,28,28,28,28,19,69,69,57,57,57,57,43,37,37,37,37,37,30,30,30,30,30,71,64,64,64,61,85,85,85,85,85,85,82,81,81,81,81,51,77,77,77,49,54],"gold":153,"neow_bonus":"THREE_ENEMY_KILL","is_daily":false,"chose_seed":false,"campfire_upgraded":6,"win_rate":0.0,"timestamp":1613340875,"path_taken":["M","?","?","?","?","E","M","E","T","?","E","R","?","E","R","BOSS","?","?","T","?","?","E","?","E","T","E","?","?","AVR","?","T","BOSS","?","?","?","?","?","T","E","T","T","T","?","E","?","E","T","BOSS","T","T","E","BOSS"],"items_purchased_type":["Relic","Card","Card","Card","Potion","Relic","Card","Potion","Relic"],"build_version":"2020-12-22","purchased_purges":4,"victory":true,"max_hp_per_floor":[75,75,75,75,75,75,75,75,75,85,85,85,85,85,85,85,85,85,85,85,85,85,85,85,85,85,85,85,85,85,85,85,85,85,85,85,85,85,85,85,85,85,85,85,85,85,85,85,85,85,85,85,85,85,85],"card_choices":[{"not_picked":["DarkSpark","6A"],"picked":"MeteoricShower","floor":1.0},{"not_picked":["MilkyWay","IllusionStar"],"picked":"GalacticHalo","floor":6.0},{"not_picked":["NonDirectionalLaser","ManaConvection"],"picked":"BinaryStars","floor":7.0},{"not_picked":["SatelliteIllusion","DC","SporeBomb"],"picked":"SKIP","floor":8.0},{"not_picked":["SuperPerseids","GravityBeat"],"picked":"Acceleration","floor":11.0},{"not_picked":["StarlightTyphoon","ShootTheMoon","Acceleration"],"picked":"SKIP","floor":13.0},{"not_picked":["DoubleSpark","RefractionSpark"],"picked":"MaximisePower","floor":14.0},{"not_picked":["StarDustReverie","BigCrunch"],"picked":"FinalSpark","floor":16.0},{"not_picked":["DoubleSpark","DragonMeteor+1"],"picked":"WitchLeyline","floor":18.0},{"not_picked":["GravityBeat","MachineGunSpark"],"picked":"WitchLeyline","floor":19.0},{"not_picked":["NonDirectionalLaser","GravityBeat"],"picked":"AsteroidBelt","floor":23.0},{"not_picked":["DC","PulseMagic+1","IllusionStar"],"picked":"SKIP","floor":24.0},{"not_picked":["PowerUp","6A","PropBag"],"picked":"SKIP","floor":25.0},{"not_picked":["GalacticHalo","MysteriousBeam"],"picked":"WitchOfGreed+1","floor":27.0},{"not_picked":["SporeBomb","Acceleration"],"picked":"SprinkleStarSeal","floor":28.0},{"not_picked":["DarkSpark","SprinkleStarSeal"],"picked":"JA","floor":29.0},{"not_picked":["RefractionSpark","NonDirectionalLaser","PropBag"],"picked":"SKIP","floor":31.0},{"not_picked":["BinaryStars","ManaRampage"],"picked":"CasketOfStar","floor":33.0},{"not_picked":["6A+1","EarthLightRay+1","UnstableBomb"],"picked":"SKIP","floor":35.0},{"not_picked":["Occultation","EarthLightRay+1"],"picked":"MagicChant","floor":37.0},{"not_picked":["FairyDestructionRay+1","StarlightTyphoon","Robbery"],"picked":"SKIP","floor":38.0},{"not_picked":["FairyDestructionRay+1","StarlightTyphoon","Robbery"],"picked":"SKIP","floor":38.0},{"not_picked":["WitchLeyline","SuperPerseids","SprinkleStarSeal+1"],"picked":"SKIP","floor":39.0},{"not_picked":["DoubleSpark+1","ShootingEcho"],"picked":"TreasureHunter","floor":41.0},{"not_picked":["SporeBomb","GalacticHalo","UnstableBomb+1"],"picked":"SKIP","floor":45.0},{"not_picked":["ChargeUpSpray+1","GravityBeat+1","UnstableBomb"],"picked":"SKIP","floor":46.0},{"not_picked":["MilkyWay+1","WitchOfGreed+1","DarkMatter"],"picked":"SKIP","floor":48.0},{"not_picked":["GravityBeat","Acceleration+1","BlazingStar"],"picked":"SKIP","floor":54.0}],"player_experience":1402179,"relics_obtained":[{"floor":5.0,"key":"Oddly Smooth Stone"},{"floor":6.0,"key":"hubris:CuriousFeather"},{"floor":8.0,"key":"Kunai"},{"floor":9.0,"key":"Ancient Tea Set"},{"floor":11.0,"key":"infinitespire:Satchel"},{"floor":14.0,"key":"Mastiff:ReiMu"},{"floor":23.0,"key":"CrazyTorch:ReiMu"},{"floor":25.0,"key":"infinitespire:PuzzleCube"},{"floor":26.0,"key":"hubris:SlimyHat"},{"floor":27.0,"key":"Blue Doll"},{"floor":41.0,"key":"hubris:BundleOfHerbs"},{"floor":46.0,"key":"Replay:Wax Seal"},{"floor":46.0,"key":"Vajra"},{"floor":48.0,"key":"AmplifyWand"},{"floor":48.0,"key":"infinitespire:Beetle Shell"},{"floor":54.0,"key":"HandmadeGrimoire"},{"floor":54.0,"key":"Chameleon Ring"}],"event_choices":[{"damage_healed":0.0,"max_hp_gain":0.0,"max_hp_loss":0.0,"gold_gain":0.0,"cards_transformed":["Strike_MRS"],"event_name":"Transmorgrifier","player_choice":"Transformed","floor":36.0,"gold_loss":0.0,"damage_taken":0.0,"cards_obtained":["EventHorizon"]}],"is_beta":false,"boss_relics":[{"not_picked":["bronze:MakeshiftBattery","Runic Pyramid"],"picked":"Painkiller Herb"},{"not_picked":["Ring of Chaos","Runic Dome"],"picked":"hubris:Stopwatch"}],"items_purged_floors":[20,30,47,53],"is_endless":false,"potions_floor_spawned":[1,13,16,18,19,27,28,29,33,35,45,46,48,54],"ascension_level":7}}