{"host":"psh83vqabmtchp5z","time":1613313255,"event":{"mods":["AchievementEnabler","Aspiration","BaseMod","Better Altar","Better Match","Better Skull","Better Third Choice","Better Vampires","BetterRewards","Challenge The Spire","Conspire","Downfall","Gold Saver","Lobotomy","LobotomyExtend","Minty Spire (QoL Compilation)","Quick Restart","Relic Filter","Replay The Spire","Shop Mod","Spicy Shops","StSLib","óô»ðÖ¸ÄÏ"],"gold_per_floor":[117,117,132,132,151,151,162,193,193,193,193,218,218,228,228,324,324,336,347,377,577,593,593,593,593,593,593,623,623,330,361,361,456,456,456,456,502,237,289,289,289,289,316,316,316,350,350,363,363,363],"floor_reached":51,"language":"ZHS","playtime":6305,"items_purged":[],"score":738,"play_id":"d55a4a85-378f-495b-8a1e-e59780801bb7","local_time":"20210214223415","is_ascension_mode":false,"campfire_choices":[{"data":"Neutralize","floor":6.0,"key":"SMITH"},{"data":"Blur","floor":10.0,"key":"SMITH"},{"data":"Sneak Up","floor":11.0,"key":"SMITH"},{"floor":13.0,"key":"REST"},{"floor":23.0,"key":"REST"},{"data":"Bullet Time","floor":24.0,"key":"SMITH"},{"data":"Loop","floor":25.0,"key":"SMITH"},{"floor":32.0,"key":"REST"},{"data":"Bullet Time","floor":40.0,"key":"SMITH"},{"data":"Apotheosis","floor":41.0,"key":"SMITH"},{"data":"Prepared","floor":44.0,"key":"SMITH"}],"circlet_count":0,"master_deck":["Strike_G+1","Strike_G+1","Strike_G+1","Strike_G+1","Strike_G+1","Defend_G+1","Defend_G+1","Defend_G+1","Defend_G+1","Defend_G+1","Survivor+1","Neutralize+1","Sneak Up+1","UniverseFragment","RedShoes","Blade Dance+1","Blur+1","PiercingWail+1","Blade Dance+1","Prepared+1","Acrobatics+1","SnowQueen","Bullet Time+1","Dagger Spray+1","Sucker Punch+1","Cloak And Dagger+1","Loop+1","VoidDream","PiercingWail+1","Bullet Time+1","Unload+1","Apotheosis+1","Injury","Caltrops+1","Go for the Eyes+1","Sweeping Beam+1"],"relics":["Ring of the Snake","CogitoBucket","LetterFromLob","WingedGreaves","Turnip","conspire:Dentures","aspiration:DefectSkillbook","Red Mask","TungstenRod","Replay:Baseball","Vampiric Spirits","Meat on the Bone","WristBlade","Nunchaku","Snack Pack","Counterbalance","Whetstone","ReplayTheSpireMod:TigerMarble","AtMidnight","SkinProphecy","Mark of the Bloom"],"acts_visited":["Exordium","TheCity","TheBeyond"],"potions_floor_usage":[],"damage_taken":[{"damage":5.0,"enemies":"Jaw Worm","floor":1.0,"turns":4.0},{"damage":1.0,"enemies":"Cultist","floor":3.0,"turns":5.0},{"damage":2.0,"enemies":"2 Louse","floor":5.0,"turns":3.0},{"damage":10.0,"enemies":"Exordium Wildlife","floor":7.0,"turns":4.0},{"damage":15.0,"enemies":"3 Sentries","floor":8.0,"turns":14.0},{"damage":12.0,"enemies":"Gremlin Nob","floor":12.0,"turns":3.0},{"damage":15.0,"enemies":"Blue Slaver","floor":14.0,"turns":5.0},{"damage":9.0,"enemies":"Fading Forest","floor":16.0,"turns":11.0},{"damage":12.0,"enemies":"Spheric Guardian","floor":18.0,"turns":5.0},{"damage":9.0,"enemies":"Shell Parasite","floor":19.0,"turns":4.0},{"damage":20.0,"enemies":"Masked Bandits","floor":20.0,"turns":4.0},{"damage":9.0,"enemies":"Cultist and Chosen","floor":22.0,"turns":6.0},{"damage":22.0,"enemies":"Gremlin Leader","floor":28.0,"turns":6.0},{"damage":3.0,"enemies":"Colosseum Slavers","floor":29.0,"turns":5.0},{"damage":12.0,"enemies":"Book of Stabbing","floor":31.0,"turns":7.0},{"damage":25.0,"enemies":"Automaton","floor":33.0,"turns":10.0},{"damage":12.0,"enemies":"2 Orb Walkers","floor":39.0,"turns":4.0},{"damage":38.0,"enemies":"Reptomancer","floor":46.0,"turns":6.0},{"damage":2,"enemies":"3 Darklings","floor":48,"turns":11},{"damage":32,"enemies":"Time Eater","floor":50,"turns":20}],"seed_played":"3103852276098894586","potions_obtained":[{"floor":1.0,"key":"SkillPotion"},{"floor":5.0,"key":"PowerPotion"},{"floor":7.0,"key":"Explosive Potion"},{"floor":14.0,"key":"BlessingOfTheForge"},{"floor":16.0,"key":"Strength Potion"},{"floor":18.0,"key":"Swift Potion"},{"floor":20.0,"key":"Elixir"},{"floor":22.0,"key":"bronze:BurnAndBuffPotion"},{"floor":28.0,"key":"FearPotion"},{"floor":33.0,"key":"Swift Potion"}],"is_trial":false,"path_per_floor":["M","$","M","?","M","R","M","E","T","R","R","E","R","M","R","B",null,"M","M","?","?","M","R","R","R","T","R","E","?","$","E","R","B",null,"M","?","T","$","?","R","R","R","T","R","?","E","?","M","R","B",null],"character_chosen":"THE_SILENT","items_purchased":["Vampiric Spirits","Apotheosis","Snack Pack"],"campfire_rested":3,"item_purchase_floors":[30,38,38],"current_hp_per_floor":[65,65,64,68,66,66,56,41,41,41,41,29,50,35,35,36,70,58,49,29,29,20,41,41,41,41,41,19,16,16,11,32,24,70,70,70,70,70,62,62,62,62,62,62,70,39,39,69,69,29],"gold":363,"neow_bonus":"","is_daily":false,"chose_seed":false,"campfire_upgraded":8,"win_rate":0.0,"timestamp":1613313255,"path_taken":["M","$","M","?","M","R","M","E","T","R","R","E","R","M","R","BOSS","M","M","?","?","?","R","R","R","T","R","E","?","$","E","R","BOSS","M","?","?","?","?","R","R","R","T","R","?","E","?","?","R","BOSS"],"items_purchased_type":["Relic","Card","Relic"],"build_version":"2020-12-22","purchased_purges":0,"victory":true,"max_hp_per_floor":[70,70,70,70,70,70,70,70,70,70,70,70,70,70,70,70,70,70,70,70,70,70,70,70,70,70,70,70,70,70,70,70,70,70,70,70,70,70,70,70,70,70,70,70,70,70,70,70,70,74],"card_choices":[{"not_picked":["Flechettes","Quick Slash"],"picked":"Sneak Up","floor":1.0},{"not_picked":["Murderer","Wellcheers"],"picked":"UniverseFragment","floor":1.0},{"not_picked":["DespairKnight","BeautyBeast"],"picked":"RedShoes","floor":3.0},{"not_picked":["Expertise","Sucker Punch"],"picked":"Blade Dance","floor":3.0},{"not_picked":["Masterful Stab","Flechettes"],"picked":"Blur","floor":5.0},{"not_picked":["Flechettes","Prepared"],"picked":"PiercingWail","floor":7.0},{"not_picked":["Backstab","PiercingWail"],"picked":"Blade Dance","floor":8.0},{"not_picked":["Heel Hook","Dash"],"picked":"Prepared","floor":12.0},{"not_picked":["Reflex","PiercingWail"],"picked":"Acrobatics","floor":14.0},{"not_picked":["BeautyBeast","Woodsman"],"picked":"SnowQueen","floor":16.0},{"not_picked":["Poison Darts","aspiration:Lunge"],"picked":"Bullet Time","floor":16.0},{"not_picked":["Barrage","Replay:Poison Smokescreen","Gash"],"picked":"Dagger Spray+1","floor":18.0},{"not_picked":["ReplayRNGCard","Sweeping Beam","Leap"],"picked":"Sucker Punch+1","floor":19.0},{"not_picked":["Streamline","Scrape","Hologram"],"picked":"Cloak And Dagger","floor":20.0},{"not_picked":["Sneak Up","Wraith Form v2","Prepared"],"picked":"Loop","floor":22.0},{"not_picked":["MHz","SpiderBud"],"picked":"VoidDream","floor":22.0},{"not_picked":["Hologram+1","Darkness+1","Compile Driver"],"picked":"PiercingWail","floor":28.0},{"not_picked":["Conserve Battery","Flying Knee","Amplify"],"picked":"Bullet Time","floor":31.0},{"not_picked":["Amplify","Mirror Shield","ReplayTheSpireMod:Necrosis"],"picked":"Unload","floor":33.0},{"not_picked":["Barrage+1","Poisoned Stab","Prepared"],"picked":"Caltrops","floor":39.0},{"not_picked":["BasicCrystalCard+1","Deadly Poison+1","Slice"],"picked":"Go for the Eyes+1","floor":46.0},{"not_picked":["Concentrate+1","Consume","Rip and Tear"],"picked":"Sweeping Beam+1","floor":48}],"player_experience":741845,"relics_obtained":[{"floor":1.0,"key":"LetterFromLob"},{"floor":8.0,"key":"WingedGreaves"},{"floor":9.0,"key":"Turnip"},{"floor":12.0,"key":"conspire:Dentures"},{"floor":20.0,"key":"Red Mask"},{"floor":26.0,"key":"TungstenRod"},{"floor":28.0,"key":"Replay:Baseball"},{"floor":31.0,"key":"Meat on the Bone"},{"floor":37.0,"key":"Nunchaku"},{"floor":39.0,"key":"Counterbalance"},{"floor":43.0,"key":"Whetstone"},{"floor":46.0,"key":"ReplayTheSpireMod:TigerMarble"},{"floor":48,"key":"AtMidnight"}],"event_choices":[{"damage_healed":4.0,"max_hp_gain":0.0,"max_hp_loss":0.0,"gold_gain":0.0,"event_name":"betterSkull:BetterSkull","player_choice":"LEAVE ","floor":4.0,"gold_loss":0.0,"damage_taken":0.0,"cards_upgraded":[],"relics_obtained":[]},{"damage_healed":0.0,"max_hp_gain":0.0,"max_hp_loss":0.0,"gold_gain":0.0,"event_name":"Masked Bandits","player_choice":"Fought Bandits","floor":20.0,"gold_loss":0.0,"damage_taken":0.0},{"damage_healed":0.0,"max_hp_gain":0.0,"max_hp_loss":0.0,"gold_gain":250.0,"event_name":"The Joust","player_choice":"Bet on Owner","floor":21.0,"gold_loss":50.0,"damage_taken":0.0},{"damage_healed":0.0,"max_hp_gain":0.0,"max_hp_loss":0.0,"gold_gain":0.0,"event_name":"Colosseum","player_choice":"Fight","floor":29.0,"gold_loss":0.0,"damage_taken":0.0},{"damage_healed":0.0,"max_hp_gain":0.0,"max_hp_loss":0.0,"gold_gain":0.0,"event_name":"Colosseum","player_choice":"Fled From Nobs","floor":29.0,"gold_loss":0.0,"damage_taken":0.0},{"damage_healed":0.0,"max_hp_gain":0.0,"max_hp_loss":0.0,"gold_gain":0.0,"event_name":"Mysterious Sphere","player_choice":"Fight","floor":39.0,"gold_loss":0.0,"damage_taken":0.0},{"damage_healed":0,"gold_gain":0,"player_choice":"Upgrade","damage_taken":0,"relics_obtained":["Mark of the Bloom"],"max_hp_gain":0,"max_hp_loss":0,"event_name":"MindBloom","floor":49,"gold_loss":0,"cards_upgraded":["Strike_G","Strike_G","Strike_G","Defend_G","Defend_G","Defend_G","Defend_G","Defend_G","Survivor","Blade Dance","PiercingWail","Blade Dance","Acrobatics","Cloak And Dagger","PiercingWail","Unload","Caltrops"]}],"is_beta":false,"boss_relics":[{"not_picked":["Replay:Wanted Poster","Calling Bell"],"picked":"aspiration:DefectSkillbook"},{"not_picked":["HoveringKite","Abe\u0027s Treasure"],"picked":"WristBlade"}],"items_purged_floors":[],"is_endless":false,"potions_floor_spawned":[1,5,7,14,16,18,20,22,28,33],"ascension_level":0}}