{"host":"u0qetpmu4y58k1tf","time":1613278785,"event":{"mods":["100% Spire Juice","AchievementEnabler","Act Like it!","BaseMod","CapriCore","Colored Map","Colored Powertips","Hermit","Koishi","Marisa£¨Ùöéë¡¡Øª×âÞÞ£©","Minty Spire (QoL Compilation)","Quick Restart","Reliquary","Replay The Spire","StSLib","Td1madao Mod","The Bug Knight","The Cursed","The Dragon Tamer","The Gatherer","The Hierophant","The Immortal","The Jungle","The Runesmith","WarShipGirlsR/??á´Ò³R mod"],"gold_per_floor":[119,119,119,137,152,152,179,179,179,211,239,164,199,215,215,286,286,299,35,35,45,65,65,22,52,64,90,102,144,156,202,214,300,312,334,361,373,402,414,461,473,518,530,559,571,617,629,669,681,693,705,717,729,11,43,43,43],"floor_reached":56,"language":"KOR","playtime":4363,"items_purged":["Regret","MokouMod:RoaringFlare"],"score":2248,"play_id":"f47f31ae-c89d-4177-aab6-c8bef8accd8a","local_time":"20210214135945","daily_mods":["Draft","Red Cards","Green Cards","Blue Cards","Purple Cards","DeadlyEvents","Elite Swarm"],"is_ascension_mode":true,"campfire_choices":[{"data":"rmod:diamondstrike","floor":6,"key":"SMITH"},{"floor":15,"key":"DIG"},{"data":"Envenom","floor":23,"key":"SMITH"},{"data":"MokouMod:BurningDraft","floor":23,"key":"SMITH"},{"floor":28,"key":"REST"},{"data":"Reboot","floor":30,"key":"SMITH"},{"data":"Koishi:ImGoingToCallYouNow","floor":30,"key":"SMITH"},{"data":"Cloak And Dagger","floor":32,"key":"SMITH"},{"data":"Cloak And Dagger","floor":32,"key":"SMITH"},{"floor":41,"key":"RECALL"},{"data":"MokouMod:BurningDraft","floor":45,"key":"SMITH"},{"data":"TheCursedMod:CircleOfCorruption","floor":45,"key":"SMITH"},{"data":"Koishi:FleetingPhantom","floor":47,"key":"SMITH"},{"data":"Koishi:FleetingPhantom","floor":47,"key":"SMITH"},{"data":"UltimateShortwave","floor":49,"key":"SMITH"},{"data":"hermit:TakeCover","floor":49,"key":"SMITH"},{"data":"hierophant:ThreeLashes","floor":53,"key":"SMITH"},{"data":"Moonworks:SakisCookie","floor":53,"key":"SMITH"}],"circlet_count":0,"master_deck":["AscendersBane","Cloak And Dagger+1","rmod:firesupport","rmod:firesupport","rmod:diamondstrike+1","Cloak And Dagger+1","TheCursedMod:CircleOfCorruption+1","MokouMod:BurningDraft+1","hermit:TakeCover+1","Koishi:FleetingPhantom+1","Koishi:FleetingPhantom+1","hierophant:Community","hierophant:ThreeLashes+1","hierophant:FieryStrike","FollowUp","Koishi:ImGoingToCallYouNow+1","Envenom+1","rmod:acesubmarine+1","UltimateShortwave+1","AbeCurse","Defy Death","Evaluate+1","Moonworks:SakisCookie+1","Reboot+1","Optimization+1","Adrenaline+1","TheCursedMod:ReleasedStrength+1","MokouMod:BurningDraft+1","hermit:FatalDesire+1","rmod:ridicule+1","TheCursedMod:VoidForm+1","hermit:FromBeyond+1"],"relics":["Burning Blood","Pantograph","Turnip","Runesmith:Locket","Replay:Arrowhead","Gambling Chip","Another Sword","Molten Egg 2","reliquary:PurpleTingedLeaf","Abe\u0027s Treasure","Omamori","MawBank","reliquary:PrincelyHelmet","Pear","Golden Egg","Replay:Bronze Core","reliquary:BoilingFlask","Charon\u0027s Ashes","reliquary:RosewoodLute","Ornamental Fan","FossilizedHelix","Lantern","reliquary:Tamtam","HollowMod:LifeEnderRelic"],"acts_visited":["Exordium","Exordium","TheBeyond","TheEnding"],"potions_floor_usage":[10,13,18,25,31,50,56],"damage_taken":[{"damage":6,"enemies":"Small Slimes","floor":1,"turns":3},{"damage":15,"enemies":"Jaw Worm","floor":4,"turns":3},{"damage":7,"enemies":"Cultist","floor":5,"turns":3},{"damage":36,"enemies":"Lagavulin","floor":7,"turns":5},{"damage":6,"enemies":"Gremlin Nob","floor":10,"turns":3},{"damage":17,"enemies":"3 Sentries","floor":11,"turns":5},{"damage":11,"enemies":"Gremlin Nob","floor":13,"turns":3},{"damage":0,"enemies":"Large Slime","floor":14,"turns":3},{"damage":33,"enemies":"The Guardian","floor":16,"turns":6},{"damage":27,"enemies":"theJungle:MUSHROOMGANG","floor":18,"turns":3},{"damage":39,"enemies":"theJungle:GiantWrat","floor":21,"turns":4},{"damage":14,"enemies":"Snake Plant","floor":22,"turns":2},{"damage":32,"enemies":"theJungle:MamaSnecko","floor":25,"turns":4},{"damage":26,"enemies":"theJungle:Lyon","floor":27,"turns":4},{"damage":0,"enemies":"theJungle:2_Phrogs","floor":29,"turns":4},{"damage":20,"enemies":"theJungle:MamaSnecko","floor":31,"turns":4},{"damage":56,"enemies":"theJungle:FunGuy","floor":33,"turns":8},{"damage":18,"enemies":"Orb Walker","floor":35,"turns":3},{"damage":39,"enemies":"3 Shapes","floor":36,"turns":6},{"damage":16,"enemies":"Writhing Mass","floor":38,"turns":6},{"damage":15,"enemies":"Nemesis","floor":40,"turns":5},{"damage":18,"enemies":"Reptomancer","floor":42,"turns":3},{"damage":0,"enemies":"3 Darklings","floor":44,"turns":1},{"damage":10,"enemies":"Nemesis","floor":46,"turns":3},{"damage":18,"enemies":"HollowMod:StalkingDevout","floor":48,"turns":3},{"damage":18,"enemies":"Donu and Deca","floor":50,"turns":3},{"damage":53,"enemies":"Awakened One","floor":51,"turns":5},{"damage":0,"enemies":"Shield and Spear","floor":55,"turns":3},{"damage":134,"enemies":"The Heart","floor":56,"turns":3}],"seed_played":"-533132156385032163","potions_obtained":[{"floor":1,"key":"Fire Potion"},{"floor":4,"key":"FairyPotion"},{"floor":11,"key":"PowerPotion"},{"floor":13,"key":"Fire Potion"},{"floor":22,"key":"PowerPotion"},{"floor":27,"key":"SkillPotion"},{"floor":31,"key":"Weak Potion"},{"floor":35,"key":"SkillPotion"}],"is_trial":true,"path_per_floor":["M","?","?","M","M","R","E","T","T","E","E","$","E","M","R_BF","B",null,"M","$","?","M","M","R","$","E","T","M","R","E","R","E","R","B",null,"M","M","?","M","?","E","R","E","T","M","R","E","R","E","R","B","B",null,"R","$","E","B"],"character_chosen":"IRONCLAD","items_purchased":["Omamori","Evaluate+1","FossilizedHelix","Lantern","reliquary:Tamtam","PowerPotion"],"campfire_rested":1,"item_purchase_floors":[19,24,54,54,54,54],"current_hp_per_floor":[68,68,68,59,58,58,28,28,28,28,17,17,12,18,18,33,65,51,51,85,58,51,51,51,33,33,14,39,57,57,61,61,57,86,93,77,77,85,85,93,93,95,95,95,95,95,95,95,95,84,65,88,88,88,95,0,0],"gold":43,"neow_bonus":"","is_daily":false,"chose_seed":false,"campfire_upgraded":15,"win_rate":0.0,"timestamp":1613278785,"path_taken":["M","?","?","M","M","R","E","?","T","E","?","?","E","M","R_BF","BOSS","M","$","?","M","M","R","$","E","T","M","R","E","R","?","R","BOSS","M","M","?","M","?","E","R","E","T","?","R","E","R","?","R","BOSS","BOSS","R","$","E","BOSS"],"items_purchased_type":["Relic","Card","Relic","Relic","Relic","Potion"],"build_version":"2020-12-22","purchased_purges":2,"victory":false,"max_hp_per_floor":[75,75,75,75,75,75,75,75,75,75,75,75,75,75,75,75,75,75,75,85,85,85,85,85,85,85,85,85,95,95,95,95,95,95,95,95,95,95,95,95,95,95,95,95,95,95,95,95,95,95,95,95,95,95,95,95,95],"card_choices":[{"not_picked":["hierophant:Remorse","hermit:FullyLoaded"],"picked":"Cloak And Dagger","floor":0},{"not_picked":["DTMod:InvisibleFlame","TheCursedMod:CircleOfFlame"],"picked":"rmod:firesupport","floor":0},{"not_picked":["GravityBeat","hierophant:DisplayOfPower"],"picked":"rmod:firesupport","floor":0},{"not_picked":["MokouMod:Burn","hierophant:Doubloon"],"picked":"rmod:diamondstrike","floor":0},{"not_picked":["hierophant:Chorus","MokouMod:InfernalWave"],"picked":"Cloak And Dagger","floor":0},{"not_picked":["AsteroidBelt","hermit:SprayPray"],"picked":"TheCursedMod:CircleOfCorruption","floor":0},{"not_picked":["hierophant:Sermon","Crystallizer"],"picked":"MokouMod:BurningDraft","floor":0},{"not_picked":["hermit:Spite","TheCursedMod:VitalStrike"],"picked":"hermit:TakeCover","floor":0},{"not_picked":["Moonworks:BigMagnum","WitchLeyline"],"picked":"Koishi:FleetingPhantom","floor":0},{"not_picked":["hermit:Vantage","TheCursedMod:ReleasedKnowledge"],"picked":"Koishi:FleetingPhantom","floor":0},{"not_picked":["hierophant:Flagellation","Indignation"],"picked":"hierophant:Community","floor":0},{"not_picked":["CutThroughFate","rmod:sl"],"picked":"hierophant:ThreeLashes","floor":0},{"not_picked":["NonDirectionalLaser","Cleave"],"picked":"hierophant:FieryStrike","floor":0},{"not_picked":["Koishi:IdleWhim","TheCursedMod:Stretching"],"picked":"FollowUp","floor":0},{"not_picked":["Moonworks:ImmovableObject","rmod:supportaircraftcarrier"],"picked":"Slice","floor":0},{"not_picked":["Replay:AtTheReady","SashWhip","Floating Swing Kick"],"picked":"SKIP","floor":1},{"not_picked":["DTMod:QuickFly","HollowMod:CycloneSlash"],"picked":"MokouMod:RoaringFlare","floor":4},{"not_picked":["DTMod:TriAttack","MokouMod:IgnitionBarrier","rmod:highspeedshooting"],"picked":"SKIP","floor":5},{"not_picked":["MokouMod:ProfanedFlare","Blasphemy"],"picked":"Koishi:ImGoingToCallYouNow","floor":7},{"not_picked":["Mirror Shield","Night Terror"],"picked":"Moonworks:HolyNight","floor":10},{"not_picked":["Replay:LoomingThreat","MokouMod:BurningHiddenBullet"],"picked":"Envenom","floor":11},{"not_picked":["Phantasmal Killer","DTMod:TriAttack+1"],"picked":"rmod:acesubmarine+1","floor":13},{"not_picked":["Protect","Rupture+1","Slice+1"],"picked":"SKIP","floor":14},{"not_picked":["hermit:Purgatory+1","Meteor Strike+1"],"picked":"UltimateShortwave","floor":16},{"not_picked":["MokouMod:IcarusDive+1","Dagger Throw+1","Fire Up"],"picked":"SKIP","floor":18},{"not_picked":["TheCursedMod:RavingStaff+1","Koishi:Bloodlust","Gatherer:Frenzy+1"],"picked":"SKIP","floor":21},{"not_picked":["Judgement","Koishi:ReleaseOfTheId"],"picked":"Defy Death","floor":22},{"not_picked":["DTMod:StunTrap","Phantasmal Killer","rmod:auspiciousomen"],"picked":"SKIP","floor":25},{"not_picked":["Rip and Tear+1","Blade Dance"],"picked":"Moonworks:SakisCookie","floor":27},{"not_picked":["DTMod:Inferno+1","MokouMod:Rebirth"],"picked":"Reboot","floor":29},{"not_picked":["Pod Laser+1","Immolate+1"],"picked":"Optimization","floor":31},{"not_picked":["Koishi:FormlessExistence","DTMod:StunTrap"],"picked":"Adrenaline","floor":33},{"not_picked":["Replay:Anticipation","hermit:BodyArmor+1"],"picked":"TheCursedMod:ReleasedStrength+1","floor":35},{"not_picked":["HollowMod:NewLittleFool+1","DTMod:DarkBreath+1"],"picked":"MokouMod:BurningDraft","floor":36},{"not_picked":["Koishi:TraumaticStroke+1","FlurryOfBlows+1","Outmaneuver+1"],"picked":"SKIP","floor":38},{"not_picked":["BlazingStar+1","Runesmith:Duplicate"],"picked":"hermit:FatalDesire","floor":40},{"not_picked":["MokouMod:RadiantBlade+1","Rainbow"],"picked":"rmod:ridicule","floor":42},{"not_picked":["Runesmith:EarthShield","Cloak And Dagger","Gatherer:PotentialSlash+1"],"picked":"SKIP","floor":44},{"not_picked":["HollowMod:WhiteLadysBlessing","TheCursedMod:Neurasthenia","hermit:EternalForm"],"picked":"SKIP","floor":46},{"not_picked":["HollowMod:WhiteLadysBlessing","TheCursedMod:Neurasthenia","hermit:EternalForm"],"picked":"SKIP","floor":46},{"not_picked":["DTMod:ExcessFootwork","Corruption"],"picked":"TheCursedMod:VoidForm","floor":48},{"not_picked":["rmod:auspiciousomen","TheCursedMod:ForbiddenAlchemy"],"picked":"hermit:FromBeyond","floor":55}],"player_experience":139123,"relics_obtained":[{"floor":7,"key":"Turnip"},{"floor":8,"key":"Runesmith:Locket"},{"floor":9,"key":"Replay:Arrowhead"},{"floor":10,"key":"Gambling Chip"},{"floor":11,"key":"Another Sword"},{"floor":13,"key":"Molten Egg 2"},{"floor":15,"key":"reliquary:PurpleTingedLeaf"},{"floor":25,"key":"MawBank"},{"floor":26,"key":"reliquary:PrincelyHelmet"},{"floor":29,"key":"Pear"},{"floor":31,"key":"Golden Egg"},{"floor":40,"key":"reliquary:BoilingFlask"},{"floor":42,"key":"Charon\u0027s Ashes"},{"floor":46,"key":"reliquary:RosewoodLute"},{"floor":48,"key":"Ornamental Fan"},{"floor":55,"key":"HollowMod:LifeEnderRelic"}],"event_choices":[{"damage_healed":0,"gold_gain":0,"player_choice":"Box","damage_taken":0,"relics_obtained":["Pantograph"],"max_hp_gain":0,"max_hp_loss":0,"event_name":"Big Fish","floor":3,"gold_loss":0,"cards_obtained":["Regret"]},{"cards_removed":["Moonworks:HolyNight"],"damage_healed":24,"gold_gain":0,"player_choice":"Offered Rare","damage_taken":0,"max_hp_gain":10,"max_hp_loss":0,"event_name":"Bonfire Elementals","floor":20,"gold_loss":0},{"damage_healed":0,"gold_gain":0,"player_choice":"Ignored","damage_taken":0,"max_hp_gain":0,"max_hp_loss":0,"event_name":"Tomb of Lord Red Mask","floor":37,"gold_loss":0}],"is_beta":false,"boss_relics":[{"not_picked":["Runic Pyramid","reliquary:RedPaperclip"],"picked":"Abe\u0027s Treasure"},{"not_picked":["Cursed Key","Replay:Wanted Poster"],"picked":"Replay:Bronze Core"}],"items_purged_floors":[12,19],"is_endless":false,"potions_floor_spawned":[1,4,5,11,13,16,22,27,29,31,35,40,44,55],"killed_by":"The Heart","ascension_level":20}}