{"host":"vex7walpoxzv48nx","time":1613326845,"event":{"mods":["AchievementEnabler","BaseMod","Highlight Path","Minty Spire (QoL Compilation)","Permanent Neow","Quick Restart","StSLib","UnlockEverythingMod"],"gold_per_floor":[117,117,117,117,135,145,145,70,97,114,114,125,145,145,145,247,247,258,258,258,258,109,109,127,127,127,2,14,14,44,44,44,148,148,159,177,27,27,27,27,27,27,51,69,87,100,111,111,111,111],"floor_reached":51,"language":"ENG","playtime":2786,"items_purged":["Defend_B","Strike_B","Dualcast+1","Zap+1"],"score":805,"play_id":"d0e0042d-95ab-4207-9d24-c37fda824d3d","local_time":"20210214192045","is_ascension_mode":false,"campfire_choices":[{"data":"Dualcast","floor":7.0,"key":"SMITH"},{"data":"Streamline","floor":11.0,"key":"SMITH"},{"data":"Defend_B","floor":15.0,"key":"SMITH"},{"data":"Coolheaded","floor":23.0,"key":"SMITH"},{"data":"Gash","floor":25.0,"key":"SMITH"},{"floor":32.0,"key":"REST"},{"floor":40.0,"key":"REST"},{"floor":49.0,"key":"REST"}],"circlet_count":0,"master_deck":["Defend_B+1","Defend_B+1","Streamline+1","Gash+1","Coolheaded+1"],"relics":["Empty Cage"],"acts_visited":["Exordium","TheCity","TheBeyond"],"potions_floor_usage":[50,50,50,50,50,50],"damage_taken":[{"damage":5.0,"enemies":"Small Slimes","floor":1.0,"turns":4.0},{"damage":0.0,"enemies":"2 Louse","floor":5.0,"turns":1.0},{"damage":1.0,"enemies":"Jaw Worm","floor":6.0,"turns":3.0},{"damage":0.0,"enemies":"Red Slaver","floor":10.0,"turns":3.0},{"damage":4.0,"enemies":"2 Fungi Beasts","floor":12.0,"turns":2.0},{"damage":0.0,"enemies":"3 Louse","floor":13.0,"turns":2.0},{"damage":26.0,"enemies":"Hexaghost","floor":16.0,"turns":9.0},{"damage":2.0,"enemies":"Spheric Guardian","floor":18.0,"turns":3.0},{"damage":6.0,"enemies":"3 Byrds","floor":24.0,"turns":4.0},{"damage":0.0,"enemies":"Snecko","floor":28.0,"turns":3.0},{"damage":30.0,"enemies":"Slavers","floor":30.0,"turns":6.0},{"damage":25.0,"enemies":"Collector","floor":33.0,"turns":9.0},{"damage":10.0,"enemies":"3 Shapes","floor":35.0,"turns":3.0},{"damage":11.0,"enemies":"3 Darklings","floor":36.0,"turns":5.0},{"damage":19.0,"enemies":"Writhing Mass","floor":44.0,"turns":7.0},{"damage":9.0,"enemies":"4 Shapes","floor":45.0,"turns":8.0},{"damage":11.0,"enemies":"3 Darklings","floor":46.0,"turns":5.0},{"damage":19.0,"enemies":"Jaw Worm Horde","floor":47.0,"turns":4.0},{"damage":41,"enemies":"Time Eater","floor":50,"turns":15}],"seed_played":"-469599838655712446","potions_obtained":[{"floor":1.0,"key":"LiquidMemories"},{"floor":5.0,"key":"EntropicBrew"},{"floor":6.0,"key":"EssenceOfSteel"},{"floor":12.0,"key":"PowerPotion"},{"floor":24.0,"key":"Dexterity Potion"}],"is_trial":false,"path_per_floor":["M","?","?","?","M","M","R","$","T","M","R","M","M","?","R","B",null,"M","T","?","?","$","R","M","R","T","$","M","?","E","$","R","B",null,"M","M","$","?","$","R","$","?","T","M","M","M","M","?","R","B",null],"character_chosen":"DEFECT","items_purchased":["Coolheaded"],"campfire_rested":3,"item_purchase_floors":[22],"current_hp_per_floor":[70,75,59,59,59,58,58,58,58,58,58,54,54,54,54,28,80,78,78,78,78,78,78,72,72,72,72,72,72,42,42,66,41,80,70,59,59,59,59,80,80,80,80,61,52,41,22,22,46,5],"gold":111,"neow_bonus":"BOSS_RELIC","is_daily":false,"chose_seed":true,"campfire_upgraded":5,"win_rate":0.0,"timestamp":1613326845,"path_taken":["M","?","?","?","?","M","R","?","T","M","R","M","M","?","R","BOSS","M","?","?","?","?","R","M","R","T","$","M","?","E","$","R","BOSS","M","M","$","?","?","R","$","?","T","M","?","M","M","?","R","BOSS"],"items_purchased_type":["Card"],"build_version":"2020-12-22","purchased_purges":4,"victory":true,"max_hp_per_floor":[75,80,80,80,80,80,80,80,80,80,80,80,80,80,80,80,80,80,80,80,80,80,80,80,80,80,80,80,80,80,80,80,80,80,80,80,80,80,80,80,80,80,80,80,80,80,80,80,80,80],"card_choices":[{"not_picked":["Sweeping Beam","Doom and Gloom","Darkness"],"picked":"SKIP","floor":1.0},{"not_picked":["Loop","Redo","Scrape"],"picked":"SKIP","floor":5.0},{"not_picked":["Go for the Eyes","Chill","Reprogram"],"picked":"SKIP","floor":6.0},{"not_picked":["Chaos","Barrage"],"picked":"Streamline","floor":10.0},{"not_picked":["Stack","Aggregate","Turbo"],"picked":"SKIP","floor":12.0},{"not_picked":["Go for the Eyes","Reprogram"],"picked":"Gash","floor":13.0},{"not_picked":["Ball Lightning+1","Melter","Rebound"],"picked":"SKIP","floor":18.0},{"not_picked":["Sweeping Beam","Static Discharge+1","Hello World+1"],"picked":"SKIP","floor":24.0},{"not_picked":["Barrage","Consume+1","Go for the Eyes+1"],"picked":"SKIP","floor":28.0},{"not_picked":["Sweeping Beam+1","Streamline+1","Static Discharge"],"picked":"SKIP","floor":30.0},{"not_picked":["Leap","Double Energy","Turbo+1"],"picked":"SKIP","floor":35.0},{"not_picked":["Cold Snap+1","Reprogram+1","Sunder"],"picked":"SKIP","floor":36.0},{"not_picked":["Darkness+1","Leap","Redo+1"],"picked":"SKIP","floor":44.0},{"not_picked":["Loop","Barrage","Conserve Battery+1"],"picked":"SKIP","floor":45.0},{"not_picked":["Cold Snap+1","Auto Shields+1","Reinforced Body+1"],"picked":"SKIP","floor":46.0},{"not_picked":["Reinforced Body","Rebound","Blizzard+1"],"picked":"SKIP","floor":47.0}],"player_experience":189221,"relics_obtained":[],"event_choices":[{"damage_healed":0.0,"max_hp_gain":5.0,"max_hp_loss":0.0,"gold_gain":0.0,"event_name":"Big Fish","player_choice":"Donut","floor":2.0,"gold_loss":0.0,"damage_taken":0.0},{"damage_healed":0.0,"max_hp_gain":0.0,"max_hp_loss":0.0,"gold_gain":0.0,"event_name":"Shining Light","player_choice":"Entered Light","floor":3.0,"gold_loss":0.0,"damage_taken":16.0,"cards_upgraded":["Zap","Defend_B"]},{"cards_removed":["Strike_B"],"damage_healed":0.0,"max_hp_gain":0.0,"max_hp_loss":0.0,"gold_gain":0.0,"event_name":"Living Wall","player_choice":"Forget","floor":4.0,"gold_loss":0.0,"damage_taken":0.0},{"cards_removed":["Strike_B"],"damage_healed":0.0,"max_hp_gain":0.0,"max_hp_loss":0.0,"gold_gain":0.0,"event_name":"Bonfire Elementals","player_choice":"Offered Basic","floor":14.0,"gold_loss":0.0,"damage_taken":0.0},{"damage_healed":0.0,"max_hp_gain":0.0,"max_hp_loss":0.0,"gold_gain":0.0,"event_name":"Vampires","player_choice":"Ignored","floor":21.0,"gold_loss":0.0,"damage_taken":0.0},{"damage_healed":0.0,"max_hp_gain":0.0,"max_hp_loss":0.0,"gold_gain":0.0,"event_name":"The Mausoleum","player_choice":"Ignored","floor":29.0,"gold_loss":0.0,"damage_taken":0.0},{"damage_healed":0.0,"max_hp_gain":0.0,"max_hp_loss":0.0,"gold_gain":0.0,"event_name":"SensoryStone","player_choice":"Memory 1","floor":38.0,"gold_loss":0.0,"damage_taken":0.0},{"damage_healed":0.0,"max_hp_gain":0.0,"max_hp_loss":0.0,"gold_gain":0.0,"event_name":"WeMeetAgain","player_choice":"Ignored","floor":42.0,"gold_loss":0.0,"damage_taken":0.0},{"damage_healed":0.0,"max_hp_gain":0.0,"max_hp_loss":0.0,"gold_gain":0.0,"event_name":"Tomb of Lord Red Mask","player_choice":"Ignored","floor":48.0,"gold_loss":0.0,"damage_taken":0.0}],"is_beta":false,"boss_relics":[{"not_picked":["Runic Pyramid","SacredBark","Tiny House"]},{"not_picked":["Runic Pyramid","SacredBark","Tiny House"]}],"items_purged_floors":[8,22,27,37],"is_endless":false,"potions_floor_spawned":[1,5,6,12,24,36,45,46,47],"ascension_level":0}}