{"host":"52m1o8iwwagurbjs","time":1613267046,"event":{"mods":["AchievementEnabler","BaseMod","Bestiary","Challenge The Spire","Colored Powertips","GifTheSpireLib","Minty Spire (QoL Compilation)","Quick Restart","Relic Stats","StSLib"],"gold_per_floor":[117,136,136,155,37,70,83,111,111,111,111,111,111],"floor_reached":12,"language":"ENG","playtime":364,"items_purged":[],"score":92,"play_id":"67f42c02-ed37-4f15-a55b-8ec36692ec94","local_time":"20210213204406","is_ascension_mode":true,"campfire_choices":[{"data":"Dual Wield","floor":11,"key":"SMITH"}],"circlet_count":0,"master_deck":["Strike_R","Strike_R","Strike_R","Strike_R","Strike_R","Defend_R+1","Defend_R","Defend_R","Defend_R","Bash","Heavy Blade","Hemokinesis+1","Inflame+1","Dual Wield+1","Sword Boomerang","Sentinel"],"relics":["Burning Blood","Bottled Tornado","Blue Candle","Pantograph"],"acts_visited":["Exordium"],"potions_floor_usage":[7,12],"damage_taken":[{"damage":6,"enemies":"Jaw Worm","floor":1,"turns":3},{"damage":4,"enemies":"2 Louse","floor":2,"turns":3},{"damage":2,"enemies":"Small Slimes","floor":4,"turns":2},{"damage":20,"enemies":"Lagavulin","floor":6,"turns":7},{"damage":0,"enemies":"2 Fungi Beasts","floor":7,"turns":2},{"damage":46,"enemies":"3 Sentries","floor":8,"turns":7},{"damage":20,"enemies":"Lagavulin","floor":12,"turns":5}],"seed_played":"7091298922918110325","potions_obtained":[{"floor":2,"key":"DistilledChaos"},{"floor":7,"key":"SpeedPotion"}],"is_trial":false,"path_per_floor":["M","M","?","M","$","E","M","E","T","?","R","E"],"character_chosen":"IRONCLAD","items_purchased":["Inflame","Dual Wield"],"campfire_rested":0,"item_purchase_floors":[5,5],"current_hp_per_floor":[88,88,70,74,74,60,66,26,26,26,26,6,6],"gold":111,"neow_bonus":"TEN_PERCENT_HP_BONUS","is_daily":false,"chose_seed":false,"campfire_upgraded":1,"win_rate":0.0,"timestamp":1613267046,"path_taken":["M","M","?","M","$","E","M","E","T","?","R","E"],"items_purchased_type":["Card","Card"],"build_version":"2020-12-22","purchased_purges":0,"victory":false,"max_hp_per_floor":[88,88,88,88,88,88,88,88,88,88,88,88,88],"relic_stats":{"counters":[7,29],"Blue Candle":[0],"Pantograph":0,"obtain_stats":[{"Blue Candle":8,"Pantograph":9,"Bottled Tornado":6,"Burning Blood":0},{"Blue Candle":6,"Pantograph":6,"Bottled Tornado":4,"Burning Blood":0},{"Blue Candle":24,"Pantograph":24,"Bottled Tornado":15,"Burning Blood":0}],"Burning Blood":34},"card_choices":[{"not_picked":["Twin Strike","Perfected Strike"],"picked":"Heavy Blade","floor":1},{"not_picked":["Flex","Shockwave"],"picked":"Hemokinesis","floor":2},{"not_picked":["Havoc","Body Slam","Iron Wave"],"picked":"SKIP","floor":4},{"not_picked":["Shrug It Off","Uppercut"],"picked":"Sword Boomerang","floor":6},{"not_picked":["Flex","Carnage","Thunderclap"],"picked":"SKIP","floor":7},{"not_picked":["Barricade","Clash"],"picked":"Sentinel","floor":8}],"player_experience":1353760,"relics_obtained":[{"floor":6,"key":"Bottled Tornado"},{"floor":8,"key":"Blue Candle"},{"floor":9,"key":"Pantograph"}],"event_choices":[{"damage_healed":0,"gold_gain":0,"player_choice":"Entered Light","damage_taken":18,"max_hp_gain":0,"max_hp_loss":0,"event_name":"Shining Light","floor":3,"gold_loss":0,"cards_upgraded":["Defend_R","Hemokinesis"]},{"damage_healed":0,"gold_gain":0,"player_choice":"Grow","damage_taken":0,"max_hp_gain":0,"max_hp_loss":0,"event_name":"Living Wall","floor":10,"gold_loss":0,"cards_upgraded":["Inflame"]}],"is_beta":false,"boss_relics":[],"items_purged_floors":[],"is_endless":false,"potions_floor_spawned":[2,7],"killed_by":"Lagavulin","ascension_level":1}}