{"host":"u8f6oqzdc7r6igag","time":1613288619,"event":{"mods":["BaseMod","Minty Spire (QoL Compilation)","Relic Stats"],"gold_per_floor":[111,130,142,160,235,235,270,270,270,285,299,328,328,28,28,126,126,139,99,116,126,136,167,167,201,201,233,158,158,178,198,198,198,198],"floor_reached":33,"language":"ENG","playtime":2884,"items_purged":["Strike_G"],"score":447,"play_id":"4b9fbdd3-0398-4053-b016-12d715281d2d","local_time":"20210214014339","is_ascension_mode":true,"campfire_choices":[{"data":"Neutralize","floor":6.0,"key":"SMITH"},{"data":"Burst","floor":8.0,"key":"SMITH"},{"floor":15.0,"key":"REST"},{"data":"Wraith Form v2","floor":24.0,"key":"SMITH"},{"floor":29.0,"key":"REST"},{"floor":32.0,"key":"REST"}],"circlet_count":0,"master_deck":["Strike_G","Strike_G","Strike_G","Strike_G","Defend_G+1","Defend_G","Defend_G","Defend_G+1","Defend_G","Survivor","Neutralize+1","Flying Knee","Sucker Punch","Dagger Spray","Masterful Stab","Burst+1","PiercingWail","Caltrops","Noxious Fumes+1","After Image","Choke","Blade Dance","Phantasmal Killer+1","Backstab","Acrobatics","Crippling Poison","Noxious Fumes+1","Wraith Form v2+1","Backstab+1","Escape Plan","Terror"],"relics":["Ring of the Snake","War Paint","Ninja Scroll","Sundial","Orichalcum","Orrery","Nunchaku","SlaversCollar","Pen Nib","Vajra","HornCleat","Ancient Tea Set"],"acts_visited":["Exordium","TheCity"],"potions_floor_usage":[33,33],"damage_taken":[{"damage":0.0,"enemies":"2 Louse","floor":1.0,"turns":3.0},{"damage":0.0,"enemies":"Jaw Worm","floor":2.0,"turns":5.0},{"damage":0.0,"enemies":"Cultist","floor":3.0,"turns":4.0},{"damage":2.0,"enemies":"Exordium Wildlife","floor":4.0,"turns":3.0},{"damage":14.0,"enemies":"Gremlin Nob","floor":7.0,"turns":4.0},{"damage":10.0,"enemies":"Lots of Slimes","floor":10.0,"turns":3.0},{"damage":1.0,"enemies":"Exordium Thugs","floor":11.0,"turns":3.0},{"damage":10.0,"enemies":"3 Sentries","floor":12.0,"turns":6.0},{"damage":34.0,"enemies":"Slime Boss","floor":16.0,"turns":8.0},{"damage":15.0,"enemies":"Shell Parasite","floor":18.0,"turns":4.0},{"damage":3.0,"enemies":"Spheric Guardian","floor":20.0,"turns":3.0},{"damage":0.0,"enemies":"3 Cultists","floor":21.0,"turns":6.0},{"damage":9.0,"enemies":"Snecko","floor":22.0,"turns":4.0},{"damage":15.0,"enemies":"Gremlin Leader","floor":23.0,"turns":6.0},{"damage":8.0,"enemies":"Slavers","floor":25.0,"turns":4.0},{"damage":4.0,"enemies":"Gremlin Leader","floor":27.0,"turns":4.0},{"damage":0.0,"enemies":"Chosen and Byrds","floor":30.0,"turns":3.0},{"damage":0.0,"enemies":"Centurion and Healer","floor":31.0,"turns":5.0},{"damage":50,"enemies":"Champ","floor":33,"turns":8}],"seed_played":"8246363368463648420","potions_obtained":[{"floor":3.0,"key":"Dexterity Potion"},{"floor":4.0,"key":"Dexterity Potion"},{"floor":7.0,"key":"Fire Potion"},{"floor":12.0,"key":"Block Potion"},{"floor":20.0,"key":"LiquidBronze"},{"floor":22.0,"key":"ColorlessPotion"},{"floor":23.0,"key":"BlessingOfTheForge"},{"floor":30.0,"key":"Strength Potion"}],"is_trial":false,"path_per_floor":["M","M","M","M","?","R","E","R","T","M","M","E","?","$","R","B",null,"M","?","M","M","M","E","R","E","T","E","$","R","M","M","R","B"],"character_chosen":"THE_SILENT","items_purchased":["Orrery","Nunchaku"],"campfire_rested":3,"item_purchase_floors":[14,14],"current_hp_per_floor":[63,63,63,61,50,50,36,36,36,26,25,15,20,20,42,8,58,43,43,40,40,31,16,16,8,8,4,4,26,26,26,48,0,0],"gold":198,"neow_bonus":"RANDOM_COMMON_RELIC","is_daily":false,"chose_seed":false,"campfire_upgraded":3,"win_rate":0.0,"timestamp":1613288619,"path_taken":["M","M","M","M","?","R","E","R","T","M","M","E","?","$","R","BOSS","M","?","M","?","M","E","R","E","T","E","$","R","M","M","R","BOSS"],"items_purchased_type":["Relic","Relic"],"build_version":"2020-12-22","purchased_purges":1,"victory":false,"max_hp_per_floor":[70,70,70,70,70,70,70,70,70,70,70,70,75,75,75,75,75,75,75,75,75,75,75,75,75,75,75,75,75,75,75,75,75,75],"relic_stats":{"Nunchaku":[18],"counters":[19,86],"Sundial":[2],"Pen Nib":[7],"War Paint":["Defend_G","Defend_G"],"Orichalcum":[78],"obtain_stats":[{"SlaversCollar":17,"Nunchaku":14,"HornCleat":26,"Ninja Scroll":7,"Sundial":9,"Orrery":14,"Vajra":25,"Pen Nib":23,"War Paint":0,"Orichalcum":12,"Ancient Tea Set":27,"Ring of the Snake":0},{"SlaversCollar":9,"Nunchaku":8,"HornCleat":15,"Ninja Scroll":5,"Sundial":5,"Orrery":8,"Vajra":15,"Pen Nib":14,"War Paint":0,"Orichalcum":8,"Ancient Tea Set":16,"Ring of the Snake":0},{"SlaversCollar":39,"Nunchaku":31,"HornCleat":66,"Ninja Scroll":19,"Sundial":19,"Orrery":31,"Vajra":66,"Pen Nib":62,"War Paint":0,"Orichalcum":31,"Ancient Tea Set":70,"Ring of the Snake":0}],"Ring of the Snake":[38]},"card_choices":[{"not_picked":["Deadly Poison","Expertise"],"picked":"Flying Knee","floor":1.0},{"not_picked":["Finisher","Blade Dance"],"picked":"Sucker Punch","floor":2.0},{"not_picked":["Eviscerate","Expertise"],"picked":"Dagger Spray","floor":3.0},{"not_picked":["Bane","Dodge and Roll"],"picked":"Masterful Stab","floor":4.0},{"not_picked":["Concentrate","Predator"],"picked":"Burst","floor":7.0},{"not_picked":["Flying Knee","Deadly Poison"],"picked":"PiercingWail","floor":10.0},{"not_picked":["Cloak And Dagger","Dodge and Roll"],"picked":"Caltrops","floor":11.0},{"not_picked":["Quick Slash","Concentrate","Slice"],"picked":"SKIP","floor":12.0},{"not_picked":["Catalyst","Deflect"],"picked":"Noxious Fumes","floor":14.0},{"not_picked":["Outmaneuver","Flying Knee"],"picked":"After Image","floor":14.0},{"not_picked":["Dodge and Roll","PiercingWail"],"picked":"Choke","floor":14.0},{"not_picked":["Dodge and Roll","Endless Agony"],"picked":"Blade Dance","floor":14.0},{"not_picked":["Die Die Die","Grand Finale"],"picked":"Phantasmal Killer","floor":16.0},{"not_picked":["Dodge and Roll","Blade Dance"],"picked":"Backstab","floor":18.0},{"not_picked":["Bouncing Flask","Dodge and Roll"],"picked":"Acrobatics","floor":20.0},{"not_picked":["Doppelganger","Sucker Punch"],"picked":"Crippling Poison","floor":21.0},{"not_picked":["Prepared","All Out Attack"],"picked":"Noxious Fumes+1","floor":22.0},{"not_picked":["Deflect","Dagger Throw"],"picked":"Wraith Form v2","floor":23.0},{"not_picked":["Deflect","Predator+1"],"picked":"Backstab+1","floor":25.0},{"not_picked":["Underhanded Strike","Slice+1","Dagger Spray"],"picked":"SKIP","floor":27.0},{"not_picked":["Dagger Throw","Outmaneuver+1"],"picked":"Escape Plan","floor":30.0},{"not_picked":["Cloak And Dagger","Choke"],"picked":"Terror","floor":31.0}],"player_experience":197630,"relics_obtained":[{"floor":7.0,"key":"Ninja Scroll"},{"floor":9.0,"key":"Sundial"},{"floor":12.0,"key":"Orichalcum"},{"floor":23.0,"key":"Pen Nib"},{"floor":25.0,"key":"Vajra"},{"floor":26.0,"key":"HornCleat"},{"floor":27.0,"key":"Ancient Tea Set"}],"event_choices":[{"damage_healed":0.0,"max_hp_gain":0.0,"max_hp_loss":0.0,"gold_gain":75.0,"event_name":"World of Goop","player_choice":"Gather Gold","floor":5.0,"gold_loss":0.0,"damage_taken":11.0},{"damage_healed":0.0,"max_hp_gain":5.0,"max_hp_loss":0.0,"gold_gain":0.0,"event_name":"Big Fish","player_choice":"Donut","floor":13.0,"gold_loss":0.0,"damage_taken":0.0},{"damage_healed":0.0,"max_hp_gain":0.0,"max_hp_loss":0.0,"gold_gain":0.0,"event_name":"Designer","player_choice":"Upgraded Two","floor":19.0,"gold_loss":40.0,"damage_taken":0.0,"cards_upgraded":["Phantasmal Killer","Noxious Fumes"]}],"is_beta":false,"boss_relics":[{"not_picked":["Runic Dome","Snecko Eye"],"picked":"SlaversCollar"}],"items_purged_floors":[28],"is_endless":false,"potions_floor_spawned":[3,4,7,12,20,22,23,30],"killed_by":"Champ","ascension_level":8}}