{"host":"42xf941fomyavgzy","time":1613293530,"event":{"mods":["Act Like it!","Astrologer","BaseMod","Colored Map","Minty Spire (QoL Compilation)","Shop Mod","StSLib","SuperFastMode","The Cursed"],"gold_per_floor":[118,144,23,23,23,23,42,52,52,52,78,92,125,138,138,237,237,257,257,113,28,28,28,39,39,66,166,20,20,20,46,46,149,149,163,206,222,303,317,317,29,29,29,29,45,78,78,95,95,95,95],"floor_reached":50,"language":"JPN","playtime":3388,"items_purged":["Defend_P"],"score":651,"play_id":"f597a99e-d634-4033-9579-c26236f5fc8f","local_time":"20210214180530","is_ascension_mode":true,"campfire_choices":[{"data":"Eruption","floor":6,"key":"SMITH"},{"data":"EmptyBody","floor":10,"key":"SMITH"},{"data":"BowlingBash","floor":15,"key":"SMITH"},{"data":"Adaptation","floor":23,"key":"SMITH"},{"data":"RitualDagger","floor":25,"key":"SMITH"},{"floor":29,"key":"REST"},{"data":"TalkToTheHand","floor":32,"key":"SMITH"},{"data":"CrushJoints","floor":40,"key":"SMITH"},{"floor":49,"key":"RECALL"}],"circlet_count":0,"master_deck":["Strike_P","Defend_P","Eruption+1","Vigilance","EmptyBody+1","BowlingBash+1","Adaptation+1","Protect","CrushJoints+1","PathToVictory","ClearTheMind","Establishment","Blasphemy","Judgement+1","FearNoEvil+1","Worship+1","Evaluate+1","Worship+1","RitualDagger+1","Tantrum+1","TalkToTheHand+1","Wish","Brilliance","DeceiveReality+1","Doubt","InnerPeace"],"relics":["Sozu","Juzu Bracelet","Meat on the Bone","Bag of Preparation","Matryoshka","Kunai","Astrolabe","DollysMirror","InkBottle","Tiny Chest","Centennial Puzzle","Dead Branch","Pantograph","Vajra","Question Card","Runic Pyramid","Pen Nib","Lizard Tail","Lantern","Turnip"],"acts_visited":["Exordium","TheCity","TheBeyond"],"potions_floor_usage":[],"damage_taken":[{"damage":0,"enemies":"Cultist","floor":1,"turns":4},{"damage":12,"enemies":"Jaw Worm","floor":7,"turns":3},{"damage":0,"enemies":"2 Louse","floor":8,"turns":2},{"damage":15,"enemies":"Gremlin Nob","floor":11,"turns":4},{"damage":0,"enemies":"Gremlin Gang","floor":12,"turns":3},{"damage":22,"enemies":"3 Sentries","floor":13,"turns":10},{"damage":0,"enemies":"Large Slime","floor":14,"turns":4},{"damage":15,"enemies":"Slime Boss","floor":16,"turns":8},{"damage":0,"enemies":"Spheric Guardian","floor":18,"turns":1},{"damage":0,"enemies":"3 Byrds","floor":24,"turns":5},{"damage":7,"enemies":"Colosseum Slavers","floor":27,"turns":2},{"damage":14,"enemies":"Colosseum Nobs","floor":27,"turns":3},{"damage":20,"enemies":"Slavers","floor":31,"turns":2},{"damage":16,"enemies":"Automaton","floor":33,"turns":3},{"damage":16,"enemies":"3 Darklings","floor":35,"turns":3},{"damage":0,"enemies":"3 Shapes","floor":36,"turns":3},{"damage":0,"enemies":"Transient","floor":37,"turns":5},{"damage":3,"enemies":"4 Shapes","floor":39,"turns":4},{"damage":100014,"enemies":"Maw","floor":45,"turns":4},{"damage":38,"enemies":"Nemesis","floor":46,"turns":3},{"damage":21,"enemies":"Jaw Worm Horde","floor":48,"turns":4},{"damage":100038,"enemies":"Awakened One","floor":50,"turns":7}],"seed_played":"710061859116052551","potions_obtained":[],"is_trial":false,"path_per_floor":["M","T","$","T","?","R","M","M","T","R","E","M","E","M","R","B",null,"M","?","$","?","?","R","M","R","T","?","$","R","?","E","R","B",null,"M","M","M","T","M","R","$","?","T","$","M","E","?","M","R","B"],"character_chosen":"WATCHER","items_purchased":["BowlingBash","DollysMirror","Vajra","Lizard Tail"],"campfire_rested":1,"item_purchase_floors":[3,20,28,41],"current_hp_per_floor":[72,72,72,72,72,72,60,60,60,60,45,45,35,47,47,44,65,65,65,65,65,59,59,59,59,59,38,38,59,59,39,39,48,66,50,50,50,50,47,47,47,47,47,47,48,22,72,51,51,0,0],"gold":95,"neow_bonus":"BOSS_RELIC","is_daily":false,"chose_seed":false,"campfire_upgraded":7,"win_rate":0.0,"timestamp":1613293530,"path_taken":["M","?","?","?","?","R","M","M","T","R","E","M","E","M","R","BOSS","M","?","$","?","?","R","M","R","T","?","?","R","?","E","R","BOSS","M","M","M","?","M","R","$","?","T","$","M","E","?","M","R","BOSS"],"items_purchased_type":["Card","Relic","Relic","Relic"],"build_version":"2020-12-22","purchased_purges":1,"victory":false,"max_hp_per_floor":[72,72,72,72,72,72,72,72,72,72,72,72,72,72,72,72,72,72,72,72,72,72,72,72,72,72,72,72,72,72,72,72,72,72,72,72,72,72,72,72,72,72,72,72,72,72,72,72,72,72,72],"card_choices":[{"not_picked":["CutThroughFate","Halt"],"picked":"EmptyBody","floor":1},{"not_picked":["Indignation","BowlingBash"],"picked":"Adaptation","floor":7},{"not_picked":["JustLucky","BowlingBash"],"picked":"Protect","floor":8},{"not_picked":["JustLucky","Weave"],"picked":"CrushJoints","floor":11},{"not_picked":["Fasting2","Prostrate"],"picked":"PathToVictory","floor":12},{"not_picked":["Weave","BowlingBash"],"picked":"ClearTheMind","floor":13},{"not_picked":["FlyingSleeves","Crescendo"],"picked":"Establishment","floor":14},{"not_picked":["Omniscience","Devotion"],"picked":"Blasphemy","floor":16},{"not_picked":["EmptyBody","Crescendo"],"picked":"Evaluate+1","floor":18},{"not_picked":["Wallop","EmptyBody+1"],"picked":"Tantrum+1","floor":24},{"not_picked":["Protect+1","ClearTheMind"],"picked":"Wish","floor":31},{"not_picked":["Alpha","Devotion","Omniscience"],"picked":"Brilliance","floor":33},{"not_picked":["WindmillStrike","BattleHymn+1","Prostrate+1"],"picked":"DeceiveReality+1","floor":35},{"not_picked":["JustLucky+1","PathToVictory+1","Consecrate+1","FlurryOfBlows+1"],"picked":"SKIP","floor":36},{"not_picked":["Fasting2+1","EmptyBody","Study+1","FollowUp+1"],"picked":"SKIP","floor":37},{"not_picked":["EmptyBody+1","WreathOfFlame","Prostrate","PathToVictory+1"],"picked":"SKIP","floor":39},{"not_picked":["ClearTheMind","EmptyBody+1","FlyingSleeves","Prostrate+1"],"picked":"SKIP","floor":45},{"not_picked":["Nirvana+1","Meditate","BowlingBash+1","Wireheading+1"],"picked":"SKIP","floor":46},{"not_picked":["FlyingSleeves+1","Study","Protect+1"],"picked":"InnerPeace","floor":48}],"player_experience":489326,"relics_obtained":[{"floor":2,"key":"Juzu Bracelet"},{"floor":4,"key":"Meat on the Bone"},{"floor":9,"key":"Bag of Preparation"},{"floor":11,"key":"Matryoshka"},{"floor":13,"key":"Kunai"},{"floor":26,"key":"Tiny Chest"},{"floor":26,"key":"Centennial Puzzle"},{"floor":27,"key":"Dead Branch"},{"floor":27,"key":"Pantograph"},{"floor":31,"key":"Question Card"},{"floor":38,"key":"Pen Nib"},{"floor":43,"key":"Lantern"},{"floor":46,"key":"Turnip"}],"event_choices":[{"cards_removed":["Defend_P"],"damage_healed":0,"gold_gain":0,"player_choice":"Purged","damage_taken":0,"max_hp_gain":0,"max_hp_loss":0,"event_name":"Purifier","floor":5,"gold_loss":0},{"damage_healed":0,"gold_gain":0,"player_choice":"Ignored","damage_taken":0,"max_hp_gain":0,"max_hp_loss":0,"event_name":"Vampires","floor":19,"gold_loss":0},{"damage_healed":0,"gold_gain":0,"player_choice":"Obtained Relic","damage_taken":0,"relics_obtained":["InkBottle"],"max_hp_gain":0,"max_hp_loss":0,"event_name":"Addict","floor":21,"gold_loss":85},{"damage_healed":0,"gold_gain":0,"player_choice":"Joined the Cult","damage_taken":6,"max_hp_gain":0,"max_hp_loss":0,"event_name":"Nest","floor":22,"gold_loss":0,"cards_obtained":["RitualDagger"]},{"damage_healed":0,"gold_gain":0,"player_choice":"Fight","damage_taken":0,"max_hp_gain":0,"max_hp_loss":0,"event_name":"Colosseum","floor":27,"gold_loss":0},{"damage_healed":0,"gold_gain":0,"player_choice":"Fought Nobs","damage_taken":0,"max_hp_gain":0,"max_hp_loss":0,"event_name":"Colosseum","floor":27,"gold_loss":0},{"damage_healed":0,"gold_gain":0,"player_choice":"Read","damage_taken":0,"max_hp_gain":0,"max_hp_loss":0,"event_name":"The Library","floor":30,"gold_loss":0,"cards_obtained":["TalkToTheHand"]},{"cards_removed":["Strike_P"],"damage_healed":0,"gold_gain":0,"player_choice":"Removed Attack","damage_taken":0,"max_hp_gain":0,"max_hp_loss":0,"event_name":"Falling","floor":42,"gold_loss":0},{"damage_healed":50,"gold_gain":0,"player_choice":"Heal","damage_taken":0,"max_hp_gain":0,"max_hp_loss":0,"event_name":"MindBloom","floor":47,"gold_loss":0,"cards_obtained":["Doubt"]}],"is_beta":false,"boss_relics":[{"not_picked":["Philosopher\u0027s Stone","Snecko Eye"],"picked":"Astrolabe"},{"not_picked":["Velvet Choker","Tiny House"],"picked":"Runic Pyramid"}],"items_purged_floors":[3],"is_endless":false,"potions_floor_spawned":[1,7,11,14,18,27,33,35,36,37,48],"killed_by":"Awakened One","ascension_level":5}}