{"host":"5td1gsj4mnrioltg","time":1613295078,"event":{"mods":["2.2 Compatiblity","AchievementEnabler","Act Like it!","Aspiration","BaseMod","Beaked The Cultist","Better Altar","Better Match","Better Note","Better Sensory Stone","Better Silent Start","Better Skull","Better Third Choice","Better Vampires","BetterRewards","Bossed Relics","Colored Map","Colored Powertips","Displayed Cursed Tome","Downfall","Emptier Cage","Evolution","Friendly Minions","GifTheSpireLib","Highlight Path","Ironclad Rager","Jedi Mod","JesterMod","Mad Scientist","Menagerie","Minty Spire (QoL Compilation)","Permanent Neow","Quick Restart","Reliquary","Replay The Spire","Reworked Bosses","Shade Mod","Spicy Shops","StSLib","The Blue Laboratory","The Dragon Tamer","The Dragonkin","The Druid","The Elementalist","The Marked","The Necromancer","The Runesmith","Thieving Mod","Transform Curses","Wandering Minibosses"],"gold_per_floor":[113,161,211,211,225,225,150,181,206,206,106,125,163,163,163,289,289,302,302,316,416,437,481,134,134,134,134,134,147,172,172,172,295,295,319,9,9,9,9,44,44,79,106,141,154,154,9,38,38,38],"floor_reached":51,"language":"ENG","playtime":2355,"items_purged":["True Grit","True Grit","True Grit","Thunderclap"],"score":1273,"play_id":"d13f7ced-0077-45bf-969d-ac52f2caa034","local_time":"20210214013118","is_ascension_mode":true,"campfire_choices":[{"data":"True Grit","floor":6,"key":"SMITH"},{"data":"Thunderclap","floor":15,"key":"PURGE"},{"data":"jedi:controlledanger","floor":25,"key":"SMITH"},{"data":"Feed","floor":27,"key":"SMITH"},{"data":"ReplayTheSpireMod:Strike From Hell","floor":32,"key":"SMITH"},{"data":"Sadistic Nature","floor":41,"key":"SMITH"},{"data":"jedi:forcepush","floor":46,"key":"SMITH"},{"data":"Anger","floor":49,"key":"SMITH"}],"circlet_count":0,"master_deck":["AscendersBane","Thunderclap+1","Thunderclap+1","True Grit+1","Ghostly Armor+1","Anger+1","Feed+1","AbeCurse","jedi:controlledanger+1","ReplayTheSpireMod:Strike From Hell+1","Feed","Shrug It Off","jedi:forcepush+1","Sadistic Nature+1","Fire Breathing+1"],"relics":["Burning Blood","EVO:Axolotl","Pet Ghost","Magic Flower","Vajra","Golden Idol","aspiration:FrozenJewel","Abe\u0027s Treasure","Gremlin Food","ReplayTheSpireMod:TigerMarble","Meat on the Bone","Pandora\u0027s Box","aspiration:SeaSaltIceCream","Burning Blood","Paper Frog","CeramicFish","Regal Pillow","Bag of Marbles","Guardian:PocketSentry"],"acts_visited":["Exordium","TheCity","TheBeyond"],"potions_floor_usage":[16,22,23,33,50,50],"damage_taken":[{"damage":0,"enemies":"2 Louse","floor":1,"turns":2},{"damage":3,"enemies":"Small Slimes","floor":5,"turns":3},{"damage":31,"enemies":"3 Sentries","floor":8,"turns":6},{"damage":0,"enemies":"Jaw Worm","floor":12,"turns":3},{"damage":21,"enemies":"Gremlin Nob","floor":13,"turns":4},{"damage":0,"enemies":"Slime Boss","floor":16,"turns":4},{"damage":0,"enemies":"Chosen","floor":18,"turns":3},{"damage":1,"enemies":"Shell Parasite","floor":20,"turns":4},{"damage":3,"enemies":"Sentry and Sphere","floor":22,"turns":5},{"damage":18,"enemies":"Book of Stabbing","floor":23,"turns":6},{"damage":18,"enemies":"Snecko","floor":29,"turns":4},{"damage":3,"enemies":"Centurion and Healer","floor":30,"turns":3},{"damage":61,"enemies":"bossMod:newChamp","floor":33,"turns":11},{"damage":0,"enemies":"3 Darklings","floor":35,"turns":4},{"damage":26,"enemies":"Nemesis","floor":40,"turns":7},{"damage":20,"enemies":"beaked:SuperParasite","floor":42,"turns":8},{"damage":35,"enemies":"Nemesis","floor":44,"turns":4},{"damage":0,"enemies":"Orb Walker","floor":45,"turns":2},{"damage":0,"enemies":"Jaw Worm Horde","floor":48,"turns":3},{"damage":42,"enemies":"bossMod:newAwakened","floor":50,"turns":15}],"seed_played":"3327262432088276020","potions_obtained":[{"floor":2,"key":"blueLaboratory:CorrosionFlask"},{"floor":8,"key":"Reflective Coating"},{"floor":13,"key":"Fire Potion"},{"floor":16,"key":"Strength Potion"},{"floor":20,"key":"HeartOfIron"},{"floor":23,"key":"Milkshake"},{"floor":29,"key":"blueLaboratory:Moonshine"},{"floor":30,"key":"Block Potion"},{"floor":40,"key":"blueLaboratory:AbyssPotion"},{"floor":44,"key":"blueLaboratory:IronCompound"},{"floor":45,"key":"blueLaboratory:FrostheartPotion"}],"is_trial":false,"path_per_floor":["M","?","?","?","M","R","$","E","T","?","$","M","E","?","R_BF","B",null,"M","?","M","?","M","E","$","R","T","R","?","M","M","T","R","B",null,"M","$","?","?","$","E","R","E","T","E","M","R","$","M","R","B",null],"character_chosen":"IRONCLAD","items_purchased":["jedi:controlledanger","aspiration:SeaSaltIceCream","Shrug It Off","Guardian:PocketSentry"],"campfire_rested":0,"item_purchase_floors":[24,36,36,47],"current_hp_per_floor":[80,48,48,48,51,51,51,26,26,26,26,35,23,8,8,17,61,70,70,76,76,79,70,70,70,70,70,79,76,87,87,87,53,79,87,87,87,87,87,79,79,77,77,78,87,87,87,90,90,75],"gold":38,"neow_bonus":"REMOVE_CARD","is_daily":false,"chose_seed":false,"campfire_upgraded":7,"win_rate":0.0,"timestamp":1613295078,"path_taken":["M","?","?","?","M","R","$","E","T","?","$","?","E","?","R_BF","BOSS","M","?","M","?","?","E","$","R","T","R","?","?","M","?","R","BOSS","M","$","?","?","?","E","R","E","T","E","M","R","?","?","R","BOSS"],"items_purchased_type":["Card","Relic","Card","Relic"],"build_version":"2020-12-22","purchased_purges":4,"victory":true,"max_hp_per_floor":[82,82,82,82,82,82,82,82,82,76,76,76,76,76,76,76,76,76,76,76,76,79,79,79,79,79,79,79,83,87,87,87,87,87,87,87,87,87,87,87,87,87,87,87,87,87,87,90,90,97],"card_choices":[{"not_picked":["Warcry","Iron Wave","Bloodletting"],"picked":"SKIP","floor":1},{"not_picked":["Sword Boomerang","Shockwave","Bloodletting"],"picked":"SKIP","floor":5},{"not_picked":["Iron Wave","Sword Boomerang"],"picked":"Anger","floor":8},{"not_picked":["ReplayTheSpireMod:LeadingStrike","jedi:collectorstrike","Heavy Blade"],"picked":"SKIP","floor":12},{"not_picked":["Twin Strike","Hemogenesis","Thunderclap"],"picked":"SKIP","floor":13},{"not_picked":["Reaper","jedi:strikingstrike"],"picked":"Feed","floor":16},{"not_picked":["Entrench","Thunderclap+1","Shrug It Off"],"picked":"SKIP","floor":18},{"not_picked":["Thunderclap","Carnage","jedi:fear"],"picked":"SKIP","floor":20},{"not_picked":["Anger","Shrug It Off","Clothesline"],"picked":"SKIP","floor":22},{"not_picked":["Fiend Fire","Pommel Strike","Shrug It Off"],"picked":"SKIP","floor":23},{"not_picked":["Dual Wield+1","Defy Death+1","Headbutt+1"],"picked":"SKIP","floor":29},{"not_picked":["Anger","Warcry+1"],"picked":"ReplayTheSpireMod:Strike From Hell","floor":30},{"not_picked":["Eclipse","Corruption"],"picked":"Feed","floor":33},{"not_picked":["Intimidate","Replay:Undeath\u0027s Touch","Clash"],"picked":"SKIP","floor":35},{"not_picked":["Replay:Sssssssssshield","Discovery"],"picked":"jedi:forcepush","floor":38},{"not_picked":["Master of Strategy","Bandage Up"],"picked":"Sadistic Nature","floor":38},{"not_picked":["jedi:hate","Infernal Blade+1","Hemokinesis+1"],"picked":"SKIP","floor":40},{"not_picked":["Twin Strike+1","jedi:collectorstrike","Run Through"],"picked":"SKIP","floor":42},{"not_picked":["jedi:strikingstrike","Dual Wield","Body Slam"],"picked":"SKIP","floor":44},{"not_picked":["Wild Strike+1","True Grit","Intimidate"],"picked":"SKIP","floor":45},{"not_picked":["Clothesline","Havoc"],"picked":"Fire Breathing+1","floor":48}],"player_experience":1343456,"relics_obtained":[{"floor":2,"key":"Pet Ghost"},{"floor":8,"key":"Magic Flower"},{"floor":9,"key":"Vajra"},{"floor":13,"key":"aspiration:FrozenJewel"},{"floor":23,"key":"Gremlin Food"},{"floor":26,"key":"ReplayTheSpireMod:TigerMarble"},{"floor":31,"key":"Meat on the Bone"},{"floor":40,"key":"Paper Frog"},{"floor":42,"key":"CeramicFish"},{"floor":43,"key":"Regal Pillow"},{"floor":44,"key":"Bag of Marbles"}],"event_choices":[{"damage_healed":0,"gold_gain":0,"player_choice":"Lose Max HP","damage_taken":0,"relics_obtained":["Golden Idol"],"max_hp_gain":0,"max_hp_loss":6,"event_name":"Golden Idol","floor":10,"gold_loss":0},{"damage_healed":23,"gold_gain":0,"player_choice":"Upgrade","damage_taken":15,"max_hp_gain":0,"max_hp_loss":76,"event_name":"betterThird:BetterShining","floor":14,"gold_loss":0,"cards_upgraded":["Thunderclap","Thunderclap"]},{"damage_healed":0,"gold_gain":100,"player_choice":"Pray","damage_taken":0,"max_hp_gain":0,"max_hp_loss":0,"event_name":"Golden Shrine","floor":21,"gold_loss":0},{"damage_healed":9,"gold_gain":0,"player_choice":"Full Heal","damage_taken":0,"max_hp_gain":0,"max_hp_loss":0,"event_name":"Wheel of Change","floor":28,"gold_loss":0},{"damage_healed":0,"gold_gain":3,"player_choice":"1","damage_taken":0,"max_hp_gain":0,"max_hp_loss":0,"event_name":"betterStone:BetterStone","floor":38,"gold_loss":0}],"is_beta":false,"boss_relics":[{"not_picked":["Coffee Dripper","Black Star"],"picked":"Abe\u0027s Treasure"},{"not_picked":["ChewingGum","Runesmith:UraniumAnvil"],"picked":"Pandora\u0027s Box"}],"items_purged_floors":[7,11,24,24],"is_endless":false,"potions_floor_spawned":[8,13,16,20,23,29,30,40,44,45],"ascension_level":11}}