{"host":"ia9e4s524g7bamk7","time":1613308439,"event":{"mods":["AchievementEnabler","BaseMod","Colored Map","Minty Spire (QoL Compilation)","Permanent Neow","Slay-I","slay the spire mod where everything is the same but ironclad has a cowboy hat"],"gold_per_floor":[119,131,131,149,159,187,198,198,198,211,228,228,228],"floor_reached":12,"language":"ENG","playtime":1024,"items_purged":[],"score":101,"play_id":"25988dba-730f-432f-beb6-da7c14a53ec1","local_time":"20210214141359","is_ascension_mode":true,"campfire_choices":[{"data":"Enlightenment","floor":8,"key":"SMITH"}],"circlet_count":0,"master_deck":["Strike_G","Strike_G","Strike_G","Strike_G","Strike_G","Defend_G","Defend_G","Defend_G","Defend_G","Defend_G","Survivor","Neutralize","Dodge and Roll","Poisoned Stab","Enlightenment+1","Deadly Poison","Predator","Tactician","Heel Hook","Deflect","Doppelganger","Sucker Punch"],"relics":["Runic Pyramid","Dream Catcher"],"acts_visited":["Exordium"],"potions_floor_usage":[6],"damage_taken":[{"damage":0,"enemies":"Jaw Worm","floor":1,"turns":4},{"damage":1,"enemies":"Cultist","floor":2,"turns":5},{"damage":3,"enemies":"2 Louse","floor":4,"turns":2},{"damage":10,"enemies":"Large Slime","floor":5,"turns":6},{"damage":23,"enemies":"Lagavulin","floor":6,"turns":7},{"damage":3,"enemies":"3 Louse","floor":7,"turns":4},{"damage":14,"enemies":"Looter","floor":10,"turns":3},{"damage":1,"enemies":"Large Slime","floor":11,"turns":6},{"damage":27,"enemies":"Gremlin Nob","floor":12,"turns":3}],"seed_played":"537488445831694544","potions_obtained":[{"floor":1,"key":"Poison Potion"},{"floor":4,"key":"SneckoOil"},{"floor":7,"key":"FearPotion"}],"is_trial":false,"path_per_floor":["M","M","?","M","M","E","M","R","T","M","M","E"],"character_chosen":"THE_SILENT","items_purchased":[],"campfire_rested":0,"item_purchase_floors":[],"current_hp_per_floor":[70,69,69,66,56,33,30,30,30,16,15,0,0],"gold":228,"neow_bonus":"BOSS_RELIC","is_daily":false,"chose_seed":false,"campfire_upgraded":1,"win_rate":0.0,"timestamp":1613308439,"path_taken":["M","M","?","?","M","E","M","R","T","M","M","E"],"items_purchased_type":[],"build_version":"2020-12-22","purchased_purges":0,"victory":false,"max_hp_per_floor":[70,70,70,70,70,70,70,70,70,70,70,70,70],"card_choices":[{"not_picked":["Sucker Punch","Acrobatics"],"picked":"Dodge and Roll","floor":1},{"not_picked":["Skewer","Dagger Spray"],"picked":"Poisoned Stab","floor":2},{"not_picked":["Dagger Spray","Sucker Punch"],"picked":"Predator","floor":4},{"not_picked":["Dagger Spray","Sucker Punch"],"picked":"Tactician","floor":5},{"not_picked":["Terror","Riddle With Holes"],"picked":"Heel Hook","floor":6},{"not_picked":["Flying Knee","Tactician"],"picked":"Deflect","floor":7},{"not_picked":["Caltrops","Cloak And Dagger"],"picked":"Doppelganger","floor":10},{"not_picked":["Distraction","Underhanded Strike"],"picked":"Sucker Punch","floor":11}],"player_experience":349410,"relics_obtained":[{"floor":6,"key":"Dream Catcher"}],"event_choices":[{"damage_healed":0,"gold_gain":0,"player_choice":"2 cards matched","damage_taken":0,"max_hp_gain":0,"max_hp_loss":0,"event_name":"Match and Keep!","floor":3,"gold_loss":0,"cards_obtained":["Enlightenment","Deadly Poison"]}],"is_beta":false,"boss_relics":[],"items_purged_floors":[],"is_endless":false,"potions_floor_spawned":[1,4,7],"killed_by":"Gremlin Nob","ascension_level":4}}