{"host":"qy1e0kd24tpj3i2m","time":1613335604,"event":{"mods":["Act Like it!","BaseMod","Better Skull","Better Vampires","Colored Map","Colored Powertips","Custom Start","Faster Ascension Climbing","Friendly Minions","GifTheSpireLib","Gremlin Skip","Highlight Path","Minty Spire (QoL Compilation)","Permanent Neow","Poor People Problems","Quick Restart","Red Circlet Mod","Relic Filter Mod","Relic Sorter","Reorder Act Four","SacredBarkPlus","Shop Mod","StSLib","SuperFastMode","Transform Curses","没有小屋子和绿帽子啦"],"gold_per_floor":[113,126,126,138,156,156,170,185,185,204,220,108,108,128,128,128,128],"floor_reached":16,"language":"ZHS","playtime":456,"items_purged":["Bash"],"score":196,"play_id":"966c6731-cb3f-42be-896d-c02b6bde041e","local_time":"20210215054644","is_ascension_mode":true,"campfire_choices":[{"data":"Injury","floor":6.0,"key":"PURGE"},{"data":"True Grit","floor":15.0,"key":"SMITH"}],"circlet_count":0,"master_deck":["AscendersBane","Strike_R","Strike_R","Strike_R","Strike_R","Strike_R","Defend_R","Defend_R","Defend_R","Defend_R","Carnage","True Grit+1","Reckless Charge","Pommel Strike","Bludgeon","Feel No Pain","Anger","Metallicize","True Grit","Iron Wave","Flex","Fiend Fire","Dark Embrace","Power Through","Pommel Strike"],"relics":["Burning Blood","Peace Pipe","Prayer Wheel","Eternal Feather","Calipers"],"acts_visited":["Exordium"],"potions_floor_usage":[16],"damage_taken":[{"damage":14.0,"enemies":"Jaw Worm","floor":1.0,"turns":5.0},{"damage":1.0,"enemies":"Cultist","floor":2.0,"turns":3.0},{"damage":13.0,"enemies":"2 Louse","floor":4.0,"turns":3.0},{"damage":14.0,"enemies":"Blue Slaver","floor":5.0,"turns":3.0},{"damage":10.0,"enemies":"Large Slime","floor":7.0,"turns":4.0},{"damage":5.0,"enemies":"3 Louse","floor":8.0,"turns":2.0},{"damage":4.0,"enemies":"Red Slaver","floor":10.0,"turns":3.0},{"damage":3.0,"enemies":"Exordium Thugs","floor":11.0,"turns":4.0},{"damage":17.0,"enemies":"Large Slime","floor":14.0,"turns":6.0},{"damage":24,"enemies":"The Guardian","floor":16,"turns":13}],"seed_played":"595767263558107361","potions_obtained":[{"floor":5.0,"key":"Energy Potion"},{"floor":14.0,"key":"BlessingOfTheForge"}],"is_trial":false,"path_per_floor":["M","M","?","M","M","R","M","M","T","M","M","$","?","M","R","B"],"character_chosen":"IRONCLAD","items_purchased":["Dark Embrace"],"campfire_rested":0,"item_purchase_floors":[12],"current_hp_per_floor":[60,65,65,58,50,50,46,47,47,49,52,52,47,36,51,27,27],"gold":128,"neow_bonus":"ONE_RARE_RELIC","is_daily":false,"chose_seed":false,"campfire_upgraded":1,"win_rate":0.0,"timestamp":1613335604,"path_taken":["M","M","?","?","?","R","?","M","T","M","?","$","?","M","R","BOSS"],"items_purchased_type":["Card"],"build_version":"2020-12-22","purchased_purges":1,"victory":false,"max_hp_per_floor":[75,75,75,75,75,75,75,75,75,75,75,75,75,75,75,75,75],"card_choices":[{"not_picked":["Pommel Strike","Sword Boomerang"],"picked":"Reckless Charge","floor":1.0},{"not_picked":["Clash","Cleave"],"picked":"Carnage","floor":2.0},{"not_picked":["Pummel","Headbutt"],"picked":"True Grit","floor":4.0},{"not_picked":["Heavy Blade","Cleave"],"picked":"Reckless Charge","floor":4.0},{"not_picked":["Iron Wave","Havoc"],"picked":"Pommel Strike","floor":5.0},{"not_picked":["Iron Wave","Clash"],"picked":"Bludgeon","floor":5.0},{"not_picked":["Flex","True Grit"],"picked":"Feel No Pain","floor":7.0},{"not_picked":["Flex","Shockwave"],"picked":"Anger","floor":7.0},{"not_picked":["Armaments","Iron Wave"],"picked":"Metallicize","floor":8.0},{"not_picked":["Shockwave","Headbutt"],"picked":"True Grit","floor":8.0},{"not_picked":["Infernal Blade","Perfected Strike"],"picked":"Iron Wave","floor":10.0},{"not_picked":["Warcry","True Grit"],"picked":"Flex","floor":10.0},{"not_picked":["Disarm","Clothesline"],"picked":"Fiend Fire","floor":11.0},{"not_picked":["Perfected Strike","Clothesline","Armaments"],"picked":"SKIP","floor":11.0},{"not_picked":["Sever Soul","Fiend Fire"],"picked":"Power Through","floor":14.0},{"not_picked":["Clash","Headbutt"],"picked":"Pommel Strike","floor":14.0}],"player_experience":1039517,"relics_obtained":[{"floor":9.0,"key":"Eternal Feather"}],"event_choices":[{"cards_removed":["Reckless Charge"],"damage_healed":0.0,"max_hp_gain":0.0,"max_hp_loss":0.0,"gold_gain":0.0,"event_name":"WeMeetAgain","player_choice":"Gave Card","floor":3.0,"gold_loss":0.0,"damage_taken":0.0,"relics_obtained":["Prayer Wheel"]},{"damage_healed":0.0,"max_hp_gain":0.0,"max_hp_loss":0.0,"gold_gain":0.0,"event_name":"Scrap Ooze","player_choice":"Success","floor":13.0,"gold_loss":0.0,"damage_taken":5.0,"relics_obtained":["Calipers"]}],"is_beta":false,"boss_relics":[],"items_purged_floors":[12],"is_endless":false,"potions_floor_spawned":[5,14],"killed_by":"The Guardian","ascension_level":20}}