{"host":"dey9j018cvpdh1nv","time":1613262069,"event":{"mods":["BaseMod","Downfall","Minty Spire (QoL Compilation)","Replay The Spire","StSLib","The Cursed"],"gold_per_floor":[117,49,49,124,49,49,83,83,129,129,147,176,176,203,203,303,303,321,340,353,628,384,384,394,394,418,431,108,124,124,124],"floor_reached":30,"language":"ENG","playtime":4783,"items_purged":["TheCursedMod:Strike_TheCursed","TheCursedMod:Strike_TheCursed","TheCursedMod:Defend_TheCursed"],"score":271,"play_id":"b516b231-7d7e-4a03-9648-2dbaaf3c4260","local_time":"20210213192109","is_ascension_mode":false,"campfire_choices":[{"data":"TheCursedMod:CursedWand","floor":6,"key":"SMITH"},{"data":"TheCursedMod:HellfireBreathing","floor":8,"key":"SMITH"},{"floor":13,"key":"REST"},{"data":"TheCursedMod:Torture","floor":15,"key":"SMITH"},{"data":"TheCursedMod:LuckyCharm","floor":23,"key":"SMITH"},{"data":"TheCursedMod:UltimatePain","floor":25,"key":"SMITH"}],"circlet_count":0,"master_deck":["TheCursedMod:Strike_TheCursed+1","TheCursedMod:Defend_TheCursed","TheCursedMod:Defend_TheCursed","TheCursedMod:Defend_TheCursed","TheCursedMod:CursedWand+1","TheCursedMod:CleanUpWorkshop","TheCursedMod:Dregs","TheCursedMod:VitalStrike+1","TheCursedMod:HellfireBreathing+1","TheCursedMod:SoulCrush","TheCursedMod:Torture+1","TheCursedMod:CircleOfCorruption","TheCursedMod:LuckyCharm+1","TheCursedMod:UltimatePain+1","TheCursedMod:StingEye+1","TheCursedMod:Stigma+1","TheCursedMod:WearCloak","Regret","TheCursedMod:SaltUponWound+1","TheCursedMod:Evocation+1","TheCursedMod:CursedArmor+1"],"relics":["TheCursedMod:BlackMagicAdvanced","NeowsBlessing","White Beast Statue","ReplayTheSpireMod:Lightbulb","Mercury Hourglass","Bronze Scales","Whetstone","Potion Belt","MealTicket"],"acts_visited":["Exordium","TheCity"],"potions_floor_usage":[14,24],"damage_taken":[{"damage":0,"enemies":"Small Slimes","floor":1,"turns":1},{"damage":0,"enemies":"Gremlin Nob","floor":7,"turns":1},{"damage":0,"enemies":"Jaw Worm","floor":11,"turns":1},{"damage":11,"enemies":"Lagavulin","floor":12,"turns":5},{"damage":14,"enemies":"3 Sentries","floor":14,"turns":6},{"damage":10,"enemies":"The Guardian","floor":16,"turns":7},{"damage":0,"enemies":"3 Byrds","floor":18,"turns":2},{"damage":13,"enemies":"2 Thieves","floor":19,"turns":3},{"damage":12,"enemies":"Centurion and Healer","floor":20,"turns":6},{"damage":12,"enemies":"Snecko","floor":24,"turns":4},{"damage":12,"enemies":"Shelled Parasite and Fungi","floor":27,"turns":5},{"damage":16,"enemies":"Cultist and Chosen","floor":29,"turns":4},{"damage":10,"enemies":"Chosen and Byrds","floor":30,"turns":1}],"seed_played":"2934760159463956895","potions_obtained":[{"floor":1,"key":"champ:CounterPotion"},{"floor":11,"key":"LiquidBronze"},{"floor":12,"key":"Fire Potion"},{"floor":14,"key":"DistilledChaos"},{"floor":18,"key":"BlessingOfTheForge"},{"floor":24,"key":"EssenceOfSteel"},{"floor":27,"key":"Block Potion"},{"floor":29,"key":"Adrenaline Potion"}],"is_trial":false,"path_per_floor":["M","$","?","?","$","R","E","R","T","?","M","E","R","E","R","B",null,"M","M","M","?","$","R","M","R","T","M","$","M","M"],"character_chosen":"THE_CURSED","items_purchased":["TheCursedMod:HellfireBreathing","Whetstone","MealTicket","TheCursedMod:Evocation+1"],"campfire_rested":1,"item_purchase_floors":[2,22,28,28],"current_hp_per_floor":[75,75,60,49,49,49,49,49,49,49,49,38,60,46,46,36,75,75,62,50,50,50,50,38,38,38,26,26,10,0,0],"gold":124,"neow_bonus":"THREE_ENEMY_KILL","is_daily":false,"chose_seed":false,"campfire_upgraded":5,"win_rate":0.0,"timestamp":1613262069,"path_taken":["M","$","?","?","?","R","E","R","T","?","M","E","R","E","R","BOSS","M","M","?","?","$","R","M","R","T","M","$","M","M"],"items_purchased_type":["Card","Relic","Relic","Card"],"build_version":"2020-12-22","purchased_purges":3,"victory":false,"max_hp_per_floor":[75,75,75,75,75,75,75,75,75,75,75,75,75,75,75,75,75,75,75,75,75,75,75,75,75,75,75,75,75,75,75],"card_choices":[{"not_picked":["TheCursedMod:SpitefulPlan","TheCursedMod:SpitefulStrike"],"picked":"TheCursedMod:VitalStrike","floor":1},{"not_picked":["TheCursedMod:AshesToAshes","TheCursedMod:TroublousMinions"],"picked":"TheCursedMod:SoulCrush","floor":7},{"not_picked":["TheCursedMod:WearCloak","TheCursedMod:TacticalStrike"],"picked":"TheCursedMod:Torture","floor":11},{"not_picked":["TheCursedMod:SmokeScreen","TheCursedMod:CircleOfAmplification"],"picked":"TheCursedMod:CircleOfCorruption","floor":12},{"not_picked":["TheCursedMod:Wield","TheCursedMod:SoulCrush"],"picked":"TheCursedMod:LuckyCharm","floor":14},{"not_picked":["TheCursedMod:ParallelWorld","TheCursedMod:AntiAging"],"picked":"TheCursedMod:UltimatePain","floor":16},{"not_picked":["TheCursedMod:CursedBoomerang","TheCursedMod:Wield+1"],"picked":"TheCursedMod:StingEye","floor":18},{"not_picked":["TheCursedMod:Evocation","TheCursedMod:SpreadPlague"],"picked":"TheCursedMod:Stigma","floor":19},{"not_picked":["TheCursedMod:CursedBoomerang","TheCursedMod:RapidMovement+1"],"picked":"TheCursedMod:WearCloak","floor":20},{"not_picked":["TheCursedMod:CursedAmulet","TheCursedMod:Stretching","TheCursedMod:WearCloak"],"picked":"SKIP","floor":24},{"not_picked":["TheCursedMod:Obscuration+1","TheCursedMod:CursedShiv"],"picked":"TheCursedMod:SaltUponWound+1","floor":27},{"not_picked":["TheCursedMod:SpitefulPlan","TheCursedMod:RavingStaff"],"picked":"TheCursedMod:CursedArmor+1","floor":29}],"player_experience":2050788,"relics_obtained":[{"floor":7,"key":"White Beast Statue"},{"floor":9,"key":"ReplayTheSpireMod:Lightbulb"},{"floor":12,"key":"Mercury Hourglass"},{"floor":14,"key":"Bronze Scales"},{"floor":26,"key":"Potion Belt"}],"event_choices":[{"damage_healed":0,"gold_gain":0,"player_choice":"Entered Light","damage_taken":15,"max_hp_gain":0,"max_hp_loss":0,"event_name":"Shining Light","floor":3,"gold_loss":0,"cards_upgraded":["TheCursedMod:Strike_TheCursed","TheCursedMod:VitalStrike"]},{"damage_healed":0,"gold_gain":75,"player_choice":"Gather Gold","damage_taken":11,"max_hp_gain":0,"max_hp_loss":0,"event_name":"World of Goop","floor":4,"gold_loss":0},{"cards_removed":["TheCursedMod:Strike_TheCursed"],"damage_healed":0,"gold_gain":0,"player_choice":"Purged","damage_taken":0,"max_hp_gain":0,"max_hp_loss":0,"event_name":"Purifier","floor":10,"gold_loss":0},{"damage_healed":0,"gold_gain":275,"player_choice":"Desecrate","damage_taken":0,"max_hp_gain":0,"max_hp_loss":0,"event_name":"Golden Shrine","floor":21,"gold_loss":0,"cards_obtained":["Regret"]}],"is_beta":false,"boss_relics":[{"not_picked":["Replay:Wanted Poster","ChewingGum"],"picked":"TheCursedMod:BlackMagicAdvanced"}],"items_purged_floors":[5,22,28],"is_endless":false,"potions_floor_spawned":[1,11,12,14,16,18,19,20,24,27,29],"killed_by":"Chosen and Byrds","ascension_level":0}}