{"host":"y4mx56vxqys6xwyn","time":1613265264,"event":{"mods":["BaseMod","Hermit","Minty Spire (QoL Compilation)","StSLib"],"gold_per_floor":[110,110,285,4,22,51,51,81,106,106,134,134,145,156,156,256,256,274,286,286,301,17,43,43,55,55,83,47,63,63,82,82,82,82],"floor_reached":33,"language":"ENG","playtime":1923,"items_purged":["Doubt"],"score":357,"play_id":"f09cce20-91a6-4861-a94c-29b15b669159","local_time":"20210213191424","is_ascension_mode":false,"campfire_choices":[{"data":"Metamorphosis","floor":7,"key":"SMITH"},{"floor":15,"key":"REST"},{"floor":24,"key":"REST"},{"floor":32,"key":"REST"}],"circlet_count":0,"master_deck":["Strike_R+1","Strike_R+1","Strike_R+1","Strike_R+1","Strike_R+1","Defend_R+1","Defend_R+1","Defend_R+1","Defend_R+1","Bash","Good Instincts+1","Cleave+1","Metamorphosis+1","Battle Trance","Offering","Rage","Warcry","Twin Strike+1","Havoc","Feed+1","Inflame+1","Sword Boomerang+1","Twin Strike+1","Metamorphosis","Pommel Strike+1","Madness","Immolate+1","Combust+1","Heavy Blade+1","Combust+1","Havoc+1","Ghostly","Ghostly","Ghostly","Ghostly","Ghostly","Inflame+1"],"relics":["Burning Blood","Regal Pillow","Whetstone","Oddly Smooth Stone","Toy Ornithopter","Molten Egg 2","Runic Pyramid","Frozen Egg 2","Juzu Bracelet","Omamori"],"acts_visited":["Exordium","TheCity"],"potions_floor_usage":[6,10,16,16,23,27,33],"damage_taken":[{"damage":2,"enemies":"Jaw Worm","floor":1,"turns":5},{"damage":0,"enemies":"Small Slimes","floor":5,"turns":3},{"damage":19,"enemies":"Gremlin Nob","floor":6,"turns":4},{"damage":34,"enemies":"Lagavulin","floor":8,"turns":6},{"damage":0,"enemies":"Cultist","floor":10,"turns":1},{"damage":18,"enemies":"3 Sentries","floor":11,"turns":3},{"damage":6,"enemies":"2 Fungi Beasts","floor":13,"turns":3},{"damage":12,"enemies":"Blue Slaver","floor":14,"turns":4},{"damage":51,"enemies":"The Guardian","floor":16,"turns":9},{"damage":28,"enemies":"2 Thieves","floor":18,"turns":4},{"damage":6,"enemies":"Shell Parasite","floor":19,"turns":4},{"damage":7,"enemies":"Cultist and Chosen","floor":21,"turns":3},{"damage":18,"enemies":"Book of Stabbing","floor":23,"turns":3},{"damage":19,"enemies":"Chosen and Byrds","floor":25,"turns":4},{"damage":40,"enemies":"Slavers","floor":27,"turns":4},{"damage":27,"enemies":"Shelled Parasite and Fungi","floor":29,"turns":5},{"damage":6,"enemies":"Snake Plant","floor":31,"turns":4},{"damage":62,"enemies":"Automaton","floor":33,"turns":6}],"seed_played":"-4699078993013642124","potions_obtained":[{"floor":1,"key":"LiquidMemories"},{"floor":8,"key":"SmokeBomb"},{"floor":11,"key":"SneckoOil"},{"floor":13,"key":"Swift Potion"},{"floor":19,"key":"SpeedPotion"},{"floor":21,"key":"Block Potion"},{"floor":25,"key":"BlessingOfTheForge"},{"floor":31,"key":"Regen Potion"}],"is_trial":false,"path_per_floor":["M","?","?","$","M","E","R","E","T","M","E","?","M","M","R","B",null,"M","M","?","M","$","E","R","M","T","E","$","M","?","M","R","B"],"character_chosen":"IRONCLAD","items_purchased":["Metamorphosis","Thunderclap","Metamorphosis","Pommel Strike+1","Madness","Combust+1"],"campfire_rested":3,"item_purchase_floors":[4,4,22,22,22,28],"current_hp_per_floor":[80,64,64,64,70,57,57,29,29,35,23,23,23,17,56,21,80,58,58,58,61,61,54,84,75,75,50,50,29,29,33,50,0,0],"gold":82,"neow_bonus":"RANDOM_COLORLESS","is_daily":false,"chose_seed":false,"campfire_upgraded":1,"win_rate":0.0,"timestamp":1613265264,"path_taken":["M","?","?","$","M","E","R","E","T","M","E","?","?","M","R","BOSS","M","M","?","M","$","E","R","M","T","E","$","M","?","M","R","BOSS"],"items_purchased_type":["Card","Card","Card","Card","Card","Card"],"build_version":"2020-12-22","purchased_purges":1,"victory":false,"max_hp_per_floor":[80,80,80,80,80,80,80,80,80,80,80,80,80,80,80,80,80,80,80,80,84,84,84,84,88,88,92,92,92,46,50,50,50,50],"card_choices":[{"not_picked":["Blind","Impatience"],"picked":"Good Instincts","floor":0},{"not_picked":["Flex","Searing Blow"],"picked":"Cleave","floor":1},{"not_picked":["Flex","True Grit"],"picked":"Battle Trance","floor":5},{"not_picked":["Shrug It Off","Carnage"],"picked":"Offering","floor":6},{"not_picked":["Ghostly Armor","Cleave"],"picked":"Rage","floor":8},{"not_picked":["Armaments","Clothesline"],"picked":"Warcry","floor":11},{"not_picked":["Reckless Charge+1","Flex"],"picked":"Twin Strike+1","floor":13},{"not_picked":["Reckless Charge+1","Flex"],"picked":"Havoc","floor":14},{"not_picked":["Juggernaut","Berserk"],"picked":"Feed+1","floor":16},{"not_picked":["True Grit","Armaments"],"picked":"Inflame+1","floor":18},{"not_picked":["Dark Embrace","Combust"],"picked":"Sword Boomerang+1","floor":19},{"not_picked":["Clash+1","Feel No Pain"],"picked":"Twin Strike+1","floor":21},{"not_picked":["Cleave+1","Armaments+1"],"picked":"Immolate+1","floor":23},{"not_picked":["Burning Pact","Body Slam+1"],"picked":"Combust+1","floor":25},{"not_picked":["True Grit","Wild Strike+1"],"picked":"Heavy Blade+1","floor":27},{"not_picked":["Whirlwind+1","Clash+1"],"picked":"Havoc+1","floor":29},{"not_picked":["Body Slam+1","Cleave+1"],"picked":"Inflame+1","floor":31}],"player_experience":34836,"relics_obtained":[{"floor":6,"key":"Regal Pillow"},{"floor":8,"key":"Whetstone"},{"floor":9,"key":"Oddly Smooth Stone"},{"floor":11,"key":"Toy Ornithopter"},{"floor":23,"key":"Frozen Egg 2"},{"floor":26,"key":"Juzu Bracelet"},{"floor":27,"key":"Omamori"}],"event_choices":[{"damage_healed":0,"gold_gain":0,"player_choice":"Entered Light","damage_taken":16,"max_hp_gain":0,"max_hp_loss":0,"event_name":"Shining Light","floor":2,"gold_loss":0,"cards_upgraded":["Good Instincts","Defend_R"]},{"damage_healed":0,"gold_gain":175,"player_choice":"AGREE","damage_taken":0,"max_hp_gain":0,"max_hp_loss":0,"event_name":"Liars Game","floor":3,"gold_loss":0,"cards_obtained":["Doubt"]},{"cards_removed":["Thunderclap"],"damage_healed":0,"gold_gain":0,"player_choice":"Gave Card","damage_taken":0,"relics_obtained":["Molten Egg 2"],"max_hp_gain":0,"max_hp_loss":0,"event_name":"WeMeetAgain","floor":12,"gold_loss":0},{"damage_healed":0,"gold_gain":0,"player_choice":"Simplicity","damage_taken":0,"max_hp_gain":0,"max_hp_loss":0,"event_name":"Back to Basics","floor":20,"gold_loss":0,"cards_upgraded":["Strike_R","Strike_R","Strike_R","Strike_R","Defend_R","Defend_R","Defend_R"]},{"damage_healed":0,"gold_gain":0,"player_choice":"Became a Ghost","damage_taken":0,"max_hp_gain":0,"max_hp_loss":46,"event_name":"Ghosts","floor":30,"gold_loss":0,"cards_obtained":["Ghostly","Ghostly","Ghostly","Ghostly","Ghostly"]}],"is_beta":false,"boss_relics":[{"not_picked":["Tiny House","Empty Cage"],"picked":"Runic Pyramid"}],"items_purged_floors":[4],"is_endless":false,"potions_floor_spawned":[1,8,11,13,19,21,25,31],"killed_by":"Automaton","ascension_level":0}}