{"host":"1445u9fdo06cpl2a","time":1613309910,"event":{"mods":["AchievementEnabler","Aspiration","Astrologer","Bard","BaseMod","Better Skull","BetterRewards","Colored Map","Colored Powertips","Conspire","Curses Come First","DeckTracker","Duelist Mod","GifTheSpireLib","GungeonMod","Halation","Hermit","Highlight Path","Hubris","Infinite Spire","Minty Spire (QoL Compilation)","Permanent Neow","Random Character Button","Rare Cards Sparkle","Replay The Spire","Shop Mod","Spire Arcade","StSLib","Stuff the Spire","Td1madao Mod","The Blackbeard","The Bladedancer","The Construct","The Cursed","The Forsaken","The Gatherer","The Hierophant","The Marked","The Mystic","The Necromancer","The Poker Player","The Runesmith","The Saiyan"],"gold_per_floor":[111,111,123,139,214,249,249,263,311,311,261,261,261,393,393,488,488,498,498,598,580,592,592,712,712,712,662,662,678,806,821,840,855,855,955,955,967,984,1000,950,964,1104,1104,1204,1204,1215,1215,1234,1234,1334,1334,1433,1433,1438,1438,1442,1445,1445,1527,1527,1527,1527,1527,1534,1534,1484,1484,1484,1568,1568,1571,1576,1576,1578,1528,1616,1616,1616,1643,1631,1631,1729,1732,1734,1734,1805,1805,1810,1814,1822,1800,1804,1888,1884,1879,1879,1865,1974,1974,1621,1621,1621,1675,1675,1688,1688,1687,1696,1696,1815,1819,1825,1873,2253,2253,2253,1836,1838,1838,1922,1922,1930,1919,1844,1851,1851,1957,1969,1978,2035,2047,2063,2081,1970,1975,1975,2054,2054,2053,2053,2053,2053,2059,2158,2158,2157,2157,2157,1748,1729,1719,1823,1823,1834,1934,1934,1605,1721,1822],"floor_reached":160,"language":"ENG","playtime":10375,"items_purged":["theForsaken:TheForsaken_Strike","theForsaken:TheForsaken_Strike","theForsaken:StoreUp","theForsaken:TheForsaken_Strike","theForsaken:TheForsaken_Defend","theForsaken:TheForsaken_Defend","theForsaken:TheForsaken_Defend","theForsaken:HorrifyingStrike+1","theForsaken:StoreUp+1"],"score":4320,"play_id":"26f9dca0-43ad-4f27-87ae-2bdfcdedda09","local_time":"20210214133830","is_ascension_mode":false,"campfire_choices":[{"data":"theForsaken:Smite","floor":7.0,"key":"SMITH"},{"data":"theForsaken:Penitence","floor":10.0,"key":"SMITH"},{"data":"theForsaken:WrathOfGod","floor":13.0,"key":"SMITH"},{"data":"theForsaken:WrathOfGod+1","floor":15.0,"key":"SMITH"},{"data":"theForsaken:Bolster","floor":23.0,"key":"SMITH"},{"data":"theForsaken:Confusion","floor":34.0,"key":"SMITH"},{"data":"theForsaken:QuickAttack","floor":43.0,"key":"SMITH"},{"data":"theForsaken:DarkBargain","floor":47.0,"key":"SMITH"},{"data":"theForsaken:Purification","floor":49.0,"key":"SMITH"},{"data":"theForsaken:QuickAttack","floor":51.0,"key":"SMITH"},{"floor":61.0,"key":"REST"},{"data":"ReplayTheSpireMod:Black Plague","floor":63.0,"key":"SMITH"},{"data":"theForsaken:SacredOath","floor":65.0,"key":"SMITH"},{"data":"theForsaken:HymnOfPatience","floor":68.0,"key":"SMITH"},{"floor":77.0,"key":"REST"},{"data":"infinitespire:UltimateForm","floor":81.0,"key":"SMITH"},{"data":"theForsaken:Preservation","floor":85.0,"key":"SMITH"},{"floor":99.0,"key":"REST"},{"data":"theForsaken:DesperatePlea","floor":102.0,"key":"SMITH"},{"data":"Replay:Fractal Strike","floor":119.0,"key":"SMITH"},{"data":"theForsaken:DefensiveStance","floor":128.0,"key":"SMITH"},{"data":"theForsaken:DefensiveStance","floor":136.0,"key":"SMITH"},{"data":"infinitespire:NeuralNetwork","floor":148,"key":"SMITH"},{"data":"Madness","floor":153,"key":"SMITH"},{"data":"Madness","floor":156,"key":"SMITH"}],"circlet_count":0,"master_deck":["theForsaken:Smite+1","theForsaken:Penitence+1","theForsaken:QuickAttack+1","theForsaken:WrathOfGod+3","theForsaken:Preservation+1","theForsaken:Confusion+1","theForsaken:Bolster+1","theForsaken:HymnOfPatience+1","theForsaken:ShieldCharge+1","theForsaken:HymnOfPatience+1","theForsaken:QuickAttack+1","theForsaken:DarkBargain+1","theForsaken:Purification+1","theForsaken:CleansingLight+1","theForsaken:SacredOath+1","theForsaken:SpreadingPlague+1","ReplayTheSpireMod:Black Plague+1","infinitespire:UltimateForm+1","theForsaken:PanicDive","theForsaken:DesperatePlea+1","theForsaken:SacredOath","theForsaken:DefensiveStance+1","Replay:Fractal Strike+1","theForsaken:DefensiveStance+1","Madness+1","Madness+1","infinitespire:NeuralNetwork+1","theForsaken:TearsOfSunlight"],"relics":["theForsaken:JudgementScales","Smiling Mask","DemoMod:GreenGuonStone","StuffTheSpire:TintedRock","hubris:TenFootPole","aspiration:AnachronicSnailShell","Bronze Scales","hubris:Stopwatch","aspiration:TomeofQuesting","Pet Ghost","infinitespire:EmpoweringShard","conspire:RoyalGoblet","conspire:Dentures","StuffTheSpire:GrapeVine","StuffTheSpire:ForceGauntlet","Regal Pillow","Busted Crown","Mango","conspire:BottledYoYo","Painkiller Herb","StuffTheSpire:NeowsTribute","DemoMod:ClearGuonStone","StuffTheSpire:Tea","ReplayTheSpireMod:TigerMarble","halation:VictoryRuler","Onion Ring","Membership Card","Bag of Preparation","MealTicket","aspiration:BabyByrd","Shuriken","Dream Catcher","Old Coin","Vajra","halation:EternalFortune","Runesmith:Nanobots","CaptainsWheel","TheAbacus","MawBank","hubris:ToyBattleship","Whetstone","halation:PapillonHeart","Blood Vial","Ginger","hubris:MedicalManual","halation:Jellyphish","Girya","conspire:Flyswatter","Replay:Wax Seal","Replay:Wanted Poster","Mirror","aspiration:VileToxins","MerchantsRug","infinitespire:Midas Blood"],"acts_visited":["Exordium","TheCity","TheBeyond","Exordium","TheCity","TheBeyond","Exordium","TheCity","TheBeyond","TheEnding"],"potions_floor_usage":[154,154,154],"damage_taken":[{"damage":10.0,"enemies":"Jaw Worm","floor":1.0,"turns":5.0},{"damage":0.0,"enemies":"2 Louse","floor":3.0,"turns":4.0},{"damage":0.0,"enemies":"Cultist","floor":4.0,"turns":5.0},{"damage":11.0,"enemies":"3 Sentries","floor":6.0,"turns":11.0},{"damage":0.0,"enemies":"Large Slime","floor":8.0,"turns":6.0},{"damage":8.0,"enemies":"Replay:BlueRogue","floor":14.0,"turns":6.0},{"damage":13.0,"enemies":"Hexaghost","floor":16.0,"turns":11.0},{"damage":0.0,"enemies":"conspire:FuzzyDice","floor":18.0,"turns":8.0},{"damage":0.0,"enemies":"2 Thieves","floor":21.0,"turns":4.0},{"damage":6.0,"enemies":"Shelled Parasite and Fungi","floor":22.0,"turns":8.0},{"damage":12.0,"enemies":"Nightmare","floor":24.0,"turns":9.0},{"damage":5.0,"enemies":"Snake Plant","floor":29.0,"turns":4.0},{"damage":0.0,"enemies":"theDuelist:KaibaA2","floor":30.0,"turns":5.0},{"damage":8.0,"enemies":"Centurion and Healer","floor":31.0,"turns":5.0},{"damage":0.0,"enemies":"conspire:HollyBat","floor":32.0,"turns":7.0},{"damage":11.0,"enemies":"Cultist and Chosen","floor":33.0,"turns":6.0},{"damage":37.0,"enemies":"hubris:MusketHawk","floor":35.0,"turns":10.0},{"damage":0.0,"enemies":"3 Darklings","floor":37.0,"turns":5.0},{"damage":1.0,"enemies":"Orb Walker","floor":38.0,"turns":3.0},{"damage":4.0,"enemies":"Jaw Worm Horde","floor":39.0,"turns":5.0},{"damage":4.0,"enemies":"Transient","floor":41.0,"turns":5.0},{"damage":13.0,"enemies":"Nemesis","floor":42.0,"turns":5.0},{"damage":14.0,"enemies":"Nightmare","floor":44.0,"turns":10.0},{"damage":6.0,"enemies":"4 Shapes","floor":46.0,"turns":6.0},{"damage":19.0,"enemies":"Sphere and 2 Shapes","floor":48.0,"turns":6.0},{"damage":0.0,"enemies":"Nemesis","floor":50.0,"turns":3.0},{"damage":69.0,"enemies":"Donu and Deca","floor":52.0,"turns":16.0},{"damage":0.0,"enemies":"2 Louse","floor":54.0,"turns":1.0},{"damage":0.0,"enemies":"Jaw Worm","floor":56.0,"turns":2.0},{"damage":0.0,"enemies":"Cultist","floor":57.0,"turns":2.0},{"damage":57.0,"enemies":"Nightmare","floor":59.0,"turns":10.0},{"damage":0.0,"enemies":"3 Louse","floor":64.0,"turns":3.0},{"damage":3.0,"enemies":"2 Fungi Beasts","floor":67.0,"turns":2.0},{"damage":0.0,"enemies":"The Guardian","floor":69.0,"turns":4.0},{"damage":0.0,"enemies":"Spheric Guardian","floor":71.0,"turns":2.0},{"damage":0.0,"enemies":"Chosen","floor":72.0,"turns":2.0},{"damage":9.0,"enemies":"Centurion and Healer","floor":74.0,"turns":3.0},{"damage":56.0,"enemies":"Nightmare","floor":76.0,"turns":6.0},{"damage":0.0,"enemies":"Snecko","floor":78.0,"turns":2.0},{"damage":8.0,"enemies":"Cultist and Chosen","floor":80.0,"turns":5.0},{"damage":3.0,"enemies":"conspire:Head Lice","floor":82.0,"turns":6.0},{"damage":8.0,"enemies":"Chosen and Byrds","floor":83.0,"turns":4.0},{"damage":1.0,"enemies":"Centurion and Healer","floor":84.0,"turns":3.0},{"damage":0.0,"enemies":"Automaton","floor":86.0,"turns":6.0},{"damage":12.0,"enemies":"3 Darklings","floor":88.0,"turns":4.0},{"damage":16.0,"enemies":"Orb Walker","floor":89.0,"turns":3.0},{"damage":0.0,"enemies":"Spire Growth","floor":90.0,"turns":2.0},{"damage":26.0,"enemies":"3 Darklings","floor":91.0,"turns":7.0},{"damage":7.0,"enemies":"Jaw Worm Horde","floor":92.0,"turns":4.0},{"damage":2.0,"enemies":"Nightmare","floor":93.0,"turns":5.0},{"damage":7.0,"enemies":"Spire Growth","floor":94.0,"turns":3.0},{"damage":4.0,"enemies":"Sphere and 2 Shapes","floor":95.0,"turns":3.0},{"damage":19.0,"enemies":"3 Darklings","floor":97.0,"turns":6.0},{"damage":46.0,"enemies":"Reptomancer","floor":98.0,"turns":5.0},{"damage":27.0,"enemies":"hubris:GrandSnecko","floor":103.0,"turns":10.0},{"damage":0.0,"enemies":"Cultist","floor":105.0,"turns":1.0},{"damage":0.0,"enemies":"Jaw Worm","floor":107.0,"turns":2.0},{"damage":0.0,"enemies":"2 Louse","floor":108.0,"turns":1.0},{"damage":0.0,"enemies":"Nightmare","floor":110.0,"turns":1.0},{"damage":0.0,"enemies":"Large Slime","floor":111.0,"turns":3.0},{"damage":0.0,"enemies":"3 Louse","floor":112.0,"turns":1.0},{"damage":0.0,"enemies":"Lagavulin","floor":114.0,"turns":4.0},{"damage":0.0,"enemies":"Blue Slaver","floor":118.0,"turns":2.0},{"damage":0.0,"enemies":"Hexaghost","floor":120.0,"turns":2.0},{"damage":0.0,"enemies":"Spheric Guardian","floor":122.0,"turns":1.0},{"damage":2.0,"enemies":"3 Byrds","floor":123.0,"turns":3.0},{"damage":0.0,"enemies":"Snake Plant","floor":125.0,"turns":1.0},{"damage":0.0,"enemies":"Nightmare","floor":127.0,"turns":4.0},{"damage":0.0,"enemies":"Centurion and Healer","floor":129.0,"turns":3.0},{"damage":0.0,"enemies":"Sentry and Sphere","floor":132.0,"turns":2.0},{"damage":0.0,"enemies":"Snecko","floor":133.0,"turns":2.0},{"damage":0.0,"enemies":"Shelled Parasite and Fungi","floor":135.0,"turns":1.0},{"damage":2.0,"enemies":"conspire:MysteriousRune","floor":137.0,"turns":4.0},{"damage":0.0,"enemies":"3 Shapes","floor":139.0,"turns":5.0},{"damage":0.0,"enemies":"Orb Walker","floor":143.0,"turns":1.0},{"damage":6.0,"enemies":"Nightmare_Alpha","floor":144.0,"turns":4.0},{"damage":34,"enemies":"Writhing Mass","floor":146,"turns":3},{"damage":0,"enemies":"4 Shapes","floor":150,"turns":4},{"damage":0,"enemies":"Maw","floor":151,"turns":4},{"damage":20,"enemies":"Reptomancer","floor":152,"turns":3},{"damage":74,"enemies":"infinitespire:LordOfFortification","floor":154,"turns":9},{"damage":0,"enemies":"Shield and Spear","floor":158,"turns":3},{"damage":21,"enemies":"The Heart","floor":159,"turns":6}],"seed_played":"-1649169966571877971","potions_obtained":[{"floor":1.0,"key":"Weak Potion"},{"floor":4.0,"key":"Weak Potion"},{"floor":8.0,"key":"Swift Potion"},{"floor":21.0,"key":"Swift Potion"},{"floor":31.0,"key":"Explosive Potion"},{"floor":33.0,"key":"Energy Potion"},{"floor":35.0,"key":"Energy Potion"},{"floor":37.0,"key":"Swift Potion"},{"floor":41.0,"key":"ColorlessPotion"},{"floor":50.0,"key":"DistilledChaos"},{"floor":54.0,"key":"SteroidPotion"},{"floor":64.0,"key":"construct:ShiftPotion"},{"floor":67.0,"key":"LifebloodPotion"},{"floor":69.0,"key":"Elixir"},{"floor":80.0,"key":"Energy Potion"},{"floor":82.0,"key":"LifebloodPotion"},{"floor":83.0,"key":"SkillPotion"},{"floor":84.0,"key":"Energy Potion"},{"floor":86.0,"key":"theForsaken:FearPotion"},{"floor":92.0,"key":"Strength Potion"},{"floor":94.0,"key":"SpeedPotion"},{"floor":97.0,"key":"Swift Potion"},{"floor":98.0,"key":"Adrenaline Potion"},{"floor":105.0,"key":"Toxic Potion"},{"floor":107.0,"key":"SneckoOil"},{"floor":111.0,"key":"Ancient Potion"},{"floor":114.0,"key":"GamblersBrew"},{"floor":118.0,"key":"infinitespire:BlackPotion"},{"floor":123.0,"key":"DuplicationPotion"},{"floor":125.0,"key":"theForsaken:FearPotion"},{"floor":154,"key":"Milkshake"},{"floor":158,"key":"Swift Potion"}],"is_trial":false,"path_per_floor":["M","?","M","M","?","E","R","M","T","R","?","?","R","E","R","B",null,"M","?","?","M","M","R","NM","PTL","PTL","$","T","M","E","M","M","M","R","B",null,"M","M","M","$","M","E","R","NM","T","M","R","M","R","E","R","B",null,"M","?","M","M","?","NM","AVR","R","T","R","M","R","$","M","R","B",null,"?","?","?","?","T","NM","T","?","T","?","T","E","?","?","T","B",null,"?","?","?","?","?","NM","?","?","T","?","E","T","T","?","T","B",null,"?","?","?","?","AVR","NM","?","?","T","E","?","?","T","?","T","B",null,"?","?","?","?","?","NM","T","?","T","AVR","?","?","T","?","T","B",null,"?","?","?","T","?","NM","AVR","?","T","T","T","?","?","E","T","B",null,"T","T","E","B",null],"character_chosen":"THE_FORSAKEN","items_purchased":["Membership Card","Bag of Preparation","MealTicket","Runesmith:Nanobots","CaptainsWheel","TheAbacus","theForsaken:DefensiveStance","Whetstone","Blood Vial","halation:Jellyphish","Girya","conspire:Flyswatter","Mirror","aspiration:VileToxins","MerchantsRug"],"campfire_rested":3,"item_purchase_floors":[100,100,100,117,117,117,117,134,142,149,149,149,157,157,157],"current_hp_per_floor":[58,46,46,46,40,35,35,49,49,49,49,49,49,56,56,65,65,65,65,65,65,65,65,65,65,65,65,65,60,65,62,62,56,56,19,65,65,64,63,63,61,60,60,51,51,51,51,43,43,43,43,7,65,65,65,65,65,65,27,27,65,65,65,65,65,65,62,62,62,79,79,79,79,73,73,23,61,64,64,61,61,64,56,61,61,67,79,67,62,62,41,34,32,30,35,35,28,5,43,43,43,43,16,79,79,79,79,79,79,79,79,79,79,79,76,79,82,82,82,82,82,82,80,80,80,75,75,75,80,80,80,83,83,90,90,90,89,90,90,85,80,70,72,68,68,57,57,57,72,79,93,73,73,19,93,93,93,93,75],"gold":1822,"neow_bonus":"RANDOM_COMMON_RELIC","is_daily":false,"chose_seed":false,"campfire_upgraded":22,"win_rate":0.0,"timestamp":1613309910,"path_taken":["M","?","M","M","?","E","R","?","T","R","?","?","R","E","R","BOSS","M","?","?","M","M","R","NM","PTL","PTL","$","T","M","E","M","M","M","R","BOSS","M","?","?","?","M","E","R","NM","T","?","R","M","R","E","R","BOSS","M","?","?","M","?","NM","AVR","R","T","R","M","R","$","?","R","BOSS","?","?","?","?","T","NM","T","?","T","?","T","E","?","?","T","BOSS","?","?","?","?","?","NM","?","?","T","?","E","T","T","?","T","BOSS","?","?","?","?","AVR","NM","?","?","T","E","?","?","T","?","T","BOSS","?","?","?","?","?","NM","T","?","T","AVR","?","?","T","?","T","BOSS","?","?","?","?","?","NM","AVR","?","T","T","T","?","?","E","T","BOSS","T","T","E","BOSS"],"items_purchased_type":["Relic","Relic","Relic","Relic","Relic","Relic","Card","Relic","Relic","Relic","Relic","Relic","Relic","Relic","Relic"],"build_version":"2020-12-22","purchased_purges":9,"victory":true,"max_hp_per_floor":[65,65,65,65,65,65,65,65,65,65,65,65,65,65,65,65,65,65,65,65,65,65,65,65,65,65,65,65,65,65,65,65,65,65,65,65,65,65,65,65,65,65,65,65,65,65,65,65,65,65,65,65,65,65,65,65,65,65,79,79,79,79,79,79,79,79,79,79,79,79,79,79,79,79,79,79,79,79,79,79,79,79,79,79,79,79,79,79,79,79,79,79,79,79,79,79,79,79,79,79,79,79,79,79,79,79,79,79,79,79,79,79,79,79,79,82,82,82,82,82,82,82,82,82,82,87,87,87,87,87,87,90,90,90,90,90,90,90,90,85,85,85,85,85,85,85,85,85,85,85,93,93,93,93,93,93,93,93,93],"card_choices":[{"not_picked":["theForsaken:SiphonStrike","theForsaken:CreepingInfection"],"picked":"theForsaken:HorrifyingStrike","floor":1.0},{"not_picked":["theForsaken:Bolster","theForsaken:ShieldCharge"],"picked":"theForsaken:QuickAttack","floor":3.0},{"not_picked":["theForsaken:BottledPlague","theForsaken:DivineGuidance","theForsaken:ScorchingSunlight"],"picked":"SKIP","floor":4.0},{"not_picked":["theForsaken:Thunderbolt","theForsaken:FatRoll"],"picked":"theForsaken:WrathOfGod","floor":6.0},{"not_picked":["theForsaken:ScorchingSunlight","theForsaken:SpinAttack"],"picked":"theForsaken:Preservation","floor":8.0},{"not_picked":["theForsaken:BindingThorns","theForsaken:SolarFlare","theForsaken:HealingLight"],"picked":"SKIP","floor":14.0},{"not_picked":["theForsaken:Mantra","theForsaken:DivineGuidance"],"picked":"theForsaken:Confusion","floor":16.0},{"not_picked":["theForsaken:LightRoll","theForsaken:Terrorize"],"picked":"theForsaken:Bolster","floor":18.0},{"not_picked":["theForsaken:PanicDive","theForsaken:ChargeAttack+1","theForsaken:Eulogy"],"picked":"SKIP","floor":21.0},{"not_picked":["theForsaken:WordsOfPestilence","theForsaken:CorruptDeck"],"picked":"theForsaken:HymnOfPatience","floor":22.0},{"not_picked":["theForsaken:SolarFlare","theForsaken:ScorchingSunlight","theForsaken:ShieldBash"],"picked":"SKIP","floor":24.0},{"not_picked":["theForsaken:WardingHymn","theForsaken:RainingSunlight"],"picked":"theForsaken:ShieldCharge+1","floor":29.0},{"not_picked":["theForsaken:WordOfPower+1","theForsaken:Parry"],"picked":"theForsaken:HymnOfPatience+1","floor":30.0},{"not_picked":["theForsaken:CowardsBrand","theForsaken:WordOfPower","theForsaken:Eulogy"],"picked":"SKIP","floor":31.0},{"not_picked":["theForsaken:CorruptedWord","theForsaken:MagicWeapon","theForsaken:Devotion"],"picked":"SKIP","floor":32.0},{"not_picked":["theForsaken:Preservation","theForsaken:CorruptedWord"],"picked":"theForsaken:QuickAttack","floor":33.0},{"not_picked":["theForsaken:HymnOfPatience","theForsaken:FatRoll"],"picked":"theForsaken:StoreUp","floor":37.0},{"not_picked":["theForsaken:FatRoll+1","theForsaken:QuickAttack+1","theForsaken:ShieldBash+1"],"picked":"SKIP","floor":38.0},{"not_picked":["theForsaken:Preservation","theForsaken:HorrifyingStrike+1","theForsaken:Enfeeble+1"],"picked":"SKIP","floor":39.0},{"not_picked":["theForsaken:CorruptedWord","theForsaken:NobleSacrifice"],"picked":"theForsaken:StoreUp+1","floor":41.0},{"not_picked":["theForsaken:CorruptedForm","theForsaken:ShieldCharge+1","theForsaken:PanicDive"],"picked":"SKIP","floor":42.0},{"not_picked":["theForsaken:BlightOfFamine","theForsaken:HorrifyingStrike","theForsaken:HymnOfPatience"],"picked":"SKIP","floor":44.0},{"not_picked":["theForsaken:SpinAttack","theForsaken:StoreUp"],"picked":"theForsaken:DarkBargain","floor":46.0},{"not_picked":["theForsaken:FatRoll+1","theForsaken:ScorchingSunlight"],"picked":"theForsaken:Purification","floor":48.0},{"not_picked":["theForsaken:SolarFlare","theForsaken:HymnOfPatience"],"picked":"theForsaken:CleansingLight+1","floor":50.0},{"not_picked":["theForsaken:SacrificeSoul","theForsaken:Retribution"],"picked":"theForsaken:SacredOath","floor":52.0},{"not_picked":["theForsaken:Thunderbolt"],"picked":"SKIP","floor":54.0},{"not_picked":["theForsaken:HymnOfPatience"],"picked":"SKIP","floor":56.0},{"not_picked":[],"picked":"theForsaken:SpreadingPlague","floor":57.0},{"not_picked":["infinitespire:Starlight","infinitespire:TheBestDefense"],"picked":"ReplayTheSpireMod:Black Plague","floor":59.0},{"not_picked":["theForsaken:DarkBarrier"],"picked":"SKIP","floor":59.0},{"not_picked":["theForsaken:PreciseStrike"],"picked":"SKIP","floor":64.0},{"not_picked":["theForsaken:ShieldBash"],"picked":"SKIP","floor":67.0},{"not_picked":["theForsaken:ShieldBash"],"picked":"SKIP","floor":67.0},{"not_picked":["infinitespire:FinalStrike","ReplayTheSpireMod:Black Plague"],"picked":"infinitespire:UltimateForm","floor":69.0},{"not_picked":["theForsaken:ShieldBash+1"],"picked":"SKIP","floor":71.0},{"not_picked":["theForsaken:StoreUp"],"picked":"SKIP","floor":72.0},{"not_picked":["theForsaken:HymnOfPatience"],"picked":"SKIP","floor":74.0},{"not_picked":["theForsaken:WrathOfGod"],"picked":"SKIP","floor":76.0},{"not_picked":["theForsaken:Bolster"],"picked":"SKIP","floor":78.0},{"not_picked":["theForsaken:Tranquility"],"picked":"SKIP","floor":80.0},{"not_picked":["theForsaken:CreepingInfection"],"picked":"SKIP","floor":82.0},{"not_picked":["theForsaken:CleansingLight"],"picked":"SKIP","floor":83.0},{"not_picked":["theForsaken:StoreUp"],"picked":"SKIP","floor":84.0},{"not_picked":["theForsaken:Parry+1"],"picked":"SKIP","floor":88.0},{"not_picked":["theForsaken:CreepingInfection+1"],"picked":"SKIP","floor":89.0},{"not_picked":["theForsaken:Preservation+1"],"picked":"SKIP","floor":90.0},{"not_picked":["theForsaken:DarkBargain"],"picked":"SKIP","floor":91.0},{"not_picked":["theForsaken:NobleSacrifice+1"],"picked":"SKIP","floor":92.0},{"not_picked":["theForsaken:HealingLight+1"],"picked":"SKIP","floor":93.0},{"not_picked":[],"picked":"theForsaken:PanicDive","floor":94.0},{"not_picked":["theForsaken:HymnOfPatience"],"picked":"SKIP","floor":95.0},{"not_picked":[],"picked":"theForsaken:DesperatePlea","floor":97.0},{"not_picked":["theForsaken:ChargeAttack"],"picked":"SKIP","floor":98.0},{"not_picked":[],"picked":"theForsaken:SacredOath","floor":103.0},{"not_picked":[],"picked":"theForsaken:DefensiveStance","floor":105.0},{"not_picked":["theForsaken:ScorchingSunlight"],"picked":"SKIP","floor":107.0},{"not_picked":["theForsaken:RainingSunlight"],"picked":"SKIP","floor":108.0},{"not_picked":["infinitespire:Punishment","infinitespire:Starlight"],"picked":"Replay:Fractal Strike","floor":110.0},{"not_picked":["theForsaken:Eulogy"],"picked":"SKIP","floor":110.0},{"not_picked":["theForsaken:WardingHymn"],"picked":"SKIP","floor":111.0},{"not_picked":["theForsaken:BlessedWeapon"],"picked":"SKIP","floor":112.0},{"not_picked":["theForsaken:BlessedWeapon"],"picked":"SKIP","floor":114.0},{"not_picked":["theForsaken:BlessedWeapon"],"picked":"SKIP","floor":114.0},{"not_picked":["theForsaken:ScorchingSunlight"],"picked":"SKIP","floor":118.0},{"not_picked":["theForsaken:Tranquility"],"picked":"SKIP","floor":122.0},{"not_picked":["theForsaken:RainingSunlight"],"picked":"SKIP","floor":123.0},{"not_picked":["theForsaken:SiphonStrike+1"],"picked":"SKIP","floor":125.0},{"not_picked":["theForsaken:BlessedWeapon"],"picked":"SKIP","floor":127.0},{"not_picked":["theForsaken:BlessedWeapon"],"picked":"SKIP","floor":127.0},{"not_picked":["theForsaken:Parry"],"picked":"SKIP","floor":129.0},{"not_picked":["theForsaken:Devotion"],"picked":"SKIP","floor":132.0},{"not_picked":["theForsaken:PanicDive"],"picked":"SKIP","floor":133.0},{"not_picked":["theForsaken:Backlash+1"],"picked":"SKIP","floor":135.0},{"not_picked":["theForsaken:BlessedWeapon"],"picked":"SKIP","floor":139.0},{"not_picked":["theForsaken:BlessedWeapon+1"],"picked":"SKIP","floor":143.0},{"not_picked":["infinitespire:Oblivion","ReplayTheSpireMod:Chaos Vortex"],"picked":"infinitespire:NeuralNetwork","floor":144.0},{"not_picked":["theForsaken:ShieldCharge"],"picked":"SKIP","floor":144.0},{"not_picked":["theForsaken:Temperance"],"picked":"SKIP","floor":146},{"not_picked":["theForsaken:FatRoll"],"picked":"SKIP","floor":150},{"not_picked":["theForsaken:RainingSunlight+1"],"picked":"SKIP","floor":151},{"not_picked":["theForsaken:Eulogy"],"picked":"SKIP","floor":152},{"not_picked":["theForsaken:WordsOfPestilence"],"picked":"SKIP","floor":158},{"not_picked":[],"picked":"theForsaken:TearsOfSunlight","floor":159}],"player_experience":210239,"relics_obtained":[{"floor":6.0,"key":"StuffTheSpire:TintedRock"},{"floor":9.0,"key":"hubris:TenFootPole"},{"floor":14.0,"key":"Bronze Scales"},{"floor":24.0,"key":"aspiration:TomeofQuesting"},{"floor":28.0,"key":"Pet Ghost"},{"floor":30.0,"key":"infinitespire:EmpoweringShard"},{"floor":42.0,"key":"conspire:Dentures"},{"floor":44.0,"key":"StuffTheSpire:GrapeVine"},{"floor":45.0,"key":"StuffTheSpire:ForceGauntlet"},{"floor":50.0,"key":"Regal Pillow"},{"floor":59.0,"key":"Mango"},{"floor":62.0,"key":"conspire:BottledYoYo"},{"floor":76.0,"key":"StuffTheSpire:NeowsTribute"},{"floor":79.0,"key":"DemoMod:ClearGuonStone"},{"floor":82.0,"key":"StuffTheSpire:Tea"},{"floor":93.0,"key":"ReplayTheSpireMod:TigerMarble"},{"floor":96.0,"key":"halation:VictoryRuler"},{"floor":98.0,"key":"Onion Ring"},{"floor":110.0,"key":"Shuriken"},{"floor":113.0,"key":"Dream Catcher"},{"floor":114.0,"key":"Old Coin"},{"floor":127.0,"key":"MawBank"},{"floor":130.0,"key":"hubris:ToyBattleship"},{"floor":132.0,"key":"halation:EternalFortune"},{"floor":144.0,"key":"Ginger"},{"floor":147,"key":"hubris:MedicalManual"},{"floor":152,"key":"Replay:Wax Seal"},{"floor":158,"key":"infinitespire:Midas Blood"}],"event_choices":[{"damage_healed":0.0,"max_hp_gain":0.0,"max_hp_loss":0.0,"gold_gain":0.0,"event_name":"Scrap Ooze","player_choice":"Success","floor":2.0,"gold_loss":0.0,"damage_taken":12.0,"relics_obtained":["DemoMod:GreenGuonStone"]},{"damage_healed":0.0,"max_hp_gain":0.0,"max_hp_loss":0.0,"gold_gain":75.0,"event_name":"FaceTrader","player_choice":"Touch","floor":5.0,"gold_loss":0.0,"damage_taken":6.0},{"cards_removed":["theForsaken:TheForsaken_Strike"],"damage_healed":0.0,"max_hp_gain":0.0,"max_hp_loss":0.0,"gold_gain":0.0,"event_name":"The Cleric","player_choice":"Card Removal","floor":11.0,"gold_loss":50.0,"damage_taken":0.0},{"cards_removed":["StuffTheSpire:CuriosityCurse"],"damage_healed":0.0,"max_hp_gain":0.0,"max_hp_loss":0.0,"gold_gain":0.0,"event_name":"Back to Basics","player_choice":"Elegance","floor":19.0,"gold_loss":0.0,"damage_taken":0.0},{"damage_healed":0.0,"max_hp_gain":0.0,"max_hp_loss":0.0,"gold_gain":100.0,"event_name":"Golden Shrine","player_choice":"Pray","floor":20.0,"gold_loss":0.0,"damage_taken":0.0},{"damage_healed":0.0,"max_hp_gain":0.0,"max_hp_loss":0.0,"gold_gain":0.0,"event_name":"Accursed Blacksmith","player_choice":"Forge","floor":58.0,"gold_loss":0.0,"damage_taken":0.0,"cards_upgraded":["theForsaken:SpreadingPlague"]},{"damage_healed":0.0,"max_hp_gain":0.0,"max_hp_loss":0.0,"gold_gain":0.0,"event_name":"N\u0027loth","player_choice":"Ignored","floor":73.0,"gold_loss":0.0,"damage_taken":0.0},{"damage_healed":0.0,"max_hp_gain":0.0,"max_hp_loss":0.0,"gold_gain":0.0,"event_name":"conspire:Investor","player_choice":"Leave","floor":101.0,"gold_loss":0.0,"damage_taken":0.0},{"damage_healed":0.0,"max_hp_gain":0.0,"max_hp_loss":0.0,"gold_gain":0.0,"event_name":"Scrap Ooze","player_choice":"Success","floor":115.0,"gold_loss":0.0,"damage_taken":7.0,"relics_obtained":["Vajra"]},{"cards_removed":["theForsaken:TheForsaken_Defend"],"damage_healed":0.0,"max_hp_gain":0.0,"max_hp_loss":0.0,"gold_gain":0.0,"event_name":"Beggar","player_choice":"Gave Gold","floor":124.0,"gold_loss":75.0,"damage_taken":0.0},{"damage_healed":0.0,"max_hp_gain":5.0,"max_hp_loss":0.0,"gold_gain":0.0,"event_name":"Forgotten Altar","player_choice":"Shed Blood","floor":126.0,"gold_loss":0.0,"damage_taken":21.0},{"damage_healed":0.0,"max_hp_gain":0.0,"max_hp_loss":0.0,"gold_gain":0.0,"event_name":"Winding Halls","player_choice":"Embrace Madness","floor":141.0,"gold_loss":0.0,"damage_taken":11.0,"cards_obtained":["Madness","Madness"]}],"is_beta":false,"boss_relics":[{"not_picked":["halation:PlatinumPhoenix","halation:Yufonium"],"picked":"hubris:Stopwatch"},{"not_picked":["construct:WeddingRing","conspire:SeveredTorchhead"],"picked":"conspire:RoyalGoblet"},{"not_picked":["halation:ForbiddenBikini","hubris:GrandSneckoEye"],"picked":"Busted Crown"},{"not_picked":["aspiration:BardSkillbook","theForsaken:ArmorOfThorns"],"picked":"Painkiller Herb"},{"not_picked":["Kintsugi","Abe\u0027s Treasure","Sozu"]},{"not_picked":["StuffTheSpire:ModemDavis","theForsaken:PaleLantern","Snecko Eye"]},{"not_picked":["halation:ForbiddenBikini","Replay:Bronze Core","theForsaken:PaleLantern"]},{"not_picked":["hubris:BlackHole","Calling Bell","Kintsugi"]},{"not_picked":["Black Star","construct:WeddingRing"],"picked":"Replay:Wanted Poster"}],"items_purged_floors":[27,40,66,75,100,117,134,149,157],"is_endless":true,"potions_floor_spawned":[1,4,8,14,21,31,33,35,37,41,44,50,54,64,67,69,80,82,83,84,86,88,92,94,97,98,105,107,111,114,118,123,125,129,133,135,144,146,150,154,158],"ascension_level":0}}