{"host":"8am31i0j9qpslrrv","time":1613268484,"event":{"mods":["BaseMod","Curses Come First","Minty Spire (QoL Compilation)","Quick Restart","Replay The Spire","StSLib"],"gold_per_floor":[114,74,74,86,101,101,101,101,101,101,129,129,54,54,54,143,143,157,57,57,57,71,71,71,71],"floor_reached":24,"language":"ENG","playtime":755,"items_purged":["Strike_B","Strike_B"],"score":361,"play_id":"5c856378-6966-4a04-9c00-a4db296fa187","local_time":"20210213210804","is_ascension_mode":true,"campfire_choices":[{"data":"Zap","floor":6.0,"key":"SMITH"},{"data":"Dualcast","floor":8.0,"key":"SMITH"},{"floor":10.0,"key":"RECALL"},{"data":"Glacier","floor":12.0,"key":"SMITH"},{"data":"ReplayRNGCard","floor":23.0,"key":"SMITH"}],"circlet_count":0,"master_deck":["AscendersBane","Strike_B","Strike_B","Defend_B","Defend_B","Defend_B","Zap+1","Dualcast+1","Defragment+1","Glacier+1","ReplayRNGCard+1","Barrage+1"],"relics":["Cracked Core","NeowsBlessing","InkBottle","Strawberry","Golden Idol","Replay:Bronze Core"],"acts_visited":["Exordium","TheCity"],"potions_floor_usage":[24],"damage_taken":[{"damage":0.0,"enemies":"Cultist","floor":1.0,"turns":1.0},{"damage":0.0,"enemies":"Small Slimes","floor":4.0,"turns":1.0},{"damage":0.0,"enemies":"Jaw Worm","floor":5.0,"turns":1.0},{"damage":35.0,"enemies":"3 Sentries","floor":11.0,"turns":7.0},{"damage":16.0,"enemies":"The Guardian","floor":16.0,"turns":13.0},{"damage":16.0,"enemies":"Spheric Guardian","floor":18.0,"turns":12.0},{"damage":2.0,"enemies":"Shell Parasite","floor":22.0,"turns":7.0},{"damage":51,"enemies":"Gremlin Leader","floor":24,"turns":4}],"seed_played":"-3660197920789376189","potions_obtained":[{"floor":11.0,"key":"Adrenaline Potion"},{"floor":16.0,"key":"LiquidMemories"},{"floor":22.0,"key":"DuplicationPotion"}],"is_trial":false,"path_per_floor":["M","$","?","M","M","R","?","R","T","R","E","R","$","?","R","B",null,"M","$","?","$","M","R","E"],"character_chosen":"DEFECT","items_purchased":["Defragment"],"campfire_rested":0,"item_purchase_floors":[2],"current_hp_per_floor":[64,64,64,64,64,64,64,64,64,64,36,36,36,9,32,16,63,47,47,47,47,45,45,0,0],"gold":71,"neow_bonus":"THREE_ENEMY_KILL","is_daily":false,"chose_seed":false,"campfire_upgraded":4,"win_rate":0.0,"timestamp":1613268484,"path_taken":["M","?","?","?","M","R","?","R","T","R","E","R","$","?","R","BOSS","M","$","?","$","M","R","E"],"items_purchased_type":["Card"],"build_version":"2020-12-22","purchased_purges":2,"victory":false,"max_hp_per_floor":[71,71,71,71,71,71,71,71,71,71,78,78,78,78,78,78,78,78,78,78,78,78,78,78,78],"card_choices":[{"not_picked":["Turbo","Self Repair","Rebound"],"picked":"SKIP","floor":1.0},{"not_picked":["Coolheaded","Sweeping Beam","Stack"],"picked":"SKIP","floor":4.0},{"not_picked":["ReplayTheSpireMod:System Scan","Go for the Eyes","ReplayTheSpireMod:GoodbyeWorld"],"picked":"SKIP","floor":5.0},{"not_picked":["Gash","Redo"],"picked":"Glacier","floor":11.0},{"not_picked":["Mirror Shield","Core Surge"],"picked":"ReplayRNGCard","floor":16.0},{"not_picked":["Sunder","Compile Driver"],"picked":"Barrage+1","floor":18.0},{"not_picked":["Stack","Chill","Hologram"],"picked":"SKIP","floor":22.0}],"player_experience":791070,"relics_obtained":[{"floor":9.0,"key":"InkBottle"},{"floor":11.0,"key":"Strawberry"}],"event_choices":[{"damage_healed":0.0,"max_hp_gain":0.0,"max_hp_loss":0.0,"gold_gain":0.0,"event_name":"Upgrade Shrine","player_choice":"Upgraded","floor":3.0,"gold_loss":0.0,"damage_taken":0.0,"cards_upgraded":["Defragment"]},{"damage_healed":0.0,"max_hp_gain":0.0,"max_hp_loss":0.0,"gold_gain":0.0,"event_name":"Golden Idol","player_choice":"Take Damage","floor":14.0,"gold_loss":0.0,"damage_taken":27.0,"relics_obtained":["Golden Idol"]},{"damage_healed":0.0,"max_hp_gain":0.0,"max_hp_loss":0.0,"gold_gain":0.0,"event_name":"Vampires","player_choice":"Ignored","floor":20.0,"gold_loss":0.0,"damage_taken":0.0}],"is_beta":false,"boss_relics":[{"not_picked":["SlaversCollar","Runic Pyramid"],"picked":"Replay:Bronze Core"}],"items_purged_floors":[13,19],"is_endless":false,"potions_floor_spawned":[11,16,22],"killed_by":"Gremlin Leader","ascension_level":18}}