{"host":"xb2tau8pgi8aflss","time":1613311812,"event":{"mods":["AchievementEnabler","BaseMod","Hermit","Minty Spire (QoL Compilation)","StSLib","SuperFastMode"],"gold_per_floor":[114,126,126,51,69,102,115,145,145,70,70,70,123,147,147,147,147],"floor_reached":16,"language":"KOR","playtime":559,"items_purged":["Strike_G"],"score":154,"play_id":"23e89b29-ceb1-4a5d-ba8c-85ae36380ad9","local_time":"20210214231012","is_ascension_mode":true,"campfire_choices":[{"floor":12,"key":"REST"},{"data":"Footwork","floor":15,"key":"SMITH"}],"circlet_count":0,"master_deck":["Strike_G","Strike_G","Strike_G","Strike_G","Defend_G","Defend_G","Defend_G","Defend_G","Defend_G","Survivor","Neutralize","Finisher","Well Laid Plans","Footwork+1","Backflip","Dagger Spray","Blur","Dagger Throw","Acrobatics","Injury","Underhanded Strike"],"relics":["Ring of the Snake","MealTicket","Boot","Potion Belt","Shuriken","Golden Idol","Art of War"],"acts_visited":["Exordium"],"potions_floor_usage":[6,8,16,16,16,16,16,16],"damage_taken":[{"damage":2,"enemies":"2 Louse","floor":1,"turns":4},{"damage":4,"enemies":"Cultist","floor":2,"turns":3},{"damage":0,"enemies":"Small Slimes","floor":5,"turns":3},{"damage":24,"enemies":"Gremlin Nob","floor":6,"turns":5},{"damage":17,"enemies":"Looter","floor":7,"turns":4},{"damage":27,"enemies":"Lagavulin","floor":8,"turns":9},{"damage":11,"enemies":"Red Slaver","floor":14,"turns":6},{"damage":29,"enemies":"Hexaghost","floor":16,"turns":15}],"seed_played":"-8177858779056884531","potions_obtained":[{"floor":1,"key":"PowerPotion"},{"floor":3,"key":"EntropicBrew"},{"floor":3,"key":"SmokeBomb"},{"floor":7,"key":"Dexterity Potion"},{"floor":8,"key":"SteroidPotion"}],"is_trial":false,"path_per_floor":["M","M","?","$","M","E","M","E","T","$","?","R","T","M","R","B"],"character_chosen":"THE_SILENT","items_purchased":["Dagger Throw","Acrobatics"],"campfire_rested":1,"item_purchase_floors":[10,10],"current_hp_per_floor":[61,57,57,70,70,46,29,2,2,17,17,38,38,27,27,0,0],"gold":147,"neow_bonus":"RANDOM_COMMON_RELIC","is_daily":false,"chose_seed":false,"campfire_upgraded":1,"win_rate":0.0,"timestamp":1613311812,"path_taken":["M","M","?","?","M","E","M","E","T","$","?","R","?","M","R","BOSS"],"items_purchased_type":["Card","Card"],"build_version":"2020-12-22","purchased_purges":1,"victory":false,"max_hp_per_floor":[70,70,70,70,70,70,70,70,70,70,70,70,70,70,70,70,70],"card_choices":[{"not_picked":["Quick Slash","Outmaneuver"],"picked":"Finisher","floor":1},{"not_picked":["Distraction","Noxious Fumes"],"picked":"Well Laid Plans","floor":2},{"not_picked":["Riddle With Holes","Outmaneuver"],"picked":"Footwork","floor":5},{"not_picked":["Underhanded Strike","Poisoned Stab"],"picked":"Backflip","floor":6},{"not_picked":["Dodge and Roll","Backflip"],"picked":"Dagger Spray","floor":7},{"not_picked":["All Out Attack","Blade Dance"],"picked":"Blur","floor":8},{"not_picked":["Poisoned Stab","Dodge and Roll"],"picked":"Underhanded Strike","floor":14}],"player_experience":838018,"relics_obtained":[{"floor":6,"key":"Boot"},{"floor":8,"key":"Potion Belt"},{"floor":9,"key":"Shuriken"},{"floor":13,"key":"Art of War"}],"event_choices":[{"damage_healed":0,"gold_gain":0,"player_choice":"Got Potions","damage_taken":0,"max_hp_gain":0,"max_hp_loss":0,"event_name":"Lab","floor":3,"gold_loss":0},{"damage_healed":0,"gold_gain":0,"player_choice":"Take Wound","damage_taken":0,"relics_obtained":["Golden Idol"],"max_hp_gain":0,"max_hp_loss":0,"event_name":"Golden Idol","floor":11,"gold_loss":0,"cards_obtained":["Injury"]}],"is_beta":false,"boss_relics":[],"items_purged_floors":[4],"is_endless":false,"potions_floor_spawned":[1,7,8],"killed_by":"Hexaghost","ascension_level":8}}