{"host":"u8f6oqzdc7r6igag","time":1613293108,"event":{"mods":["BaseMod","Minty Spire (QoL Compilation)","Relic Stats"],"gold_per_floor":[112,130,144,144,163,163,183,210,210,239,239,265,265,275,275,375,375,388,401,326,326,326,326,338,338,338,338,349,374,374,374],"floor_reached":30,"language":"ENG","playtime":4435,"items_purged":[],"score":413,"play_id":"5b0af4e8-2f39-4fb5-955b-d6ed3a28c932","local_time":"20210214025828","is_ascension_mode":true,"campfire_choices":[{"data":"Dash","floor":6,"key":"SMITH"},{"floor":13,"key":"REST"},{"floor":15,"key":"REST"},{"data":"Wraith Form v2","floor":23,"key":"SMITH"},{"data":"Terror","floor":25,"key":"SMITH"}],"circlet_count":0,"master_deck":["Strike_G","Strike_G","Strike_G","Strike_G","Defend_G+1","Defend_G","Defend_G","Defend_G","Survivor+1","Neutralize+1","Deadly Poison","Dash+1","Crippling Poison","Backstab","Flying Knee","Backflip+1","Skewer","Leg Sweep","Poisoned Stab","Backflip","Wraith Form v2+1","CurseOfTheBell","Terror+1","Acrobatics+1","Adrenaline","Crippling Poison+1"],"relics":["HoveringKite","Ninja Scroll","Bag of Marbles","Pantograph","Calling Bell","The Courier","Peace Pipe","War Paint","Nilry\u0027s Codex","Pen Nib","Darkstone Periapt","Bottled Tornado"],"acts_visited":["Exordium","TheCity"],"potions_floor_usage":[8,8,10,12,28,29,30,30],"damage_taken":[{"damage":2,"enemies":"Cultist","floor":1,"turns":5},{"damage":1,"enemies":"Small Slimes","floor":2,"turns":4},{"damage":0,"enemies":"Jaw Worm","floor":3,"turns":6},{"damage":5,"enemies":"Exordium Wildlife","floor":5,"turns":3},{"damage":13,"enemies":"Blue Slaver","floor":7,"turns":3},{"damage":5,"enemies":"Gremlin Nob","floor":8,"turns":4},{"damage":20,"enemies":"Lagavulin","floor":10,"turns":6},{"damage":2,"enemies":"3 Sentries","floor":12,"turns":6},{"damage":0,"enemies":"2 Fungi Beasts","floor":14,"turns":1},{"damage":30,"enemies":"Hexaghost","floor":16,"turns":10},{"damage":0,"enemies":"Chosen","floor":18,"turns":4},{"damage":0,"enemies":"Shell Parasite","floor":19,"turns":4},{"damage":3,"enemies":"Cultist and Chosen","floor":24,"turns":6},{"damage":18,"enemies":"Snake Plant","floor":28,"turns":4},{"damage":0,"enemies":"Slavers","floor":29,"turns":6},{"damage":12,"enemies":"Shelled Parasite and Fungi","floor":30,"turns":2}],"seed_played":"6564820541859170675","potions_obtained":[{"floor":1,"key":"LiquidMemories"},{"floor":2,"key":"Dexterity Potion"},{"floor":7,"key":"Poison Potion"},{"floor":10,"key":"PowerPotion"},{"floor":16,"key":"Swift Potion"},{"floor":18,"key":"PowerPotion"},{"floor":24,"key":"ColorlessPotion"},{"floor":29,"key":"DistilledChaos"}],"is_trial":false,"path_per_floor":["M","M","M","?","M","R","M","E","T","E","?","E","R","M","R","B",null,"M","M","?","?","T","R","M","R","T","?","M","E","M"],"character_chosen":"THE_SILENT","items_purchased":[],"campfire_rested":2,"item_purchase_floors":[],"current_hp_per_floor":[61,60,60,60,55,55,42,37,37,17,3,1,22,22,43,38,62,62,62,62,46,46,46,43,43,43,30,12,12,0,0],"gold":374,"neow_bonus":"BOSS_RELIC","is_daily":false,"chose_seed":false,"campfire_upgraded":3,"win_rate":0.0,"timestamp":1613293108,"path_taken":["M","M","M","?","?","R","M","E","T","E","?","E","R","M","R","BOSS","M","M","?","?","?","R","M","R","T","?","?","E","M"],"items_purchased_type":[],"build_version":"2020-12-22","purchased_purges":0,"victory":false,"max_hp_per_floor":[70,70,70,70,70,70,70,70,70,70,70,70,70,70,70,70,70,70,70,70,70,70,70,70,70,70,75,75,75,75,75],"relic_stats":{"Peace Pipe":0,"Darkstone Periapt":0,"counters":[16,74],"Pantograph":25,"HoveringKite":[13],"Pen Nib":[3],"War Paint":["Survivor","Backflip"],"obtain_stats":[{"Darkstone Periapt":26,"Nilry\u0027s Codex":21,"HoveringKite":0,"The Courier":17,"Pen Nib":22,"War Paint":17,"Bottled Tornado":29,"Calling Bell":17,"Peace Pipe":17,"Ninja Scroll":9,"Pantograph":12,"Bag of Marbles":10,"Ring of the Snake":0},{"Darkstone Periapt":13,"Nilry\u0027s Codex":12,"HoveringKite":0,"The Courier":10,"Pen Nib":12,"War Paint":10,"Bottled Tornado":15,"Calling Bell":10,"Peace Pipe":10,"Ninja Scroll":6,"Pantograph":8,"Bag of Marbles":7,"Ring of the Snake":0},{"Darkstone Periapt":62,"Nilry\u0027s Codex":56,"HoveringKite":0,"The Courier":48,"Pen Nib":56,"War Paint":48,"Bottled Tornado":72,"Calling Bell":48,"Peace Pipe":48,"Ninja Scroll":25,"Pantograph":37,"Bag of Marbles":31,"Ring of the Snake":0}]},"card_choices":[{"not_picked":["Infinite Blades","Deflect"],"picked":"Deadly Poison","floor":1},{"not_picked":["Finisher","Eviscerate"],"picked":"Dash","floor":2},{"not_picked":["Outmaneuver","PiercingWail"],"picked":"Crippling Poison","floor":3},{"not_picked":["Dodge and Roll","Phantasmal Killer"],"picked":"Flying Knee","floor":5},{"not_picked":["Dagger Spray","Deadly Poison"],"picked":"Backflip","floor":7},{"not_picked":["Poisoned Stab","Flechettes"],"picked":"Skewer","floor":8},{"not_picked":["Prepared","Grand Finale"],"picked":"Leg Sweep","floor":10},{"not_picked":["Slice","Deadly Poison"],"picked":"Poisoned Stab","floor":12},{"not_picked":["Expertise","Distraction"],"picked":"Backflip","floor":14},{"not_picked":["A Thousand Cuts","Burst"],"picked":"Wraith Form v2","floor":16},{"not_picked":["Underhanded Strike+1","Crippling Poison"],"picked":"Terror","floor":18},{"not_picked":["Slice","Underhanded Strike"],"picked":"Acrobatics+1","floor":19},{"not_picked":["Dash","Cloak And Dagger","PiercingWail"],"picked":"SKIP","floor":24},{"not_picked":["Setup","Dash+1"],"picked":"Adrenaline","floor":28},{"not_picked":["Dagger Throw","Underhanded Strike"],"picked":"Crippling Poison+1","floor":29}],"player_experience":200514,"relics_obtained":[{"floor":9,"key":"Ninja Scroll"},{"floor":10,"key":"Bag of Marbles"},{"floor":12,"key":"Pantograph"},{"floor":17,"key":"The Courier"},{"floor":17,"key":"Peace Pipe"},{"floor":17,"key":"War Paint"},{"floor":21,"key":"Nilry\u0027s Codex"},{"floor":22,"key":"Pen Nib"},{"floor":26,"key":"Darkstone Periapt"},{"floor":29,"key":"Bottled Tornado"}],"event_choices":[{"damage_healed":0,"gold_gain":0,"cards_transformed":["Strike_G"],"player_choice":"Transformed","damage_taken":0,"max_hp_gain":0,"max_hp_loss":0,"event_name":"Transmorgrifier","floor":4,"gold_loss":0,"cards_obtained":["Backstab"]},{"damage_healed":0,"gold_gain":0,"player_choice":"Entered Light","damage_taken":14,"max_hp_gain":0,"max_hp_loss":0,"event_name":"Shining Light","floor":11,"gold_loss":0,"cards_upgraded":["Neutralize","Defend_G"]},{"cards_removed":["Defend_G"],"damage_healed":0,"gold_gain":0,"player_choice":"Gave Gold","damage_taken":0,"max_hp_gain":0,"max_hp_loss":0,"event_name":"Beggar","floor":20,"gold_loss":75},{"damage_healed":0,"gold_gain":0,"player_choice":"Obtained Book","damage_taken":16,"max_hp_gain":0,"max_hp_loss":0,"event_name":"Cursed Tome","floor":21,"gold_loss":0},{"damage_healed":0,"gold_gain":0,"player_choice":"Shed Blood","damage_taken":18,"max_hp_gain":5,"max_hp_loss":0,"event_name":"Forgotten Altar","floor":27,"gold_loss":0}],"is_beta":false,"boss_relics":[{"not_picked":["Coffee Dripper","Empty Cage"],"picked":"Calling Bell"}],"items_purged_floors":[],"is_endless":false,"potions_floor_spawned":[1,2,7,10,16,18,24,29],"killed_by":"Shelled Parasite and Fungi","ascension_level":8}}