{"host":"c3lc60y5x60jlt1y","time":1613314316,"event":{"mods":["AchievementEnabler","BaseMod","Bestiary","Colored Map","Minty Spire (QoL Compilation)","Quick Restart","StSLib","ojb\u0027s Info Mod"],"gold_per_floor":[115,115,127,145,59,87,87,120,120,120,8,27,47,65,65,143,143,153,170,170,170,182,182,182],"floor_reached":23,"language":"ENG","playtime":8190,"items_purged":["Strike_B"],"score":506,"play_id":"269d8dcb-590f-4008-81dc-1598343ab063","local_time":"20210214165156","is_ascension_mode":true,"campfire_choices":[{"data":"Streamline","floor":7.0,"key":"SMITH"},{"data":"Electrodynamics","floor":10.0,"key":"SMITH"},{"data":"Conserve Battery","floor":15.0,"key":"SMITH"}],"circlet_count":0,"master_deck":["AscendersBane","Strike_B","Strike_B","Strike_B","Defend_B","Defend_B","Defend_B","Zap","Dualcast","Conserve Battery+1","Streamline+1","Coolheaded","Doom and Gloom","Electrodynamics+1","Leap","Consume","Capacitor","Amplify","Stack+1","Hologram+1","Decay"],"relics":["Runic Pyramid","Vajra","Eternal Feather","Singing Bowl","Coffee Dripper"],"acts_visited":["Exordium","TheCity"],"potions_floor_usage":[18,23],"damage_taken":[{"damage":0.0,"enemies":"2 Louse","floor":1.0,"turns":2.0},{"damage":4.0,"enemies":"Cultist","floor":3.0,"turns":4.0},{"damage":0.0,"enemies":"Jaw Worm","floor":4.0,"turns":4.0},{"damage":10.0,"enemies":"3 Sentries","floor":6.0,"turns":7.0},{"damage":37.0,"enemies":"Gremlin Nob","floor":8.0,"turns":4.0},{"damage":4.0,"enemies":"Blue Slaver","floor":12.0,"turns":4.0},{"damage":0.0,"enemies":"Looter","floor":13.0,"turns":4.0},{"damage":0.0,"enemies":"2 Fungi Beasts","floor":14.0,"turns":3.0},{"damage":0.0,"enemies":"The Guardian","floor":16.0,"turns":9.0},{"damage":2,"enemies":"Spheric Guardian","floor":18,"turns":5},{"damage":19,"enemies":"2 Thieves","floor":19,"turns":3},{"damage":21,"enemies":"Snake Plant","floor":22,"turns":4},{"damage":28,"enemies":"Book of Stabbing","floor":23,"turns":3}],"seed_played":"-2143049106828948175","potions_obtained":[{"floor":1.0,"key":"PowerPotion"},{"floor":4.0,"key":"EssenceOfSteel"},{"floor":6.0,"key":"SmokeBomb"},{"floor":8.0,"key":"GamblersBrew"},{"floor":14.0,"key":"EssenceOfDarkness"},{"floor":18,"key":"Explosive Potion"}],"is_trial":false,"path_per_floor":["M","?","M","M","$","E","R","E","T","R","$","M","M","M","R","B",null,"M","M","?","?","M","E"],"character_chosen":"DEFECT","items_purchased":["Doom and Gloom","Consume"],"campfire_rested":0,"item_purchase_floors":[5,11],"current_hp_per_floor":[64,64,60,60,60,50,50,13,13,22,22,20,22,22,31,31,64,62,43,43,43,24,0,0],"gold":182,"neow_bonus":"BOSS_RELIC","is_daily":false,"chose_seed":false,"campfire_upgraded":3,"win_rate":0.0,"timestamp":1613314316,"path_taken":["M","?","M","M","$","E","R","E","T","R","$","M","M","?","R","BOSS","M","M","?","?","M","E"],"items_purchased_type":["Card","Card"],"build_version":"2020-12-22","purchased_purges":1,"victory":false,"max_hp_per_floor":[71,71,71,71,71,71,71,71,71,71,71,73,75,75,75,75,75,75,75,75,75,77,77,77],"card_choices":[{"not_picked":["Steam","Cold Snap"],"picked":"Conserve Battery","floor":1.0},{"not_picked":["Conserve Battery","Redo"],"picked":"Streamline","floor":3.0},{"not_picked":["Gash","Rebound"],"picked":"Coolheaded","floor":4.0},{"not_picked":["Steam","Self Repair"],"picked":"Electrodynamics","floor":6.0},{"not_picked":["Go for the Eyes","Conserve Battery"],"picked":"Leap","floor":8.0},{"not_picked":["Static Discharge","Gash","Aggregate"],"picked":"Singing Bowl","floor":12.0},{"not_picked":["Coolheaded","Melter","Streamline"],"picked":"Singing Bowl","floor":13.0},{"not_picked":["Compile Driver","Leap"],"picked":"Capacitor","floor":14.0},{"not_picked":["All For One","Multi-Cast"],"picked":"Amplify","floor":16.0},{"not_picked":["Hologram","Beam Cell"],"picked":"Stack+1","floor":18},{"not_picked":["Lockon","Melter"],"picked":"Hologram+1","floor":19},{"not_picked":["Ball Lightning","Sweeping Beam","Redo+1"],"picked":"Singing Bowl","floor":22}],"player_experience":9310739,"relics_obtained":[{"floor":6.0,"key":"Vajra"},{"floor":8.0,"key":"Eternal Feather"},{"floor":9.0,"key":"Singing Bowl"}],"event_choices":[{"cards_removed":["Defend_B"],"damage_healed":0.0,"max_hp_gain":0.0,"max_hp_loss":0.0,"gold_gain":0.0,"event_name":"Bonfire Elementals","player_choice":"Offered Basic","floor":2.0,"gold_loss":0.0,"damage_taken":0.0},{"damage_healed":0,"gold_gain":0,"player_choice":"Smashed Altar","damage_taken":0,"max_hp_gain":0,"max_hp_loss":0,"event_name":"Forgotten Altar","floor":20,"gold_loss":0,"cards_obtained":["Decay"]},{"damage_healed":0,"gold_gain":0,"player_choice":"Ignored","damage_taken":0,"max_hp_gain":0,"max_hp_loss":0,"event_name":"The Mausoleum","floor":21,"gold_loss":0}],"is_beta":false,"boss_relics":[{"not_picked":["Tiny House","Runic Dome"],"picked":"Coffee Dripper"}],"items_purged_floors":[11],"is_endless":false,"potions_floor_spawned":[1,4,6,8,14,18],"killed_by":"Book of Stabbing","ascension_level":20}}