{"host":"1ie89x0glpq08u84","time":1613326083,"event":{"mods":["AchievementEnabler","BaseMod","Highlight Path","Minty Spire (QoL Compilation)","StSLib","Unceasing Turn Reminder"],"gold_per_floor":[118,118,118,15,15,15,47,62,85,120,133,153,183,145,145,242,242,242,242,144,144,144,144,144,144,144,144,144,144,144,144,144,144,144,144,144,31,31,31,31,31,31,31,31,31,31,31,31,31,31],"floor_reached":51,"language":"ENG","playtime":1313,"items_purged":["Reprogram+1"],"score":956,"play_id":"88b5c182-c5c2-4dcf-b8c7-f361ab5bfbbf","local_time":"20210214130803","is_ascension_mode":true,"campfire_choices":[{"data":"Doom and Gloom","floor":6.0,"key":"SMITH"},{"floor":15.0,"key":"REST"},{"data":"White Noise","floor":23.0,"key":"SMITH"},{"data":"Rainbow","floor":25.0,"key":"SMITH"},{"floor":29.0,"key":"REST"},{"data":"Heatsinks","floor":32.0,"key":"SMITH"},{"floor":49,"key":"REST"}],"circlet_count":0,"master_deck":["Defend_B+1","Defend_B+1","Defend_B+1","Defend_B+1","Zap+1","Dualcast+1","Heatsinks+1","Steam+1","Doom and Gloom+1","Cold Snap+1","Gash+1","White Noise+1","Static Discharge+1","Cold Snap+1","Barrage+1","Gash+1","Rainbow+1","Compile Driver+1","Cold Snap+1","Ball Lightning+1","Static Discharge+1","Heatsinks+1","Biased Cognition+1","Consume+1","Enlightenment+1","Master of Strategy+1","Deep Breath+1","Capacitor+1","Defragment+1","Storm+1","Injury","Capacitor+1","Defragment+1","Cold Snap+1"],"relics":["Astrolabe","StoneCalendar","Blood Vial","Toy Ornithopter","Ancient Tea Set","White Beast Statue","Ectoplasm","Emotion Chip","The Courier","Mummified Hand","Cursed Key","Letter Opener","Mark of the Bloom","HornCleat","Omamori","Bag of Preparation","Toxic Egg 2"],"acts_visited":["Exordium","TheCity","TheBeyond"],"potions_floor_usage":[48,50,50,50],"damage_taken":[{"damage":0.0,"enemies":"2 Louse","floor":1.0,"turns":7.0},{"damage":10.0,"enemies":"3 Sentries","floor":7.0,"turns":5.0},{"damage":5.0,"enemies":"Small Slimes","floor":8.0,"turns":3.0},{"damage":9.0,"enemies":"Lagavulin","floor":10.0,"turns":5.0},{"damage":9.0,"enemies":"Jaw Worm","floor":11.0,"turns":4.0},{"damage":0.0,"enemies":"Large Slime","floor":12.0,"turns":3.0},{"damage":7.0,"enemies":"3 Sentries","floor":13.0,"turns":4.0},{"damage":30.0,"enemies":"Slime Boss","floor":16.0,"turns":7.0},{"damage":10.0,"enemies":"Spheric Guardian","floor":18.0,"turns":4.0},{"damage":4.0,"enemies":"Chosen","floor":19.0,"turns":4.0},{"damage":22.0,"enemies":"Gremlin Leader","floor":24.0,"turns":7.0},{"damage":5.0,"enemies":"Centurion and Healer","floor":28.0,"turns":5.0},{"damage":6.0,"enemies":"Book of Stabbing","floor":31.0,"turns":3.0},{"damage":40.0,"enemies":"Automaton","floor":33.0,"turns":7.0},{"damage":0.0,"enemies":"3 Shapes","floor":35.0,"turns":4.0},{"damage":3.0,"enemies":"Nemesis","floor":40.0,"turns":5.0},{"damage":0.0,"enemies":"Giant Head","floor":42.0,"turns":6.0},{"damage":0.0,"enemies":"Nemesis","floor":44.0,"turns":3.0},{"damage":0.0,"enemies":"Orb Walker","floor":45.0,"turns":1.0},{"damage":0.0,"enemies":"Reptomancer","floor":47.0,"turns":1.0},{"damage":0,"enemies":"4 Shapes","floor":48,"turns":2},{"damage":1,"enemies":"Awakened One","floor":50,"turns":5}],"seed_played":"8072336223526225843","potions_obtained":[{"floor":1.0,"key":"SteroidPotion"},{"floor":10.0,"key":"SneckoOil"},{"floor":11.0,"key":"SteroidPotion"},{"floor":16.0,"key":"Weak Potion"},{"floor":18.0,"key":"PowerPotion"},{"floor":19.0,"key":"Block Potion"},{"floor":24.0,"key":"Explosive Potion"},{"floor":28.0,"key":"Swift Potion"},{"floor":31.0,"key":"SmokeBomb"},{"floor":33.0,"key":"GamblersBrew"},{"floor":40.0,"key":"Swift Potion"},{"floor":42.0,"key":"FearPotion"},{"floor":48,"key":"EntropicBrew"}],"is_trial":false,"path_per_floor":["M","?","?","$","?","R","E","M","T","E","M","M","E","?","R","B",null,"M","M","$","?","?","R","E","R","T","?","M","R","?","E","R","B",null,"M","?","$","?","?","E","?","E","T","E","M","T","E","M","R","B",null],"character_chosen":"DEFECT","items_purchased":["Cold Snap","Gash","Ball Lightning","Capacitor","Defragment"],"campfire_rested":3,"item_purchase_floors":[4,4,20,37,37],"current_hp_per_floor":[75,57,42,42,42,42,32,29,29,22,15,17,17,17,39,21,75,65,68,68,68,54,54,44,44,44,44,41,65,65,61,61,28,80,80,70,70,70,70,73,73,73,73,73,73,73,73,73,73,72],"gold":31,"neow_bonus":"BOSS_RELIC","is_daily":false,"chose_seed":false,"campfire_upgraded":4,"win_rate":0.0,"timestamp":1613326083,"path_taken":["M","?","?","?","?","R","E","M","T","E","?","?","E","?","R","BOSS","M","M","$","?","?","R","E","R","T","?","?","R","?","E","R","BOSS","M","?","$","?","?","E","?","E","T","E","M","?","E","?","R","BOSS"],"items_purchased_type":["Card","Card","Card","Card","Card"],"build_version":"2020-12-22","purchased_purges":1,"victory":true,"max_hp_per_floor":[75,75,75,75,75,75,75,75,75,75,75,75,75,75,75,75,75,75,75,75,75,80,80,80,80,80,80,80,80,80,80,80,80,80,80,80,80,80,76,76,76,76,76,76,76,76,76,76,76,76],"card_choices":[{"not_picked":["Hello World","Rebound"],"picked":"Doom and Gloom","floor":1.0},{"not_picked":["Recycle","Coolheaded"],"picked":"White Noise","floor":7.0},{"not_picked":["Steam","Barrage"],"picked":"Static Discharge","floor":8.0},{"not_picked":["Auto Shields","FTL"],"picked":"Cold Snap","floor":10.0},{"not_picked":["Self Repair","Aggregate"],"picked":"Barrage","floor":11.0},{"not_picked":["Turbo","FTL"],"picked":"Gash","floor":12.0},{"not_picked":["Turbo","All For One"],"picked":"Ball Lightning","floor":13.0},{"not_picked":["Amplify","All For One"],"picked":"Rainbow","floor":16.0},{"not_picked":["Sweeping Beam","Conserve Battery"],"picked":"Compile Driver","floor":18.0},{"not_picked":["Steam+1","Consume"],"picked":"Cold Snap","floor":19.0},{"not_picked":["Stack","Blizzard","Compile Driver"],"picked":"SKIP","floor":24.0},{"not_picked":["Barrage+1","Redo"],"picked":"Static Discharge+1","floor":28.0},{"not_picked":["Ball Lightning","Go for the Eyes+1"],"picked":"Heatsinks","floor":31.0},{"not_picked":["Machine Learning","All For One"],"picked":"Biased Cognition","floor":33.0},{"not_picked":["Turbo+1","Rebound+1"],"picked":"Consume+1","floor":35.0},{"not_picked":["Magnetism","Impatience"],"picked":"Enlightenment","floor":36.0},{"not_picked":["Good Instincts","Violence"],"picked":"Master of Strategy","floor":36.0},{"not_picked":["Transmutation","Chrysalis"],"picked":"Deep Breath","floor":36.0},{"not_picked":["Fusion","Turbo+1"],"picked":"Storm+1","floor":40.0},{"not_picked":["Compile Driver+1","Rip and Tear","Leap"],"picked":"SKIP","floor":42.0},{"not_picked":["Storm+1","Cold Snap+1"],"picked":"Capacitor+1","floor":44.0},{"not_picked":["Rebound","Darkness+1"],"picked":"Defragment+1","floor":45.0},{"not_picked":["Stack+1","Go for the Eyes"],"picked":"Cold Snap+1","floor":48}],"player_experience":409969,"relics_obtained":[{"floor":7.0,"key":"Blood Vial"},{"floor":9.0,"key":"Toy Ornithopter"},{"floor":10.0,"key":"Ancient Tea Set"},{"floor":13.0,"key":"White Beast Statue"},{"floor":24.0,"key":"Emotion Chip"},{"floor":26.0,"key":"The Courier"},{"floor":31.0,"key":"Mummified Hand"},{"floor":40.0,"key":"Letter Opener"},{"floor":42.0,"key":"HornCleat"},{"floor":43.0,"key":"Omamori"},{"floor":44.0,"key":"Bag of Preparation"},{"floor":46.0,"key":"Toxic Egg 2"}],"event_choices":[{"damage_healed":0.0,"max_hp_gain":0.0,"max_hp_loss":0.0,"gold_gain":0.0,"event_name":"Scrap Ooze","player_choice":"Success","floor":2.0,"gold_loss":0.0,"damage_taken":18.0,"relics_obtained":["StoneCalendar"]},{"damage_healed":0.0,"max_hp_gain":0.0,"max_hp_loss":0.0,"gold_gain":0.0,"event_name":"Shining Light","player_choice":"Entered Light","floor":3.0,"gold_loss":0.0,"damage_taken":15.0,"cards_upgraded":["Zap","Strike_B"]},{"cards_removed":["Strike_B"],"damage_healed":0.0,"max_hp_gain":0.0,"max_hp_loss":0.0,"gold_gain":0.0,"event_name":"Purifier","player_choice":"Purged","floor":5.0,"gold_loss":0.0,"damage_taken":0.0},{"damage_healed":0.0,"max_hp_gain":0.0,"max_hp_loss":0.0,"gold_gain":0.0,"event_name":"World of Goop","player_choice":"Left Gold","floor":14.0,"gold_loss":38.0,"damage_taken":0.0},{"damage_healed":0.0,"max_hp_gain":0.0,"max_hp_loss":0.0,"gold_gain":0.0,"event_name":"Cursed Tome","player_choice":"Ignored","floor":21.0,"gold_loss":0.0,"damage_taken":0.0},{"damage_healed":0.0,"max_hp_gain":5.0,"max_hp_loss":0.0,"gold_gain":0.0,"event_name":"Forgotten Altar","player_choice":"Shed Blood","floor":22.0,"gold_loss":0.0,"damage_taken":19.0},{"damage_healed":0.0,"max_hp_gain":0.0,"max_hp_loss":0.0,"gold_gain":99.0,"event_name":"Nest","player_choice":"Stole From Cult","floor":27.0,"gold_loss":0.0,"damage_taken":0.0},{"damage_healed":0.0,"max_hp_gain":0.0,"max_hp_loss":0.0,"gold_gain":0.0,"event_name":"Ghosts","player_choice":"Ignored","floor":30.0,"gold_loss":0.0,"damage_taken":0.0},{"damage_healed":0.0,"max_hp_gain":0.0,"max_hp_loss":0.0,"gold_gain":0.0,"event_name":"SensoryStone","player_choice":"Memory 3","floor":36.0,"gold_loss":0.0,"damage_taken":10.0},{"cards_removed":["Ball Lightning"],"damage_healed":0.0,"max_hp_gain":0.0,"max_hp_loss":0.0,"gold_gain":0.0,"event_name":"Falling","player_choice":"Removed Attack","floor":38.0,"gold_loss":0.0,"damage_taken":0.0},{"damage_healed":0.0,"max_hp_gain":0.0,"max_hp_loss":4.0,"gold_gain":0.0,"event_name":"Winding Halls","player_choice":"Max HP","floor":39.0,"gold_loss":0.0,"damage_taken":0.0},{"damage_healed":0.0,"max_hp_gain":0.0,"max_hp_loss":0.0,"gold_gain":0.0,"event_name":"MindBloom","player_choice":"Upgrade","floor":41.0,"gold_loss":0.0,"damage_taken":0.0,"cards_upgraded":["Defend_B","Defend_B","Defend_B","Defend_B","Dualcast","Cold Snap","Gash","Static Discharge","Cold Snap","Barrage","Gash","Compile Driver","Cold Snap","Ball Lightning","Biased Cognition","Enlightenment","Master of Strategy","Deep Breath","Capacitor","Defragment"],"relics_obtained":["Mark of the Bloom"]}],"is_beta":false,"boss_relics":[{"not_picked":["Pandora\u0027s Box","SlaversCollar"],"picked":"Ectoplasm"},{"not_picked":["Velvet Choker","Sozu"],"picked":"Cursed Key"}],"items_purged_floors":[20],"is_endless":false,"potions_floor_spawned":[1,10,11,16,18,19,24,28,31,33,35,40,42,44,45,47,48],"ascension_level":1}}