{"host":"4qkvkh7pd9qr2mca","time":1613328404,"event":{"mods":["AchievementEnabler","Act Like it!","BaseMod","Colored Map","Colored Powertips","Highlight Path","Minty Spire (QoL Compilation)","Pale of the Ancients","Permanent Neow","Quick Restart","Relic Stats","StSLib","SuperFastMode"],"gold_per_floor":[113,113,129,146,163,188,188,220,220,220,248,274,312,6,6,111,111,111,111,26,26,26,26,26,26,26,26,26,26,26,26,26,26,26,26,26,26,26,26,26,26,26,26,26,26,26,26,26,26,26],"floor_reached":51,"language":"ENG","playtime":2318,"items_purged":[],"score":1267,"play_id":"874e50f5-278e-4812-a532-b286e5a15e57","local_time":"20210214194644","is_ascension_mode":true,"campfire_choices":[{"data":"SandsOfTime","floor":7.0,"key":"SMITH"},{"floor":10.0,"key":"REST"},{"data":"Wish","floor":15.0,"key":"SMITH"},{"data":"Vault","floor":23.0,"key":"SMITH"},{"data":"Omniscience","floor":28.0,"key":"SMITH"},{"data":"Vault","floor":30,"key":"SMITH"},{"data":"Meditate","floor":32,"key":"SMITH"},{"data":"Blasphemy","floor":40,"key":"SMITH"},{"data":"Adaptation","floor":45,"key":"SMITH"},{"floor":49,"key":"REST"}],"circlet_count":0,"master_deck":["Strike_P","Strike_P","Strike_P","Defend_P","Defend_P","Defend_P","Defend_P","Eruption+1","Vigilance","Thinking Ahead","EmptyBody","SandsOfTime+1","Omniscience+1","Protect","JustLucky+1","Wish+1","EmptyFist+1","Meditate+1","FlurryOfBlows","Vault+1","FlurryOfBlows+1","TalkToTheHand","Crescendo+1","WaveOfTheHand","Consecrate","Vault+1","Vault+1","FlurryOfBlows+1","Blasphemy+1","MentalFortress","Adaptation+1","Tantrum+1","ClearTheMind+1","Protect+1","Panacea"],"relics":["PureWater","Gremlin Horn","Boot","CeramicFish","Question Card","Vajra","Whetstone","Ectoplasm","Orichalcum","Potion Belt","Omamori","Art of War","Akabeko","VioletLotus","Incense Burner","Bottled Tornado","MealTicket","Bronze Scales"],"acts_visited":["Exordium","TheCity","TheBeyond"],"potions_floor_usage":[39],"damage_taken":[{"damage":0.0,"enemies":"Cultist","floor":1.0,"turns":2.0},{"damage":0.0,"enemies":"Jaw Worm","floor":3.0,"turns":4.0},{"damage":3.0,"enemies":"2 Louse","floor":4.0,"turns":3.0},{"damage":0.0,"enemies":"Red Slaver","floor":5.0,"turns":5.0},{"damage":0.0,"enemies":"Lagavulin","floor":6.0,"turns":4.0},{"damage":32.0,"enemies":"Gremlin Nob","floor":8.0,"turns":3.0},{"damage":0.0,"enemies":"Lots of Slimes","floor":11.0,"turns":5.0},{"damage":0.0,"enemies":"Looter","floor":12.0,"turns":2.0},{"damage":0.0,"enemies":"Lagavulin","floor":13.0,"turns":4.0},{"damage":29.0,"enemies":"The Guardian","floor":16.0,"turns":7.0},{"damage":0.0,"enemies":"Chosen","floor":18.0,"turns":3.0},{"damage":1.0,"enemies":"Shell Parasite","floor":19.0,"turns":3.0},{"damage":2.0,"enemies":"3 Cultists","floor":21.0,"turns":6.0},{"damage":0.0,"enemies":"Sentry and Sphere","floor":22.0,"turns":3.0},{"damage":4.0,"enemies":"Book of Stabbing","floor":24.0,"turns":4.0},{"damage":0.0,"enemies":"Gremlin Leader","floor":27.0,"turns":3.0},{"damage":0,"enemies":"Shelled Parasite and Fungi","floor":29,"turns":3},{"damage":0,"enemies":"Book of Stabbing","floor":31,"turns":3},{"damage":8,"enemies":"Champ","floor":33,"turns":8},{"damage":0,"enemies":"3 Shapes","floor":35,"turns":1},{"damage":0,"enemies":"3 Darklings","floor":36,"turns":3},{"damage":0,"enemies":"Jaw Worm Horde","floor":37,"turns":3},{"damage":0,"enemies":"Transient","floor":39,"turns":6},{"damage":0,"enemies":"Nemesis","floor":41,"turns":5},{"damage":4,"enemies":"4 Shapes","floor":42,"turns":2},{"damage":0,"enemies":"Reptomancer","floor":46,"turns":4},{"damage":20,"enemies":"Nemesis","floor":48,"turns":5},{"damage":37,"enemies":"Awakened One","floor":50,"turns":8}],"seed_played":"1520064217130568562","potions_obtained":[{"floor":3.0,"key":"BlessingOfTheForge"},{"floor":6.0,"key":"BlessingOfTheForge"},{"floor":8.0,"key":"Energy Potion"},{"floor":11.0,"key":"EssenceOfSteel"},{"floor":19.0,"key":"SpeedPotion"},{"floor":27.0,"key":"Ambrosia"},{"floor":29,"key":"Dexterity Potion"},{"floor":31,"key":"Fire Potion"},{"floor":33,"key":"Strength Potion"},{"floor":36,"key":"PowerPotion"},{"floor":41,"key":"BlessingOfTheForge"},{"floor":48,"key":"DistilledChaos"}],"is_trial":false,"path_per_floor":["M","?","M","M","M","E","R","E","T","R","M","M","E","$","R","B",null,"M","M","?","M","M","R","E","?","T","E","R","M","R","E","R","B",null,"M","M","M","?","M","R","E","M","T","$","R","E","?","E","R","B",null],"character_chosen":"WATCHER","items_purchased":["Vajra","Whetstone"],"campfire_rested":2,"item_purchase_floors":[14,14],"current_hp_per_floor":[47,47,47,44,44,44,44,12,12,33,33,33,33,33,33,4,55,55,54,54,52,52,52,48,48,48,48,48,48,48,48,48,40,64,64,64,64,64,64,64,64,60,60,60,60,60,60,40,61,24],"gold":26,"neow_bonus":"RANDOM_COLORLESS_2","is_daily":false,"chose_seed":false,"campfire_upgraded":8,"win_rate":0.0,"timestamp":1613328404,"path_taken":["M","?","M","M","M","E","R","E","T","R","M","M","E","$","R","BOSS","M","M","?","M","M","R","E","?","T","E","R","M","R","E","R","BOSS","M","M","M","?","M","R","E","?","T","$","R","E","?","E","R","BOSS"],"items_purchased_type":["Relic","Relic"],"build_version":"2020-12-22","purchased_purges":0,"victory":true,"max_hp_per_floor":[72,72,72,72,72,72,72,72,72,72,72,72,72,72,72,72,72,72,72,72,72,72,72,72,72,72,72,72,72,72,72,72,72,72,72,72,72,72,72,72,72,72,72,72,72,72,72,72,72,72],"relic_stats":{"Gremlin Horn":[23,23],"counters":[28,112],"CeramicFish":36,"Whetstone":["JustLucky","EmptyFist"],"Orichalcum":[66],"Boot":[27],"Question Card":19,"Bronze Scales":[12],"MealTicket":0,"Ectoplasm":643,"VioletLotus":[7],"Art of War":[2],"obtain_stats":[{"Potion Belt":24,"Gremlin Horn":6,"CeramicFish":9,"Vajra":14,"Omamori":26,"Incense Burner":41,"Whetstone":14,"Orichalcum":20,"Bottled Tornado":43,"Boot":8,"Question Card":13,"Akabeko":31,"Bronze Scales":48,"MealTicket":46,"Ectoplasm":17,"VioletLotus":34,"Art of War":27,"PureWater":0},{"Potion Belt":15,"Gremlin Horn":5,"CeramicFish":6,"Vajra":9,"Omamori":15,"Incense Burner":24,"Whetstone":9,"Orichalcum":12,"Bottled Tornado":25,"Boot":6,"Question Card":9,"Akabeko":18,"Bronze Scales":27,"MealTicket":26,"Ectoplasm":10,"VioletLotus":19,"Art of War":16,"PureWater":0},{"Potion Belt":58,"Gremlin Horn":18,"CeramicFish":21,"Vajra":32,"Omamori":58,"Incense Burner":93,"Whetstone":32,"Orichalcum":45,"Bottled Tornado":95,"Boot":21,"Question Card":32,"Akabeko":67,"Bronze Scales":104,"MealTicket":99,"Ectoplasm":39,"VioletLotus":75,"Art of War":61,"PureWater":0}]},"card_choices":[{"not_picked":["Sadistic Nature","The Bomb"],"picked":"Thinking Ahead","floor":0.0},{"not_picked":["Prostrate","BowlingBash"],"picked":"EmptyBody","floor":1.0},{"not_picked":["SashWhip","ThirdEye"],"picked":"SandsOfTime","floor":3.0},{"not_picked":["LikeWater","CutThroughFate"],"picked":"Omniscience","floor":4.0},{"not_picked":["ThirdEye","ReachHeaven"],"picked":"Protect","floor":5.0},{"not_picked":["ForeignInfluence","CarveReality"],"picked":"JustLucky","floor":6.0},{"not_picked":["Crescendo","Halt"],"picked":"Wish","floor":8.0},{"not_picked":["Weave","CutThroughFate"],"picked":"EmptyFist","floor":11.0},{"not_picked":["Prostrate","FollowUp"],"picked":"Meditate","floor":12.0},{"not_picked":["FlyingSleeves","Fasting2"],"picked":"FlurryOfBlows","floor":13.0},{"not_picked":["Judgement","Wish","ConjureBlade"],"picked":"Vault","floor":16.0},{"not_picked":["EmptyBody+1","FlyingSleeves","Vengeance+1"],"picked":"FlurryOfBlows+1","floor":18.0},{"not_picked":["Consecrate+1","Protect+1","SashWhip"],"picked":"TalkToTheHand","floor":19.0},{"not_picked":["EmptyBody","SashWhip","Vengeance"],"picked":"Crescendo+1","floor":21.0},{"not_picked":["CutThroughFate","ClearTheMind","Consecrate"],"picked":"WaveOfTheHand","floor":22.0},{"not_picked":["FollowUp","PathToVictory","Weave+1"],"picked":"Consecrate","floor":24.0},{"not_picked":["EmptyBody+1","ThirdEye","FollowUp+1","Prostrate"],"picked":"SKIP","floor":27.0},{"not_picked":["BowlingBash+1","Swivel+1","EmptyBody"],"picked":"Vault","floor":29},{"not_picked":["WheelKick+1","BattleHymn","ClearTheMind"],"picked":"FlurryOfBlows+1","floor":31},{"not_picked":["DevaForm","Judgement","ConjureBlade"],"picked":"Blasphemy","floor":33},{"not_picked":["FlyingSleeves+1","CutThroughFate+1","Evaluate+1"],"picked":"MentalFortress","floor":35},{"not_picked":["CarveReality","Crescendo","ClearTheMind"],"picked":"Adaptation","floor":36},{"not_picked":["ForeignInfluence+1","CutThroughFate+1","ClearTheMind"],"picked":"Tantrum+1","floor":37},{"not_picked":["Vengeance+1","WreathOfFlame","BattleHymn"],"picked":"ClearTheMind+1","floor":39},{"not_picked":["ForeignInfluence+1","CutThroughFate+1","Halt+1","Protect+1"],"picked":"SKIP","floor":41},{"not_picked":["ForeignInfluence+1","CutThroughFate+1","Halt+1"],"picked":"Protect+1","floor":41},{"not_picked":["ThirdEye","ClearTheMind","Vengeance+1","EmptyFist+1"],"picked":"SKIP","floor":42},{"not_picked":["ReachHeaven+1","Worship+1","Conclude+1","CutThroughFate"],"picked":"SKIP","floor":46},{"not_picked":["Blind","HandOfGreed","Deep Breath"],"picked":"Panacea","floor":47},{"not_picked":["Adaptation","CrushJoints","Protect+1","Halt"],"picked":"SKIP","floor":48}],"player_experience":631134,"relics_obtained":[{"floor":6.0,"key":"Gremlin Horn"},{"floor":8.0,"key":"Boot"},{"floor":9.0,"key":"CeramicFish"},{"floor":13.0,"key":"Question Card"},{"floor":24.0,"key":"Potion Belt"},{"floor":26.0,"key":"Omamori"},{"floor":27.0,"key":"Art of War"},{"floor":31,"key":"Akabeko"},{"floor":41,"key":"Incense Burner"},{"floor":43,"key":"Bottled Tornado"},{"floor":46,"key":"MealTicket"},{"floor":48,"key":"Bronze Scales"}],"event_choices":[{"damage_healed":0.0,"max_hp_gain":0.0,"max_hp_loss":0.0,"gold_gain":0.0,"event_name":"Living Wall","player_choice":"Grow","floor":2.0,"gold_loss":0.0,"damage_taken":0.0,"cards_upgraded":["Eruption"]},{"damage_healed":0.0,"max_hp_gain":0.0,"max_hp_loss":0.0,"gold_gain":0.0,"event_name":"Addict","player_choice":"Obtained Relic","floor":20.0,"gold_loss":85.0,"damage_taken":0.0,"relics_obtained":["Orichalcum"]},{"damage_healed":0.0,"max_hp_gain":0.0,"max_hp_loss":0.0,"gold_gain":0.0,"event_name":"Duplicator","player_choice":"Copied","floor":25.0,"gold_loss":0.0,"damage_taken":0.0,"cards_obtained":["Vault"]},{"cards_removed":["Strike_P"],"damage_healed":0,"gold_gain":0,"player_choice":"Offered Basic","damage_taken":0,"max_hp_gain":0,"max_hp_loss":0,"event_name":"Bonfire Elementals","floor":38,"gold_loss":0},{"damage_healed":0,"gold_gain":0,"player_choice":"Memory 1","damage_taken":0,"max_hp_gain":0,"max_hp_loss":0,"event_name":"SensoryStone","floor":47,"gold_loss":0}],"is_beta":false,"boss_relics":[{"not_picked":["Fusion Hammer","Empty Cage"],"picked":"Ectoplasm"},{"not_picked":["Velvet Choker","Busted Crown"],"picked":"VioletLotus"}],"items_purged_floors":[],"is_endless":false,"potions_floor_spawned":[3,6,8,11,19,27,29,31,33,36,37,41,46,48],"ascension_level":6}}