{"host":"8o45mh5p3pp1o2mi","time":1613262350,"event":{"mods":["BaseMod","Bestiary","Better Match","Better Third Choice","BetterRewards","Dark Map","Downfall","Fox Events","Minty Spire (QoL Compilation)","Rare Cards Sparkle","Relic Stats","Replay The Spire","Shop Mod","Spire Exporter","StSLib","everything is the same but u backflip on backflip"],"gold_per_floor":[99,99,99,99,99,99,99,183,219,245,272,311,211,211,231,336,336,345,364,393,63,63,63,63,72,81,117,117,117,117],"floor_reached":28,"language":"ENG","playtime":1459,"items_purged":["hexamod:Defend"],"score":247,"play_id":"f9c18eb3-c27c-4e30-a487-dfbd346cbeac","local_time":"20210214002550","is_ascension_mode":false,"campfire_choices":[{"floor":1,"key":"RECALL"},{"data":"hexamod:Sear","floor":6,"key":"SMITH"},{"data":"hexamod:GiftsFromTheDead","floor":13,"key":"SMITH"},{"data":"hexamod:ParanormalForm","floor":23,"key":"SMITH"}],"circlet_count":0,"master_deck":["hexamod:Strike","hexamod:Strike","hexamod:Strike","hexamod:Defend","hexamod:Defend","hexamod:Defend","hexamod:Sear+1","hexamod:Float","hexamod:BacktrackSmack","hexamod:FlamesFromBeyond","hexamod:DynamicBlow","hexamod:FirstSeal","hexamod:NightmareGuise","hexamod:GiftsFromTheDead+1","hexamod:RainOfEmbers","hexamod:BurningTouch","hexamod:PhantomFireball","hexamod:FastForward","hexamod:ParanormalForm+1","hexamod:WildfireWeapon","hexamod:SecondSeal","hexamod:NightmareStrike+1","hexamod:AdvancingGuard+1","hexamod:ThirdSeal","hexamod:Haunt","hexamod:UnleashSpirits","Pride","hexamod:GiftsFromTheDead+1","hexamod:SpectersWail"],"relics":["hexamod:SpiritBrand","downfall:HeartsMalice","StoneCalendar","CeramicFish","Replay:Wax Seal","downfall:HeartBlessingRed","Dream Catcher","hexamod:IceCube","Snack Pack","Blue Candle"],"acts_visited":["Exordium","TheCity"],"potions_floor_usage":[16,16,19,20,28],"damage_taken":[{"damage":0,"enemies":"Small Slimes","floor":3,"turns":1},{"damage":0,"enemies":"Cultist","floor":5,"turns":1},{"damage":0,"enemies":"Gremlin Nob","floor":9,"turns":1},{"damage":2,"enemies":"2 Louse","floor":10,"turns":3},{"damage":1,"enemies":"Large Slime","floor":11,"turns":4},{"damage":17,"enemies":"3 Sentries","floor":12,"turns":6},{"damage":4,"enemies":"Blue Slaver","floor":15,"turns":3},{"damage":22,"enemies":"WA_ARCHETYPE_RETAIN","floor":16,"turns":6},{"damage":15,"enemies":"downfall:LooterAlt2","floor":19,"turns":5},{"damage":12,"enemies":"Shell Parasite","floor":20,"turns":4},{"damage":0,"enemies":"downfall:FleeingMerchant","floor":21,"turns":4},{"damage":7,"enemies":"Chosen and Byrds","floor":27,"turns":5},{"damage":71,"enemies":"Book of Stabbing","floor":28,"turns":4}],"seed_played":"5733393491778740445","potions_obtained":[{"floor":9,"key":"LiquidMemories"},{"floor":10,"key":"DistilledChaos"},{"floor":12,"key":"sneckomod:MuddlingPotion"},{"floor":15,"key":"EntropicBrew"},{"floor":27,"key":"Strength Potion"}],"is_trial":false,"path_per_floor":["R","?","M","?","M","R","T","?","E","M","M","E","R","T","M","B",null,"R","M","M","$","?","R","T","?","?","M","E"],"character_chosen":"THE_SPIRIT","items_purchased":["hexamod:ThirdSeal","hexamod:Haunt","hexamod:UnleashSpirits"],"campfire_rested":0,"item_purchase_floors":[21,21,21],"current_hp_per_floor":[70,70,70,70,70,70,70,70,70,70,70,60,60,60,63,41,70,70,55,59,66,66,66,66,66,66,68,0,0,0],"gold":117,"neow_bonus":"THREE_ENEMY_KILL","is_daily":false,"chose_seed":false,"campfire_upgraded":3,"win_rate":0.0,"timestamp":1613262350,"path_taken":["R","?","?","?","M","R","T","?","E","M","M","E","R","?","M","BOSS","R","M","M","$","?","R","T","?","?","M","E"],"items_purchased_type":["Card","Card","Card"],"build_version":"2020-12-22","purchased_purges":1,"victory":false,"max_hp_per_floor":[70,70,70,70,70,70,70,70,70,70,70,70,70,70,70,70,70,70,70,70,70,70,70,70,70,70,70,70,70,70],"relic_stats":{"Dream Catcher":0,"counters":[13,44],"CeramicFish":144,"Blue Candle":[2],"StoneCalendar":[0],"obtain_stats":[{"Dream Catcher":14,"downfall:HeartBlessingRed":13,"CeramicFish":9,"Blue Candle":25,"downfall:HeartsMalice":0,"StoneCalendar":7,"Snack Pack":24,"Replay:Wax Seal":12,"hexamod:SpiritBrand":0,"hexamod:IceCube":17},{"Dream Catcher":6,"downfall:HeartBlessingRed":6,"CeramicFish":3,"Blue Candle":11,"downfall:HeartsMalice":0,"StoneCalendar":2,"Snack Pack":11,"Replay:Wax Seal":6,"hexamod:SpiritBrand":0,"hexamod:IceCube":8},{"Dream Catcher":13,"downfall:HeartBlessingRed":13,"CeramicFish":0,"Blue Candle":35,"downfall:HeartsMalice":0,"StoneCalendar":0,"Snack Pack":35,"Replay:Wax Seal":13,"hexamod:SpiritBrand":0,"hexamod:IceCube":22}]},"card_choices":[{"not_picked":["hexamod:NightmareGuise","hexamod:SwordOfDarkness"],"picked":"hexamod:BacktrackSmack","floor":3},{"not_picked":["hexamod:HeatMetal","hexamod:SpectersWail"],"picked":"hexamod:FlamesFromBeyond","floor":5},{"not_picked":["hexamod:GhostShield","hexamod:Firestarter"],"picked":"hexamod:DynamicBlow","floor":8},{"not_picked":["hexamod:AdvancingGuard","hexamod:SwordOfDarkness"],"picked":"hexamod:FirstSeal","floor":8},{"not_picked":["hexamod:FlamesFromBeyond","hexamod:InspiringFlames"],"picked":"hexamod:NightmareGuise","floor":8},{"not_picked":["hexamod:UnleashSpirits","hexamod:Firestarter"],"picked":"hexamod:GiftsFromTheDead","floor":9},{"not_picked":["hexamod:SwordOfDarkness","hexamod:HeatCrush"],"picked":"hexamod:RainOfEmbers","floor":10},{"not_picked":["hexamod:AdvancingGuard","hexamod:GhostLash"],"picked":"hexamod:BurningTouch","floor":11},{"not_picked":["hexamod:GhostOfSpirePast","hexamod:SwordOfDarkness"],"picked":"hexamod:PhantomFireball","floor":12},{"not_picked":["hexamod:BacktrackSmack","hexamod:ThermalTransfer"],"picked":"hexamod:FastForward","floor":15},{"not_picked":["hexamod:UnlimitedPower","hexamod:FifthSeal"],"picked":"hexamod:ParanormalForm","floor":16},{"not_picked":["hexamod:SpectersWail+1","hexamod:FlamesFromBeyond"],"picked":"hexamod:SecondSeal","floor":19},{"not_picked":["hexamod:RainOfEmbers","hexamod:SwordOfDarkness+1"],"picked":"hexamod:NightmareStrike+1","floor":20},{"not_picked":["hexamod:SwordOfDarkness","hexamod:FastForward+1"],"picked":"hexamod:AdvancingGuard+1","floor":21},{"not_picked":["hexamod:Firestarter","hexamod:SecondSeal"],"picked":"hexamod:SpectersWail","floor":27},{"not_picked":["hexamod:Rewind","hexamod:GhostOfSpireFuture","hexamod:HeatCrush"],"picked":"SKIP","floor":27}],"player_experience":197890,"relics_obtained":[{"floor":7,"key":"StoneCalendar"},{"floor":9,"key":"CeramicFish"},{"floor":12,"key":"Replay:Wax Seal"},{"floor":14,"key":"Dream Catcher"},{"floor":24,"key":"Snack Pack"}],"event_choices":[{"cards_removed":["Survivor"],"damage_healed":0,"gold_gain":0,"player_choice":"Took Card","damage_taken":0,"max_hp_gain":0,"max_hp_loss":0,"event_name":"NoteForYourself","floor":2,"gold_loss":0,"cards_obtained":["Survivor"]},{"damage_healed":0,"gold_gain":0,"player_choice":"Stole Relic","damage_taken":0,"relics_obtained":["Blue Candle"],"max_hp_gain":0,"max_hp_loss":0,"event_name":"Addict","floor":25,"gold_loss":0,"cards_obtained":["Pride"]}],"is_beta":false,"boss_relics":[{"not_picked":["Replay:Grab Bag","Black Star"],"picked":"hexamod:IceCube"}],"items_purged_floors":[21],"is_endless":false,"potions_floor_spawned":[9,10,12,15,27],"killed_by":"Book of Stabbing","ascension_level":0}}