{"host":"0mhttqdumuceah7q","time":1613291744,"event":{"mods":["AchievementEnabler","BaseMod","Colored Map","DeckTracker","Minty Spire (QoL Compilation)","Permanent Neow"],"gold_per_floor":[118,134,154,168,179,204,216,246,258,270,302,325,354,391,403,415,415],"floor_reached":16,"language":"KOR","playtime":631,"items_purged":[],"score":143,"play_id":"5581ebf0-b90d-4d10-826c-840c190e5ebc","local_time":"20210214173544","is_ascension_mode":false,"campfire_choices":[{"data":"Eruption","floor":7,"key":"SMITH"},{"floor":10,"key":"REST"},{"data":"ClearTheMind","floor":15,"key":"SMITH"}],"circlet_count":0,"master_deck":["Strike_P","Strike_P","Strike_P","Strike_P","Defend_P","Eruption+1","Vigilance","Prostrate+1","InnerPeace+1","FearNoEvil+1","FollowUp","Tantrum","EmptyFist","ClearTheMind+1","CrushJoints","FollowUp","TalkToTheHand","ForeignInfluence","FlyingSleeves","Consecrate","Scrawl"],"relics":["Astrolabe","MawBank","Ornamental Fan","Boot"],"acts_visited":["Exordium"],"potions_floor_usage":[14,14,14],"damage_taken":[{"damage":0,"enemies":"Cultist","floor":1,"turns":2},{"damage":7,"enemies":"Jaw Worm","floor":2,"turns":2},{"damage":8,"enemies":"Small Slimes","floor":3,"turns":2},{"damage":6,"enemies":"3 Louse","floor":4,"turns":2},{"damage":6,"enemies":"Looter","floor":5,"turns":2},{"damage":18,"enemies":"Lagavulin","floor":6,"turns":5},{"damage":17,"enemies":"2 Fungi Beasts","floor":8,"turns":3},{"damage":9,"enemies":"Red Slaver","floor":11,"turns":2},{"damage":0,"enemies":"Lots of Slimes","floor":12,"turns":3},{"damage":0,"enemies":"Looter","floor":13,"turns":2},{"damage":0,"enemies":"Gremlin Nob","floor":14,"turns":2},{"damage":22,"enemies":"The Guardian","floor":16,"turns":5}],"seed_played":"5599417560556178235","potions_obtained":[{"floor":1,"key":"Dexterity Potion"},{"floor":3,"key":"BlessingOfTheForge"},{"floor":8,"key":"PowerPotion"}],"is_trial":false,"path_per_floor":["M","M","M","M","M","E","R","M","T","R","M","M","M","E","R","B"],"character_chosen":"WATCHER","items_purchased":[],"campfire_rested":1,"item_purchase_floors":[],"current_hp_per_floor":[72,65,57,51,45,27,27,10,10,31,22,22,22,22,22,0,0],"gold":415,"neow_bonus":"BOSS_RELIC","is_daily":false,"chose_seed":false,"campfire_upgraded":2,"win_rate":0.0,"timestamp":1613291744,"path_taken":["M","M","M","M","M","E","R","M","T","R","M","M","M","E","R","BOSS"],"items_purchased_type":[],"build_version":"2020-12-22","purchased_purges":0,"victory":false,"max_hp_per_floor":[72,72,72,72,72,72,72,72,72,72,72,72,72,72,72,72,72],"card_choices":[{"not_picked":["MentalFortress","Evaluate"],"picked":"FollowUp","floor":1},{"not_picked":["Crescendo","SashWhip"],"picked":"Tantrum","floor":2},{"not_picked":["FollowUp","Perseverance"],"picked":"EmptyFist","floor":3},{"not_picked":["CarveReality","BowlingBash"],"picked":"ClearTheMind","floor":4},{"not_picked":["SandsOfTime","DevaForm"],"picked":"CrushJoints","floor":5},{"not_picked":["FlurryOfBlows","Halt"],"picked":"FollowUp","floor":6},{"not_picked":["FearNoEvil","SashWhip"],"picked":"TalkToTheHand","floor":8},{"not_picked":["Weave","ClearTheMind"],"picked":"ForeignInfluence","floor":11},{"not_picked":["Collect","InnerPeace"],"picked":"FlyingSleeves","floor":12},{"not_picked":["CutThroughFate","PathToVictory"],"picked":"Consecrate","floor":13},{"not_picked":["DevaForm","SignatureMove"],"picked":"Scrawl","floor":14}],"player_experience":68427,"relics_obtained":[{"floor":6,"key":"MawBank"},{"floor":9,"key":"Ornamental Fan"},{"floor":14,"key":"Boot"}],"event_choices":[],"is_beta":false,"boss_relics":[],"items_purged_floors":[],"is_endless":false,"potions_floor_spawned":[1,3,8,12,13],"killed_by":"The Guardian","ascension_level":0}}